DATE,PRICE,VOLUME
2018-02-25 17:59:59,0.02235900,0.17000000
2018-02-25 17:59:59,0.02235800,1.13000000
2018-02-25 18:00:00,0.02237000,0.48000000
2018-02-25 18:00:01,0.02235800,0.30000000
2018-02-25 18:00:03,0.02237000,0.44000000
2018-02-25 18:00:04,0.02235800,2.38000000
2018-02-25 18:00:04,0.02237000,5.26000000
2018-02-25 18:00:08,0.02237000,1.20000000
2018-02-25 18:00:08,0.02235800,0.39000000
2018-02-25 18:00:10,0.02237000,0.14000000
2018-02-25 18:00:11,0.02237000,0.63000000
2018-02-25 18:00:11,0.02237000,0.45000000
2018-02-25 18:00:12,0.02236800,0.11000000
2018-02-25 18:00:16,0.02236800,0.11000000
2018-02-25 18:00:17,0.02236800,0.06000000
2018-02-25 18:00:19,0.02236800,0.52000000
2018-02-25 18:00:19,0.02236800,0.09000000
2018-02-25 18:00:21,0.02236800,0.11000000
2018-02-25 18:00:22,0.02236800,3.47000000
2018-02-25 18:00:22,0.02237000,62.45000000
2018-02-25 18:00:30,0.02236800,0.36000000
2018-02-25 18:00:32,0.02237000,0.28000000
2018-02-25 18:00:34,0.02237000,4.67000000
2018-02-25 18:00:34,0.02237000,1.50000000
2018-02-25 18:00:37,0.02236900,0.07000000
2018-02-25 18:00:37,0.02237000,0.12000000
2018-02-25 18:00:37,0.02237000,0.57000000
2018-02-25 18:00:37,0.02237000,9.01000000
2018-02-25 18:00:38,0.02236800,1.44000000
2018-02-25 18:00:38,0.02235900,5.40000000
2018-02-25 18:00:40,0.02236000,1.00000000
2018-02-25 18:00:42,0.02236000,4.20000000
2018-02-25 18:00:44,0.02238800,0.10000000
2018-02-25 18:00:46,0.02236300,0.14000000
2018-02-25 18:00:46,0.02236300,0.11000000
2018-02-25 18:00:51,0.02236300,0.48000000
2018-02-25 18:00:51,0.02236300,0.10000000
2018-02-25 18:00:52,0.02238800,0.03000000
2018-02-25 18:00:52,0.02239200,1.03000000
2018-02-25 18:00:54,0.02239200,0.38000000
2018-02-25 18:00:54,0.02239200,0.01000000
2018-02-25 18:00:56,0.02237000,2.80000000
2018-02-25 18:00:57,0.02236300,1.09000000
2018-02-25 18:01:01,0.02238800,0.37000000
2018-02-25 18:01:01,0.02239200,0.07000000
2018-02-25 18:01:04,0.02239200,0.44000000
2018-02-25 18:01:04,0.02236300,5.32000000
2018-02-25 18:01:10,0.02236300,4.39000000
2018-02-25 18:01:10,0.02236000,0.08000000
2018-02-25 18:01:10,0.02235900,0.83000000
2018-02-25 18:01:10,0.02235800,19.60000000
2018-02-25 18:01:11,0.02236300,9.44000000
2018-02-25 18:01:11,0.02236300,1.08000000
2018-02-25 18:01:11,0.02239100,1.00000000
2018-02-25 18:01:13,0.02236400,1.00000000
2018-02-25 18:01:13,0.02236300,3.00000000
2018-02-25 18:01:16,0.02236300,1.34000000
2018-02-25 18:01:16,0.02236300,0.34000000
2018-02-25 18:01:21,0.02236800,0.44000000
2018-02-25 18:01:22,0.02236800,0.44000000
2018-02-25 18:01:29,0.02236500,4.79000000
2018-02-25 18:01:29,0.02236600,0.50000000
2018-02-25 18:01:29,0.02236800,8.46000000
2018-02-25 18:01:29,0.02236900,1.24000000
2018-02-25 18:01:29,0.02239100,1.34000000
2018-02-25 18:01:29,0.02239200,0.92000000
2018-02-25 18:01:29,0.02239900,1.21000000
2018-02-25 18:01:29,0.02240000,0.65000000
2018-02-25 18:01:30,0.02234200,1.83000000
2018-02-25 18:01:31,0.02239800,0.44000000
2018-02-25 18:01:37,0.02234300,0.44000000
2018-02-25 18:01:37,0.02234200,0.09000000
2018-02-25 18:01:37,0.02233700,0.71000000
2018-02-25 18:01:38,0.02236200,1.83000000
2018-02-25 18:01:38,0.02236400,0.67000000
2018-02-25 18:01:38,0.02237500,6.09000000
2018-02-25 18:01:38,0.02239700,0.44000000
2018-02-25 18:01:38,0.02239800,1.89000000
2018-02-25 18:01:38,0.02239900,3.41000000
2018-02-25 18:01:38,0.02234400,3.12000000
2018-02-25 18:01:38,0.02239800,0.51000000
2018-02-25 18:01:40,0.02235400,3.59000000
2018-02-25 18:01:42,0.02235300,0.51000000
2018-02-25 18:01:42,0.02235200,1.54000000
2018-02-25 18:01:45,0.02234500,0.89000000
2018-02-25 18:01:45,0.02234500,0.08000000
2018-02-25 18:01:47,0.02235000,1.34000000
2018-02-25 18:01:48,0.02235000,1.24000000
2018-02-25 18:01:49,0.02235000,0.02000000
2018-02-25 18:01:49,0.02235000,0.17000000
2018-02-25 18:01:50,0.02235000,7.16000000
2018-02-25 18:01:53,0.02235000,1.00000000
2018-02-25 18:01:53,0.02235000,0.10000000
2018-02-25 18:01:53,0.02235000,1.12000000
2018-02-25 18:01:56,0.02236800,0.97000000
2018-02-25 18:01:56,0.02235000,1.34000000
2018-02-25 18:01:56,0.02235000,0.67000000
2018-02-25 18:01:57,0.02235000,2.44000000
2018-02-25 18:01:59,0.02235000,4.55000000
2018-02-25 18:01:59,0.02235000,5.42000000
2018-02-25 18:01:59,0.02235000,5.74000000
2018-02-25 18:02:00,0.02235000,0.17000000
2018-02-25 18:02:01,0.02235000,0.56000000
2018-02-25 18:02:03,0.02235000,12.96000000
2018-02-25 18:02:03,0.02235000,21.56000000
2018-02-25 18:02:03,0.02234500,0.01000000
2018-02-25 18:02:03,0.02234400,0.09000000
2018-02-25 18:02:03,0.02234300,0.09000000
2018-02-25 18:02:03,0.02234200,0.09000000
2018-02-25 18:02:03,0.02233700,1.13000000
2018-02-25 18:02:03,0.02233600,3.80000000
2018-02-25 18:02:03,0.02233400,3.27000000
2018-02-25 18:02:03,0.02233300,1.02000000
2018-02-25 18:02:03,0.02233100,0.13000000
2018-02-25 18:02:03,0.02233000,3.22000000
2018-02-25 18:02:03,0.02235200,0.08000000
2018-02-25 18:02:04,0.02235200,0.01000000
2018-02-25 18:02:08,0.02234900,0.13000000
2018-02-25 18:02:08,0.02234900,0.09000000
2018-02-25 18:02:09,0.02234400,0.09000000
2018-02-25 18:02:09,0.02234300,0.09000000
2018-02-25 18:02:09,0.02234200,0.09000000
2018-02-25 18:02:09,0.02233700,0.09000000
2018-02-25 18:02:09,0.02233600,0.09000000
2018-02-25 18:02:09,0.02233400,0.09000000
2018-02-25 18:02:09,0.02233300,0.09000000
2018-02-25 18:02:09,0.02233100,0.09000000
2018-02-25 18:02:09,0.02233000,1.47000000
2018-02-25 18:02:09,0.02232900,1.34000000
2018-02-25 18:02:11,0.02234900,4.58000000
2018-02-25 18:02:11,0.02235000,0.60000000
2018-02-25 18:02:14,0.02234900,0.08000000
2018-02-25 18:02:14,0.02234900,0.01000000
2018-02-25 18:02:14,0.02234400,0.09000000
2018-02-25 18:02:14,0.02234300,0.09000000
2018-02-25 18:02:14,0.02234200,0.09000000
2018-02-25 18:02:14,0.02233700,0.09000000
2018-02-25 18:02:14,0.02233600,0.09000000
2018-02-25 18:02:14,0.02233400,0.09000000
2018-02-25 18:02:14,0.02233300,0.09000000
2018-02-25 18:02:14,0.02233100,0.09000000
2018-02-25 18:02:14,0.02233000,0.09000000
2018-02-25 18:02:14,0.02232900,3.44000000
2018-02-25 18:02:14,0.02232800,28.41000000
2018-02-25 18:02:15,0.02234400,0.09000000
2018-02-25 18:02:15,0.02234300,0.09000000
2018-02-25 18:02:15,0.02234200,0.09000000
2018-02-25 18:02:15,0.02233700,0.09000000
2018-02-25 18:02:15,0.02233600,0.09000000
2018-02-25 18:02:15,0.02233400,0.09000000
2018-02-25 18:02:15,0.02233300,0.09000000
2018-02-25 18:02:15,0.02233100,0.09000000
2018-02-25 18:02:15,0.02233000,0.09000000
2018-02-25 18:02:15,0.02232800,3.28000000
2018-02-25 18:02:15,0.02234400,0.08000000
2018-02-25 18:02:17,0.02234400,0.01000000
2018-02-25 18:02:17,0.02234300,0.09000000
2018-02-25 18:02:17,0.02234200,0.09000000
2018-02-25 18:02:17,0.02233700,0.09000000
2018-02-25 18:02:17,0.02233600,0.09000000
2018-02-25 18:02:17,0.02233400,0.09000000
2018-02-25 18:02:17,0.02232900,0.09000000
2018-02-25 18:02:17,0.02232800,2.55000000
2018-02-25 18:02:17,0.02232700,1.36000000
2018-02-25 18:02:17,0.02232700,5.37000000
2018-02-25 18:02:17,0.02232700,8.62000000
2018-02-25 18:02:18,0.02234400,0.08000000
2018-02-25 18:02:18,0.02234400,0.10000000
2018-02-25 18:02:18,0.02234300,0.09000000
2018-02-25 18:02:18,0.02234200,0.01000000
2018-02-25 18:02:20,0.02234300,0.08000000
2018-02-25 18:02:20,0.02234300,0.10000000
2018-02-25 18:02:21,0.02234200,0.17000000
2018-02-25 18:02:22,0.02234200,0.08000000
2018-02-25 18:02:23,0.02234200,0.01000000
2018-02-25 18:02:23,0.02233700,0.09000000
2018-02-25 18:02:23,0.02233600,0.09000000
2018-02-25 18:02:23,0.02233400,0.09000000
2018-02-25 18:02:23,0.02233100,0.09000000
2018-02-25 18:02:23,0.02233000,0.09000000
2018-02-25 18:02:23,0.02232900,0.09000000
2018-02-25 18:02:23,0.02232800,0.18000000
2018-02-25 18:02:23,0.02232700,11.02000000
2018-02-25 18:02:25,0.02234200,3.25000000
2018-02-25 18:02:25,0.02233700,0.09000000
2018-02-25 18:02:25,0.02233600,0.09000000
2018-02-25 18:02:25,0.02233400,0.09000000
2018-02-25 18:02:25,0.02233100,0.09000000
2018-02-25 18:02:25,0.02233000,0.09000000
2018-02-25 18:02:25,0.02232900,0.09000000
2018-02-25 18:02:25,0.02232800,0.09000000
2018-02-25 18:02:25,0.02232700,16.91000000
2018-02-25 18:02:26,0.02234200,0.06000000
2018-02-25 18:02:26,0.02234200,0.03000000
2018-02-25 18:02:26,0.02234900,0.26000000
2018-02-25 18:02:26,0.02234800,0.09000000
2018-02-25 18:02:26,0.02234200,0.05000000
2018-02-25 18:02:26,0.02234800,0.09000000
2018-02-25 18:02:26,0.02234800,0.09000000
2018-02-25 18:02:27,0.02234200,0.06000000
2018-02-25 18:02:27,0.02234200,0.07000000
2018-02-25 18:02:31,0.02234200,0.09000000
2018-02-25 18:02:31,0.02233700,0.09000000
2018-02-25 18:02:31,0.02233600,0.09000000
2018-02-25 18:02:31,0.02233400,0.09000000
2018-02-25 18:02:31,0.02233100,0.05000000
2018-02-25 18:02:31,0.02234700,4.81000000
2018-02-25 18:02:31,0.02234800,0.01000000
2018-02-25 18:02:32,0.02234800,0.09000000
2018-02-25 18:02:32,0.02234700,0.09000000
2018-02-25 18:02:32,0.02234700,0.09000000
2018-02-25 18:02:32,0.02233700,0.06000000
2018-02-25 18:02:32,0.02233700,0.12000000
2018-02-25 18:02:32,0.02233600,0.09000000
2018-02-25 18:02:32,0.02233400,0.09000000
2018-02-25 18:02:32,0.02233100,0.06000000
2018-02-25 18:02:32,0.02233600,0.09000000
2018-02-25 18:02:32,0.02233100,0.07000000
2018-02-25 18:02:32,0.02233000,0.09000000
2018-02-25 18:02:32,0.02232900,0.09000000
2018-02-25 18:02:32,0.02232800,0.09000000
2018-02-25 18:02:32,0.02232700,54.93000000
2018-02-25 18:02:33,0.02233600,0.08000000
2018-02-25 18:02:33,0.02233600,0.01000000
2018-02-25 18:02:33,0.02233400,0.09000000
2018-02-25 18:02:33,0.02233100,0.18000000
2018-02-25 18:02:33,0.02233000,0.09000000
2018-02-25 18:02:33,0.02232700,0.65000000
2018-02-25 18:02:34,0.02233600,0.05000000
2018-02-25 18:02:35,0.02233600,0.04000000
2018-02-25 18:02:35,0.02233400,0.09000000
2018-02-25 18:02:35,0.02232900,0.09000000
2018-02-25 18:02:35,0.02232800,0.09000000
2018-02-25 18:02:35,0.02232700,1.67000000
2018-02-25 18:02:35,0.02233000,0.05000000
2018-02-25 18:02:35,0.02233600,0.08000000
2018-02-25 18:02:36,0.02233600,0.01000000
2018-02-25 18:02:36,0.02233400,0.09000000
2018-02-25 18:02:36,0.02233000,0.04000000
2018-02-25 18:02:36,0.02232900,0.09000000
2018-02-25 18:02:36,0.02232800,0.09000000
2018-02-25 18:02:36,0.02232700,0.51000000
2018-02-25 18:02:36,0.02234700,0.07000000
2018-02-25 18:02:36,0.02234800,0.37000000
2018-02-25 18:02:36,0.02233000,0.08000000
2018-02-25 18:02:36,0.02233600,0.09000000
2018-02-25 18:02:36,0.02233400,0.09000000
2018-02-25 18:02:36,0.02233000,0.10000000
2018-02-25 18:02:36,0.02232900,0.09000000
2018-02-25 18:02:36,0.02232700,8.75000000
2018-02-25 18:02:36,0.02232700,0.09000000
2018-02-25 18:02:36,0.02232700,2.03000000
2018-02-25 18:02:36,0.02234800,10.77000000
2018-02-25 18:02:37,0.02232800,0.09000000
2018-02-25 18:02:38,0.02234800,0.02000000
2018-02-25 18:02:38,0.02234800,0.09000000
2018-02-25 18:02:39,0.02234800,0.53000000
2018-02-25 18:02:39,0.02234800,1.34000000
2018-02-25 18:02:39,0.02234800,0.16000000
2018-02-25 18:02:39,0.02234800,0.47000000
2018-02-25 18:02:41,0.02234800,2.68000000
2018-02-25 18:02:41,0.02233600,0.09000000
2018-02-25 18:02:41,0.02233600,0.07000000
2018-02-25 18:02:42,0.02234900,0.53000000
2018-02-25 18:02:42,0.02235000,0.09000000
2018-02-25 18:02:43,0.02234900,0.09000000
2018-02-25 18:02:43,0.02233600,0.02000000
2018-02-25 18:02:43,0.02233400,0.09000000
2018-02-25 18:02:43,0.02233000,0.18000000
2018-02-25 18:02:43,0.02232900,0.09000000
2018-02-25 18:02:43,0.02232800,0.09000000
2018-02-25 18:02:43,0.02232700,4.66000000
2018-02-25 18:02:44,0.02233600,0.09000000
2018-02-25 18:02:44,0.02233400,0.09000000
2018-02-25 18:02:44,0.02233000,0.09000000
2018-02-25 18:02:44,0.02232900,0.09000000
2018-02-25 18:02:44,0.02232700,0.42000000
2018-02-25 18:02:44,0.02233600,0.09000000
2018-02-25 18:02:45,0.02233400,0.08000000
2018-02-25 18:02:45,0.02233400,0.01000000
2018-02-25 18:02:45,0.02233000,0.09000000
2018-02-25 18:02:45,0.02232900,0.09000000
2018-02-25 18:02:45,0.02232800,0.06000000
2018-02-25 18:02:45,0.02232800,0.10000000
2018-02-25 18:02:46,0.02232800,0.20000000
2018-02-25 18:02:46,0.02233400,0.09000000
2018-02-25 18:02:46,0.02232800,0.01000000
2018-02-25 18:02:46,0.02232700,0.08000000
2018-02-25 18:02:47,0.02233400,0.09000000
2018-02-25 18:02:47,0.02233000,0.09000000
2018-02-25 18:02:47,0.02232900,0.09000000
2018-02-25 18:02:47,0.02232800,0.18000000
2018-02-25 18:02:47,0.02232700,4.19000000
2018-02-25 18:02:48,0.02233400,0.08000000
2018-02-25 18:02:49,0.02233400,0.10000000
2018-02-25 18:02:50,0.02233000,0.08000000
2018-02-25 18:02:51,0.02233000,0.10000000
2018-02-25 18:02:51,0.02232900,0.08000000
2018-02-25 18:02:52,0.02232900,0.10000000
2018-02-25 18:02:52,0.02232800,0.08000000
2018-02-25 18:02:53,0.02232800,0.10000000
2018-02-25 18:02:53,0.02233400,2.80000000
2018-02-25 18:02:53,0.02234700,0.93000000
2018-02-25 18:02:53,0.02234700,0.09000000
2018-02-25 18:02:53,0.02233400,0.09000000
2018-02-25 18:02:53,0.02232700,4.27000000
2018-02-25 18:02:59,0.02234700,3.80000000
2018-02-25 18:02:59,0.02234900,2.03000000
2018-02-25 18:02:59,0.02235000,1.01000000
2018-02-25 18:02:59,0.02235200,1.24000000
2018-02-25 18:02:59,0.02234900,0.08000000
2018-02-25 18:03:01,0.02234900,0.01000000
2018-02-25 18:03:01,0.02234700,0.09000000
2018-02-25 18:03:01,0.02233400,0.17000000
2018-02-25 18:03:01,0.02232700,0.01000000
2018-02-25 18:03:01,0.02233600,0.09000000
2018-02-25 18:03:01,0.02233600,0.09000000
2018-02-25 18:03:01,0.02233600,0.11000000
2018-02-25 18:03:01,0.02235200,0.02000000
2018-02-25 18:03:05,0.02233500,0.20000000
2018-02-25 18:03:05,0.02233500,0.06000000
2018-02-25 18:03:08,0.02233500,0.03000000
2018-02-25 18:03:08,0.02233400,0.09000000
2018-02-25 18:03:08,0.02232700,0.19000000
2018-02-25 18:03:10,0.02234600,1.20000000
2018-02-25 18:03:10,0.02234600,0.09000000
2018-02-25 18:03:11,0.02234600,3.68000000
2018-02-25 18:03:12,0.02235200,1.13000000
2018-02-25 18:03:13,0.02233500,0.16000000
2018-02-25 18:03:14,0.02235200,0.12000000
2018-02-25 18:03:15,0.02235200,0.10000000
2018-02-25 18:03:15,0.02237000,0.05000000
2018-02-25 18:03:16,0.02233700,1.12000000
2018-02-25 18:03:16,0.02237000,0.02000000
2018-02-25 18:03:16,0.02238400,0.46000000
2018-02-25 18:03:18,0.02238400,0.43000000
2018-02-25 18:03:18,0.02238500,4.30000000
2018-02-25 18:03:18,0.02238800,1.33000000
2018-02-25 18:03:19,0.02234100,0.64000000
2018-02-25 18:03:19,0.02238800,0.10000000
2018-02-25 18:03:22,0.02235300,0.48000000
2018-02-25 18:03:22,0.02238100,0.05000000
2018-02-25 18:03:25,0.02237800,0.44000000
2018-02-25 18:03:27,0.02237800,0.63000000
2018-02-25 18:03:27,0.02238000,0.16000000
2018-02-25 18:03:27,0.02238200,0.23000000
2018-02-25 18:03:27,0.02238300,3.89000000
2018-02-25 18:03:28,0.02235400,0.47000000
2018-02-25 18:03:30,0.02237800,5.69000000
2018-02-25 18:03:30,0.02238700,3.39000000
2018-02-25 18:03:30,0.02235400,0.27000000
2018-02-25 18:03:30,0.02235400,2.44000000
2018-02-25 18:03:30,0.02235200,0.57000000
2018-02-25 18:03:31,0.02237500,0.29000000
2018-02-25 18:03:34,0.02235200,1.01000000
2018-02-25 18:03:34,0.02234600,1.03000000
2018-02-25 18:03:35,0.02237500,0.62000000
2018-02-25 18:03:35,0.02237500,0.42000000
2018-02-25 18:03:35,0.02234800,0.70000000
2018-02-25 18:03:37,0.02238700,0.44000000
2018-02-25 18:03:40,0.02234800,0.06000000
2018-02-25 18:03:40,0.02234800,0.14000000
2018-02-25 18:03:40,0.02234800,0.47000000
2018-02-25 18:03:42,0.02235200,1.37000000
2018-02-25 18:03:42,0.02235400,5.44000000
2018-02-25 18:03:43,0.02235400,6.80000000
2018-02-25 18:03:43,0.02238600,0.24000000
2018-02-25 18:03:43,0.02238700,2.82000000
2018-02-25 18:03:43,0.02238800,2.68000000
2018-02-25 18:03:43,0.02238800,1.70000000
2018-02-25 18:03:43,0.02238800,0.95000000
2018-02-25 18:03:43,0.02238800,0.11000000
2018-02-25 18:03:43,0.02238800,1.50000000
2018-02-25 18:03:45,0.02238800,0.57000000
2018-02-25 18:03:45,0.02238800,0.14000000
2018-02-25 18:03:45,0.02238800,0.06000000
2018-02-25 18:03:45,0.02238800,5.49000000
2018-02-25 18:03:45,0.02238800,3.78000000
2018-02-25 18:03:45,0.02238800,0.44000000
2018-02-25 18:03:46,0.02238800,0.25000000
2018-02-25 18:03:46,0.02238800,0.05000000
2018-02-25 18:03:46,0.02238800,0.05000000
2018-02-25 18:03:46,0.02238800,6.37000000
2018-02-25 18:03:46,0.02238800,0.05000000
2018-02-25 18:03:47,0.02238800,0.11000000
2018-02-25 18:03:47,0.02238800,0.20000000
2018-02-25 18:03:49,0.02238800,0.15000000
2018-02-25 18:03:49,0.02234900,0.89000000
2018-02-25 18:03:49,0.02234800,0.02000000
2018-02-25 18:03:50,0.02235000,1.24000000
2018-02-25 18:03:50,0.02235000,3.50000000
2018-02-25 18:03:51,0.02235000,0.15000000
2018-02-25 18:03:57,0.02235000,1.92000000
2018-02-25 18:03:57,0.02234900,0.09000000
2018-02-25 18:03:57,0.02234800,0.16000000
2018-02-25 18:03:58,0.02234800,0.09000000
2018-02-25 18:03:58,0.02234800,0.09000000
2018-02-25 18:03:58,0.02234800,6.25000000
2018-02-25 18:03:58,0.02235000,0.44000000
2018-02-25 18:03:59,0.02235000,0.10000000
2018-02-25 18:03:59,0.02235000,0.66000000
2018-02-25 18:04:00,0.02235000,0.34000000
2018-02-25 18:04:01,0.02235000,0.01000000
2018-02-25 18:04:03,0.02238900,0.15000000
2018-02-25 18:04:03,0.02239200,0.13000000
2018-02-25 18:04:03,0.02239300,0.12000000
2018-02-25 18:04:03,0.02239400,0.89000000
2018-02-25 18:04:03,0.02239500,0.70000000
2018-02-25 18:04:03,0.02235200,0.35000000
2018-02-25 18:04:03,0.02239500,0.84000000
2018-02-25 18:04:03,0.02239900,1.14000000
2018-02-25 18:04:04,0.02238900,0.44000000
2018-02-25 18:04:04,0.02238900,0.13000000
2018-02-25 18:04:05,0.02238900,0.14000000
2018-02-25 18:04:06,0.02238900,0.39000000
2018-02-25 18:04:06,0.02235300,0.88000000
2018-02-25 18:04:11,0.02238700,0.35000000
2018-02-25 18:04:11,0.02238800,0.03000000
2018-02-25 18:04:11,0.02235500,1.24000000
2018-02-25 18:04:12,0.02235600,14.89000000
2018-02-25 18:04:13,0.02235300,0.13000000
2018-02-25 18:04:13,0.02235100,0.23000000
2018-02-25 18:04:13,0.02235000,0.08000000
2018-02-25 18:04:14,0.02235000,0.61000000
2018-02-25 18:04:16,0.02235500,7.13000000
2018-02-25 18:04:17,0.02235500,3.97000000
2018-02-25 18:04:20,0.02235000,7.21000000
2018-02-25 18:04:20,0.02237200,1.24000000
2018-02-25 18:04:20,0.02237400,14.89000000
2018-02-25 18:04:20,0.02237400,6.88000000
2018-02-25 18:04:20,0.02237400,11.41000000
2018-02-25 18:04:23,0.02235200,1.24000000
2018-02-25 18:04:25,0.02237000,0.12000000
2018-02-25 18:04:32,0.02237000,0.44000000
2018-02-25 18:04:34,0.02235800,1.78000000
2018-02-25 18:04:34,0.02235800,0.04000000
2018-02-25 18:04:36,0.02235800,0.01000000
2018-02-25 18:04:39,0.02235800,0.07000000
2018-02-25 18:04:40,0.02236300,0.44000000
2018-02-25 18:04:40,0.02235800,0.44000000
2018-02-25 18:04:44,0.02235600,0.48000000
2018-02-25 18:04:44,0.02235500,0.76000000
2018-02-25 18:04:44,0.02235500,0.48000000
2018-02-25 18:04:50,0.02236300,0.20000000
2018-02-25 18:04:50,0.02237000,2.70000000
2018-02-25 18:04:57,0.02235800,4.10000000
2018-02-25 18:05:00,0.02235800,0.21000000
2018-02-25 18:05:02,0.02235800,0.56000000
2018-02-25 18:05:03,0.02236000,1.34000000
2018-02-25 18:05:05,0.02236900,0.11000000
2018-02-25 18:05:09,0.02236000,0.44000000
2018-02-25 18:05:13,0.02236000,2.37000000
2018-02-25 18:05:13,0.02236000,0.01000000
2018-02-25 18:05:13,0.02235800,24.57000000
2018-02-25 18:05:13,0.02235500,39.16000000
2018-02-25 18:05:13,0.02235000,4.95000000
2018-02-25 18:05:13,0.02234800,0.46000000
2018-02-25 18:05:13,0.02234600,0.26000000
2018-02-25 18:05:13,0.02233200,1.07000000
2018-02-25 18:05:13,0.02232900,16.00000000
2018-02-25 18:05:13,0.02232800,2.57000000
2018-02-25 18:05:13,0.02232700,138.87000000
2018-02-25 18:05:13,0.02231700,0.11000000
2018-02-25 18:05:13,0.02231200,0.22000000
2018-02-25 18:05:13,0.02231000,0.42000000
2018-02-25 18:05:13,0.02230800,3.79000000
2018-02-25 18:05:13,0.02230600,3.72000000
2018-02-25 18:05:13,0.02230400,0.60000000
2018-02-25 18:05:13,0.02230300,0.14000000
2018-02-25 18:05:13,0.02230100,2.58000000
2018-02-25 18:05:13,0.02230000,9.83000000
2018-02-25 18:05:13,0.02229900,0.21000000
2018-02-25 18:05:13,0.02229100,0.66000000
2018-02-25 18:05:13,0.02229000,1.02000000
2018-02-25 18:05:13,0.02228200,0.30000000
2018-02-25 18:05:13,0.02228100,0.05000000
2018-02-25 18:05:13,0.02227900,0.08000000
2018-02-25 18:05:13,0.02227500,0.15000000
2018-02-25 18:05:13,0.02227400,2.48000000
2018-02-25 18:05:13,0.02227400,1.34000000
2018-02-25 18:05:13,0.02230000,0.09000000
2018-02-25 18:05:13,0.02230000,0.09000000
2018-02-25 18:05:13,0.02230000,0.09000000
2018-02-25 18:05:13,0.02230000,0.09000000
2018-02-25 18:05:14,0.02230000,0.09000000
2018-02-25 18:05:14,0.02230000,0.09000000
2018-02-25 18:05:14,0.02230000,0.09000000
2018-02-25 18:05:14,0.02230000,0.09000000
2018-02-25 18:05:14,0.02230000,7.94000000
2018-02-25 18:05:14,0.02230800,0.09000000
2018-02-25 18:05:14,0.02230600,0.09000000
2018-02-25 18:05:15,0.02232200,0.88000000
2018-02-25 18:05:15,0.02232300,4.30000000
2018-02-25 18:05:15,0.02232400,4.69000000
2018-02-25 18:05:15,0.02232700,0.39000000
2018-02-25 18:05:15,0.02232700,0.08000000
2018-02-25 18:05:16,0.02235800,16.00000000
2018-02-25 18:05:16,0.02235900,2.39000000
2018-02-25 18:05:16,0.02236000,2.38000000
2018-02-25 18:05:16,0.02236300,0.38000000
2018-02-25 18:05:16,0.02236300,0.12000000
2018-02-25 18:05:17,0.02236300,0.45000000
2018-02-25 18:05:17,0.02236300,1.08000000
2018-02-25 18:05:18,0.02236300,3.82000000
2018-02-25 18:05:18,0.02236300,0.39000000
2018-02-25 18:05:18,0.02236300,0.35000000
2018-02-25 18:05:18,0.02236300,1.33000000
2018-02-25 18:05:18,0.02236300,0.67000000
2018-02-25 18:05:18,0.02236300,0.82000000
2018-02-25 18:05:19,0.02236300,0.08000000
2018-02-25 18:05:19,0.02236300,0.60000000
2018-02-25 18:05:19,0.02236700,0.31000000
2018-02-25 18:05:19,0.02236700,0.29000000
2018-02-25 18:05:19,0.02236800,0.32000000
2018-02-25 18:05:19,0.02237000,2.16000000
2018-02-25 18:05:20,0.02236300,2.33000000
2018-02-25 18:05:21,0.02236300,0.54000000
2018-02-25 18:05:21,0.02236300,0.48000000
2018-02-25 18:05:22,0.02236300,0.41000000
2018-02-25 18:05:22,0.02236300,0.79000000
2018-02-25 18:05:23,0.02236300,3.52000000
2018-02-25 18:05:24,0.02236300,0.11000000
2018-02-25 18:05:25,0.02236300,2.22000000
2018-02-25 18:05:25,0.02236300,1.20000000
2018-02-25 18:05:26,0.02236300,0.24000000
2018-02-25 18:05:26,0.02236300,2.23000000
2018-02-25 18:05:27,0.02236700,0.40000000
2018-02-25 18:05:27,0.02236800,0.47000000
2018-02-25 18:05:27,0.02236300,1.50000000
2018-02-25 18:05:27,0.02236300,2.20000000
2018-02-25 18:05:27,0.02236300,1.00000000
2018-02-25 18:05:27,0.02236300,0.18000000
2018-02-25 18:05:27,0.02236300,0.11000000
2018-02-25 18:05:27,0.02236300,1.34000000
2018-02-25 18:05:27,0.02236300,0.41000000
2018-02-25 18:05:28,0.02236300,0.77000000
2018-02-25 18:05:28,0.02236300,0.20000000
2018-02-25 18:05:28,0.02236300,0.48000000
2018-02-25 18:05:28,0.02236300,0.17000000
2018-02-25 18:05:28,0.02236300,0.75000000
2018-02-25 18:05:28,0.02236300,0.08000000
2018-02-25 18:05:31,0.02236300,0.10000000
2018-02-25 18:05:32,0.02236300,0.05000000
2018-02-25 18:05:32,0.02236300,0.05000000
2018-02-25 18:05:32,0.02236300,0.10000000
2018-02-25 18:05:33,0.02236700,0.48000000
2018-02-25 18:05:33,0.02236800,0.39000000
2018-02-25 18:05:33,0.02236300,0.05000000
2018-02-25 18:05:33,0.02236300,0.10000000
2018-02-25 18:05:33,0.02236300,0.47000000
2018-02-25 18:05:35,0.02236700,0.72000000
2018-02-25 18:05:35,0.02236800,0.13000000
2018-02-25 18:05:35,0.02236300,0.22000000
2018-02-25 18:05:36,0.02236300,1.01000000
2018-02-25 18:05:36,0.02236300,0.11000000
2018-02-25 18:05:38,0.02236300,3.91000000
2018-02-25 18:05:38,0.02236300,5.70000000
2018-02-25 18:05:39,0.02236300,5.33000000
2018-02-25 18:05:39,0.02236300,0.05000000
2018-02-25 18:05:39,0.02236300,0.90000000
2018-02-25 18:05:40,0.02236300,0.14000000
2018-02-25 18:05:40,0.02236300,0.08000000
2018-02-25 18:05:40,0.02236300,0.47000000
2018-02-25 18:05:40,0.02236300,0.29000000
2018-02-25 18:05:41,0.02236300,28.91000000
2018-02-25 18:05:41,0.02235800,5.44000000
2018-02-25 18:05:44,0.02236700,2.06000000
2018-02-25 18:05:45,0.02236700,2.30000000
2018-02-25 18:05:45,0.02236800,1.94000000
2018-02-25 18:05:45,0.02237000,9.45000000
2018-02-25 18:05:45,0.02237000,1.26000000
2018-02-25 18:05:46,0.02237000,7.80000000
2018-02-25 18:05:46,0.02237000,1.01000000
2018-02-25 18:05:46,0.02237000,12.96000000
2018-02-25 18:05:46,0.02237000,3.38000000
2018-02-25 18:05:52,0.02237000,3.87000000
2018-02-25 18:05:54,0.02237000,0.33000000
2018-02-25 18:05:56,0.02234000,0.11000000
2018-02-25 18:06:04,0.02236900,0.62000000
2018-02-25 18:06:04,0.02236900,0.04000000
2018-02-25 18:06:04,0.02237000,0.69000000
2018-02-25 18:06:04,0.02237000,3.01000000
2018-02-25 18:06:04,0.02237000,1.01000000
2018-02-25 18:06:05,0.02237000,19.24000000
2018-02-25 18:06:10,0.02237000,0.10000000
2018-02-25 18:06:11,0.02236900,0.66000000
2018-02-25 18:06:13,0.02236300,1.52000000
2018-02-25 18:06:14,0.02236300,9.54000000
2018-02-25 18:06:17,0.02236300,11.54000000
2018-02-25 18:06:17,0.02236900,3.64000000
2018-02-25 18:06:17,0.02237000,7.70000000
2018-02-25 18:06:17,0.02236400,0.30000000
2018-02-25 18:06:31,0.02236400,6.90000000
2018-02-25 18:06:34,0.02236400,0.44000000
2018-02-25 18:06:35,0.02236400,0.08000000
2018-02-25 18:06:36,0.02236400,0.75000000
2018-02-25 18:06:36,0.02236400,0.09000000
2018-02-25 18:06:37,0.02236400,0.24000000
2018-02-25 18:06:37,0.02236300,3.12000000
2018-02-25 18:06:38,0.02236300,0.74000000
2018-02-25 18:06:42,0.02235000,2.06000000
2018-02-25 18:06:43,0.02235000,0.24000000
2018-02-25 18:06:43,0.02235000,7.26000000
2018-02-25 18:06:44,0.02235000,0.07000000
2018-02-25 18:06:45,0.02235000,0.94000000
2018-02-25 18:06:45,0.02235000,1.71000000
2018-02-25 18:06:46,0.02234900,0.05000000
2018-02-25 18:06:46,0.02234900,0.05000000
2018-02-25 18:06:47,0.02234900,0.13000000
2018-02-25 18:06:47,0.02235000,0.56000000
2018-02-25 18:06:48,0.02235000,2.65000000
2018-02-25 18:06:48,0.02235000,1.33000000
2018-02-25 18:06:49,0.02235000,0.26000000
2018-02-25 18:06:49,0.02235000,6.26000000
2018-02-25 18:06:49,0.02234200,0.23000000
2018-02-25 18:06:51,0.02235000,6.37000000
2018-02-25 18:06:51,0.02236300,3.62000000
2018-02-25 18:06:51,0.02234200,0.12000000
2018-02-25 18:06:51,0.02234100,0.41000000
2018-02-25 18:06:53,0.02236300,1.68000000
2018-02-25 18:06:53,0.02236300,0.55000000
2018-02-25 18:06:53,0.02236300,15.53000000
2018-02-25 18:06:53,0.02236400,20.88000000
2018-02-25 18:06:53,0.02236900,1.71000000
2018-02-25 18:06:53,0.02237000,14.34000000
2018-02-25 18:06:53,0.02237000,0.08000000
2018-02-25 18:06:53,0.02237000,9.09000000
2018-02-25 18:06:54,0.02237000,2.59000000
2018-02-25 18:06:55,0.02237000,9.38000000
2018-02-25 18:06:57,0.02236300,0.36000000
2018-02-25 18:06:57,0.02236300,0.18000000
2018-02-25 18:06:58,0.02236300,0.95000000
2018-02-25 18:07:01,0.02234000,2.01000000
2018-02-25 18:07:04,0.02234000,0.31000000
2018-02-25 18:07:22,0.02236300,0.01000000
2018-02-25 18:07:22,0.02236900,4.05000000
2018-02-25 18:07:25,0.02234400,0.37000000
2018-02-25 18:07:25,0.02234400,0.85000000
2018-02-25 18:07:27,0.02236400,0.05000000
2018-02-25 18:07:28,0.02234400,0.11000000
2018-02-25 18:07:34,0.02235700,0.47000000
2018-02-25 18:07:35,0.02235700,0.01000000
2018-02-25 18:07:35,0.02234500,0.14000000
2018-02-25 18:07:39,0.02235000,2.72000000
2018-02-25 18:07:45,0.02236900,1.34000000
2018-02-25 18:07:46,0.02235000,3.11000000
2018-02-25 18:07:46,0.02235000,0.14000000
2018-02-25 18:07:47,0.02236900,0.45000000
2018-02-25 18:07:55,0.02235100,0.88000000
2018-02-25 18:07:58,0.02235100,0.02000000
2018-02-25 18:07:59,0.02236900,0.29000000
2018-02-25 18:08:02,0.02235200,0.17000000
2018-02-25 18:08:07,0.02236800,0.05000000
2018-02-25 18:08:17,0.02235300,1.87000000
2018-02-25 18:08:17,0.02235200,0.23000000
2018-02-25 18:08:17,0.02235100,0.37000000
2018-02-25 18:08:17,0.02235000,0.86000000
2018-02-25 18:08:17,0.02236800,0.18000000
2018-02-25 18:08:17,0.02236900,0.47000000
2018-02-25 18:08:24,0.02236700,0.11000000
2018-02-25 18:08:24,0.02236700,0.29000000
2018-02-25 18:08:29,0.02236700,0.44000000
2018-02-25 18:08:33,0.02235500,0.05000000
2018-02-25 18:08:38,0.02235500,5.00000000
2018-02-25 18:08:39,0.02236500,3.63000000
2018-02-25 18:08:39,0.02236700,0.93000000
2018-02-25 18:08:39,0.02236700,0.10000000
2018-02-25 18:08:40,0.02236700,0.06000000
2018-02-25 18:08:40,0.02236700,0.06000000
2018-02-25 18:08:40,0.02236700,0.05000000
2018-02-25 18:08:40,0.02236700,0.36000000
2018-02-25 18:08:40,0.02236700,0.36000000
2018-02-25 18:08:40,0.02236700,0.36000000
2018-02-25 18:08:40,0.02236700,0.36000000
2018-02-25 18:08:41,0.02235000,0.71000000
2018-02-25 18:08:46,0.02236700,3.12000000
2018-02-25 18:08:48,0.02235500,0.14000000
2018-02-25 18:08:48,0.02235400,0.06000000
2018-02-25 18:08:48,0.02235300,1.48000000
2018-02-25 18:08:48,0.02236700,1.77000000
2018-02-25 18:08:58,0.02236700,2.82000000
2018-02-25 18:08:59,0.02236400,3.14000000
2018-02-25 18:09:00,0.02236100,0.28000000
2018-02-25 18:09:00,0.02236600,0.58000000
2018-02-25 18:09:00,0.02236600,0.11000000
2018-02-25 18:09:01,0.02236600,3.85000000
2018-02-25 18:09:07,0.02236100,2.30000000
2018-02-25 18:09:10,0.02236600,9.38000000
2018-02-25 18:09:12,0.02236100,0.14000000
2018-02-25 18:09:13,0.02236600,3.41000000
2018-02-25 18:09:14,0.02236000,0.05000000
2018-02-25 18:09:14,0.02235900,0.43000000
2018-02-25 18:09:15,0.02236600,4.91000000
2018-02-25 18:09:16,0.02236600,0.85000000
2018-02-25 18:09:16,0.02236600,1.66000000
2018-02-25 18:09:18,0.02236600,0.11000000
2018-02-25 18:09:25,0.02236600,0.44000000
2018-02-25 18:09:27,0.02236600,2.45000000
2018-02-25 18:09:29,0.02236600,0.01000000
2018-02-25 18:09:30,0.02236700,0.28000000
2018-02-25 18:09:31,0.02236700,0.45000000
2018-02-25 18:09:34,0.02236700,5.16000000
2018-02-25 18:09:34,0.02236900,4.17000000
2018-02-25 18:09:35,0.02236900,0.35000000
2018-02-25 18:09:35,0.02236900,0.29000000
2018-02-25 18:09:36,0.02236600,0.05000000
2018-02-25 18:09:37,0.02236600,0.60000000
2018-02-25 18:09:37,0.02236100,0.22000000
2018-02-25 18:09:41,0.02236900,1.96000000
2018-02-25 18:09:41,0.02236900,0.01000000
2018-02-25 18:09:42,0.02236900,3.71000000
2018-02-25 18:09:42,0.02236900,0.23000000
2018-02-25 18:09:42,0.02236700,0.07000000
2018-02-25 18:09:42,0.02236100,3.65000000
2018-02-25 18:09:45,0.02236100,2.78000000
2018-02-25 18:09:46,0.02236900,0.20000000
2018-02-25 18:09:48,0.02236400,0.19000000
2018-02-25 18:09:48,0.02236300,0.16000000
2018-02-25 18:09:49,0.02236900,0.55000000
2018-02-25 18:09:49,0.02236500,0.10000000
2018-02-25 18:09:49,0.02236400,0.06000000
2018-02-25 18:09:49,0.02236300,1.11000000
2018-02-25 18:09:53,0.02236900,0.14000000
2018-02-25 18:09:55,0.02236900,0.30000000
2018-02-25 18:09:56,0.02236900,3.21000000
2018-02-25 18:09:58,0.02236900,0.20000000
2018-02-25 18:09:59,0.02236700,0.24000000
2018-02-25 18:10:01,0.02236700,0.22000000
2018-02-25 18:10:01,0.02236600,0.91000000
2018-02-25 18:10:06,0.02236300,0.08000000
2018-02-25 18:10:06,0.02236300,1.25000000
2018-02-25 18:10:08,0.02236100,0.48000000
2018-02-25 18:10:12,0.02236100,0.78000000
2018-02-25 18:10:12,0.02236300,2.00000000
2018-02-25 18:10:13,0.02235900,0.46000000
2018-02-25 18:10:18,0.02236200,0.92000000
2018-02-25 18:10:19,0.02236200,0.33000000
2018-02-25 18:10:23,0.02236200,2.43000000
2018-02-25 18:10:23,0.02236300,6.63000000
2018-02-25 18:10:29,0.02236300,0.48000000
2018-02-25 18:10:38,0.02236300,0.32000000
2018-02-25 18:10:40,0.02235900,0.01000000
2018-02-25 18:10:40,0.02235400,3.87000000
2018-02-25 18:10:48,0.02236200,0.97000000
2018-02-25 18:10:48,0.02236300,10.79000000
2018-02-25 18:10:48,0.02236900,14.74000000
2018-02-25 18:10:49,0.02235200,0.24000000
2018-02-25 18:10:51,0.02235200,0.48000000
2018-02-25 18:11:00,0.02235200,0.47000000
2018-02-25 18:11:01,0.02235200,0.40000000
2018-02-25 18:11:01,0.02235300,1.07000000
2018-02-25 18:11:03,0.02235200,0.48000000
2018-02-25 18:11:03,0.02235200,2.27000000
2018-02-25 18:11:03,0.02235300,0.65000000
2018-02-25 18:11:06,0.02235200,1.85000000
2018-02-25 18:11:08,0.02235300,3.72000000
2018-02-25 18:11:09,0.02235300,1.34000000
2018-02-25 18:11:12,0.02235300,0.17000000
2018-02-25 18:11:14,0.02235200,0.11000000
2018-02-25 18:11:15,0.02235300,0.44000000
2018-02-25 18:11:20,0.02235300,0.80000000
2018-02-25 18:11:20,0.02235400,0.34000000
2018-02-25 18:11:20,0.02236200,0.30000000
2018-02-25 18:11:20,0.02236900,0.70000000
2018-02-25 18:11:21,0.02235200,1.52000000
2018-02-25 18:11:22,0.02236900,9.54000000
2018-02-25 18:11:22,0.02236900,5.00000000
2018-02-25 18:11:22,0.02236900,4.71000000
2018-02-25 18:11:23,0.02236900,0.46000000
2018-02-25 18:11:23,0.02236900,1.34000000
2018-02-25 18:11:23,0.02236900,0.09000000
2018-02-25 18:11:23,0.02236900,1.72000000
2018-02-25 18:11:23,0.02236900,1.32000000
2018-02-25 18:11:24,0.02236900,0.14000000
2018-02-25 18:11:25,0.02236900,2.00000000
2018-02-25 18:11:26,0.02236900,0.33000000
2018-02-25 18:11:27,0.02236900,0.16000000
2018-02-25 18:11:27,0.02237000,0.73000000
2018-02-25 18:11:28,0.02237000,1.69000000
2018-02-25 18:11:28,0.02237000,0.26000000
2018-02-25 18:11:28,0.02237000,2.95000000
2018-02-25 18:11:29,0.02236200,0.12000000
2018-02-25 18:11:29,0.02235200,0.15000000
2018-02-25 18:11:29,0.02237000,0.04000000
2018-02-25 18:11:29,0.02237000,0.44000000
2018-02-25 18:11:32,0.02235200,0.99000000
2018-02-25 18:11:35,0.02236900,0.30000000
2018-02-25 18:11:35,0.02237000,3.78000000
2018-02-25 18:11:35,0.02235200,0.05000000
2018-02-25 18:11:35,0.02235300,0.32000000
2018-02-25 18:11:36,0.02235300,0.48000000
2018-02-25 18:11:38,0.02235300,0.01000000
2018-02-25 18:11:39,0.02236900,0.61000000
2018-02-25 18:11:39,0.02237000,0.45000000
2018-02-25 18:11:45,0.02236900,0.01000000
2018-02-25 18:11:45,0.02235200,0.65000000
2018-02-25 18:11:47,0.02237000,5.73000000
2018-02-25 18:11:47,0.02235200,0.47000000
2018-02-25 18:11:48,0.02237000,0.48000000
2018-02-25 18:11:56,0.02235300,0.90000000
2018-02-25 18:12:06,0.02235800,0.76000000
2018-02-25 18:12:09,0.02235300,0.48000000
2018-02-25 18:12:14,0.02235300,0.09000000
2018-02-25 18:12:17,0.02235300,2.00000000
2018-02-25 18:12:17,0.02235800,0.08000000
2018-02-25 18:12:29,0.02235800,0.44000000
2018-02-25 18:12:32,0.02235800,0.14000000
2018-02-25 18:12:35,0.02235800,0.74000000
2018-02-25 18:12:35,0.02235800,1.19000000
2018-02-25 18:12:35,0.02236900,3.85000000
2018-02-25 18:12:36,0.02235400,0.19000000
2018-02-25 18:12:56,0.02235500,10.73000000
2018-02-25 18:12:56,0.02235300,0.14000000
2018-02-25 18:12:56,0.02235200,10.62000000
2018-02-25 18:12:56,0.02235100,13.93000000
2018-02-25 18:12:56,0.02235000,2.43000000
2018-02-25 18:13:00,0.02235000,10.89000000
2018-02-25 18:13:01,0.02235000,0.65000000
2018-02-25 18:13:07,0.02235000,1.00000000
2018-02-25 18:13:09,0.02235800,0.13000000
2018-02-25 18:13:09,0.02236900,0.22000000
2018-02-25 18:13:10,0.02236900,0.47000000
2018-02-25 18:13:11,0.02235000,6.10000000
2018-02-25 18:13:19,0.02235200,0.26000000
2018-02-25 18:13:19,0.02235100,0.22000000
2018-02-25 18:13:25,0.02236900,0.52000000
2018-02-25 18:13:27,0.02236900,1.30000000
2018-02-25 18:13:27,0.02237000,1.87000000
2018-02-25 18:13:31,0.02237000,0.39000000
2018-02-25 18:13:34,0.02237000,0.36000000
2018-02-25 18:13:36,0.02237000,0.39000000
2018-02-25 18:13:40,0.02237000,0.05000000
2018-02-25 18:13:40,0.02235600,4.47000000
2018-02-25 18:13:40,0.02235100,1.48000000
2018-02-25 18:13:44,0.02235100,1.00000000
2018-02-25 18:14:03,0.02236900,0.01000000
2018-02-25 18:14:03,0.02236900,0.18000000
2018-02-25 18:14:05,0.02236200,0.05000000
2018-02-25 18:14:07,0.02236900,0.81000000
2018-02-25 18:14:07,0.02237000,19.10000000
2018-02-25 18:14:07,0.02237000,0.40000000
2018-02-25 18:14:10,0.02237000,2.50000000
2018-02-25 18:14:11,0.02237000,2.87000000
2018-02-25 18:14:14,0.02238300,0.07000000
2018-02-25 18:14:14,0.02237000,4.04000000
2018-02-25 18:14:18,0.02237000,0.11000000
2018-02-25 18:14:22,0.02237900,1.78000000
2018-02-25 18:14:30,0.02237900,0.21000000
2018-02-25 18:14:30,0.02238300,0.23000000
2018-02-25 18:14:30,0.02237000,1.17000000
2018-02-25 18:14:30,0.02238300,0.08000000
2018-02-25 18:14:30,0.02238600,0.13000000
2018-02-25 18:14:30,0.02238700,1.63000000
2018-02-25 18:14:31,0.02237000,11.20000000
2018-02-25 18:14:32,0.02238700,0.44000000
2018-02-25 18:14:33,0.02237000,11.20000000
2018-02-25 18:14:35,0.02237000,11.20000000
2018-02-25 18:14:36,0.02237000,1.17000000
2018-02-25 18:14:37,0.02237000,11.20000000
2018-02-25 18:14:39,0.02237000,2.24000000
2018-02-25 18:14:40,0.02237100,0.17000000
2018-02-25 18:14:41,0.02238700,0.44000000
2018-02-25 18:14:42,0.02237100,2.24000000
2018-02-25 18:14:43,0.02237100,1.17000000
2018-02-25 18:14:46,0.02238700,0.44000000
2018-02-25 18:14:46,0.02237100,0.78000000
2018-02-25 18:14:46,0.02237000,1.46000000
2018-02-25 18:14:48,0.02237000,2.24000000
2018-02-25 18:14:48,0.02238700,0.04000000
2018-02-25 18:14:48,0.02237000,120.33000000
2018-02-25 18:14:49,0.02237000,0.99000000
2018-02-25 18:14:49,0.02238700,0.33000000
2018-02-25 18:14:49,0.02238800,0.11000000
2018-02-25 18:14:53,0.02237000,0.45000000
2018-02-25 18:14:55,0.02237100,0.16000000
2018-02-25 18:14:55,0.02237000,0.29000000
2018-02-25 18:14:55,0.02237000,0.25000000
2018-02-25 18:14:57,0.02237000,0.45000000
2018-02-25 18:15:00,0.02238800,1.00000000
2018-02-25 18:15:09,0.02237000,0.11000000
2018-02-25 18:15:10,0.02238800,0.40000000
2018-02-25 18:15:13,0.02237100,0.11000000
2018-02-25 18:15:13,0.02237100,0.29000000
2018-02-25 18:15:16,0.02237100,0.11000000
2018-02-25 18:15:20,0.02237100,0.11000000
2018-02-25 18:15:20,0.02238300,4.80000000
2018-02-25 18:15:20,0.02238500,1.71000000
2018-02-25 18:15:20,0.02237100,0.12000000
2018-02-25 18:15:21,0.02237100,0.19000000
2018-02-25 18:15:22,0.02237100,0.08000000
2018-02-25 18:15:22,0.02237000,1.72000000
2018-02-25 18:15:25,0.02237000,0.05000000
2018-02-25 18:15:25,0.02237000,0.05000000
2018-02-25 18:15:26,0.02237000,0.11000000
2018-02-25 18:15:29,0.02237000,0.11000000
2018-02-25 18:15:30,0.02237000,4.74000000
2018-02-25 18:15:32,0.02237000,1.63000000
2018-02-25 18:15:32,0.02237000,0.12000000
2018-02-25 18:15:32,0.02237100,0.10000000
2018-02-25 18:15:35,0.02238400,0.44000000
2018-02-25 18:15:37,0.02237100,2.93000000
2018-02-25 18:15:38,0.02237100,0.15000000
2018-02-25 18:15:38,0.02237000,3.60000000
2018-02-25 18:15:38,0.02237000,5.58000000
2018-02-25 18:15:38,0.02237000,0.18000000
2018-02-25 18:15:40,0.02237000,3.33000000
2018-02-25 18:15:41,0.02237000,6.66000000
2018-02-25 18:15:47,0.02237100,0.13000000
2018-02-25 18:15:48,0.02237100,0.05000000
2018-02-25 18:15:48,0.02237100,0.02000000
2018-02-25 18:15:48,0.02237000,0.10000000
2018-02-25 18:15:49,0.02237000,0.06000000
2018-02-25 18:15:51,0.02237000,0.01000000
2018-02-25 18:15:55,0.02237000,0.10000000
2018-02-25 18:15:56,0.02237000,0.07000000
2018-02-25 18:15:57,0.02237000,8.14000000
2018-02-25 18:15:59,0.02238300,0.18000000
2018-02-25 18:16:01,0.02237000,3.36000000
2018-02-25 18:16:02,0.02237000,13.23000000
2018-02-25 18:16:02,0.02237000,0.11000000
2018-02-25 18:16:02,0.02237000,2.03000000
2018-02-25 18:16:04,0.02237000,0.18000000
2018-02-25 18:16:05,0.02237000,4.57000000
2018-02-25 18:16:08,0.02237100,0.44000000
2018-02-25 18:16:08,0.02237100,0.57000000
2018-02-25 18:16:08,0.02237000,7.43000000
2018-02-25 18:16:09,0.02237000,2.34000000
2018-02-25 18:16:13,0.02237000,16.42000000
2018-02-25 18:16:15,0.02237000,0.23000000
2018-02-25 18:16:15,0.02237000,4.31000000
2018-02-25 18:16:15,0.02237000,2.88000000
2018-02-25 18:16:15,0.02237000,2.40000000
2018-02-25 18:16:17,0.02237000,0.48000000
2018-02-25 18:16:17,0.02237000,5.37000000
2018-02-25 18:16:17,0.02237000,0.05000000
2018-02-25 18:16:18,0.02237000,0.11000000
2018-02-25 18:16:19,0.02237000,0.30000000
2018-02-25 18:16:19,0.02238000,0.60000000
2018-02-25 18:16:20,0.02238000,0.40000000
2018-02-25 18:16:20,0.02237000,0.11000000
2018-02-25 18:16:21,0.02237000,37.41000000
2018-02-25 18:16:22,0.02237000,0.75000000
2018-02-25 18:16:23,0.02237000,1.85000000
2018-02-25 18:16:24,0.02237000,4.32000000
2018-02-25 18:16:25,0.02237000,0.11000000
2018-02-25 18:16:29,0.02237200,0.11000000
2018-02-25 18:16:31,0.02237200,0.68000000
2018-02-25 18:16:35,0.02238100,0.44000000
2018-02-25 18:16:38,0.02238100,0.44000000
2018-02-25 18:16:39,0.02237200,0.01000000
2018-02-25 18:16:39,0.02237100,0.40000000
2018-02-25 18:16:39,0.02237100,0.05000000
2018-02-25 18:16:39,0.02237100,3.64000000
2018-02-25 18:16:39,0.02237100,0.91000000
2018-02-25 18:16:39,0.02237000,2.20000000
2018-02-25 18:16:40,0.02235200,0.45000000
2018-02-25 18:16:40,0.02235100,1.56000000
2018-02-25 18:16:40,0.02237000,0.44000000
2018-02-25 18:16:40,0.02237000,0.06000000
2018-02-25 18:16:40,0.02238000,0.38000000
2018-02-25 18:16:43,0.02237000,1.66000000
2018-02-25 18:16:51,0.02237800,0.44000000
2018-02-25 18:16:52,0.02237800,0.44000000
2018-02-25 18:16:52,0.02237800,0.44000000
2018-02-25 18:16:55,0.02237000,2.99000000
2018-02-25 18:16:56,0.02237000,0.72000000
2018-02-25 18:16:56,0.02237000,5.16000000
2018-02-25 18:16:58,0.02237800,0.55000000
2018-02-25 18:16:59,0.02237000,0.58000000
2018-02-25 18:16:59,0.02237000,0.19000000
2018-02-25 18:16:59,0.02237000,0.89000000
2018-02-25 18:17:00,0.02237000,0.05000000
2018-02-25 18:17:00,0.02237000,0.12000000
2018-02-25 18:17:00,0.02237000,1.50000000
2018-02-25 18:17:02,0.02237000,1.40000000
2018-02-25 18:17:04,0.02237000,0.09000000
2018-02-25 18:17:04,0.02237000,4.24000000
2018-02-25 18:17:04,0.02237000,0.23000000
2018-02-25 18:17:05,0.02237000,0.12000000
2018-02-25 18:17:05,0.02237000,1.00000000
2018-02-25 18:17:05,0.02237000,0.70000000
2018-02-25 18:17:05,0.02237000,0.23000000
2018-02-25 18:17:05,0.02237100,0.44000000
2018-02-25 18:17:06,0.02237000,0.11000000
2018-02-25 18:17:06,0.02237000,1.62000000
2018-02-25 18:17:09,0.02237100,15.09000000
2018-02-25 18:17:09,0.02237100,0.12000000
2018-02-25 18:17:09,0.02237100,0.46000000
2018-02-25 18:17:10,0.02237900,0.08000000
2018-02-25 18:17:10,0.02237800,0.32000000
2018-02-25 18:17:12,0.02237900,0.44000000
2018-02-25 18:17:13,0.02238500,0.44000000
2018-02-25 18:17:15,0.02238500,0.22000000
2018-02-25 18:17:16,0.02238500,7.22000000
2018-02-25 18:17:16,0.02238500,0.22000000
2018-02-25 18:17:16,0.02237100,0.01000000
2018-02-25 18:17:16,0.02237000,0.21000000
2018-02-25 18:17:16,0.02237000,0.22000000
2018-02-25 18:17:16,0.02237000,1.77000000
2018-02-25 18:17:16,0.02238600,0.44000000
2018-02-25 18:17:17,0.02237000,0.19000000
2018-02-25 18:17:18,0.02238600,0.01000000
2018-02-25 18:17:18,0.02237000,0.10000000
2018-02-25 18:17:19,0.02238600,0.44000000
2018-02-25 18:17:21,0.02238400,0.44000000
2018-02-25 18:17:25,0.02238400,0.44000000
2018-02-25 18:17:28,0.02237000,0.11000000
2018-02-25 18:17:36,0.02238400,0.44000000
2018-02-25 18:17:37,0.02238400,3.88000000
2018-02-25 18:17:38,0.02238800,6.08000000
2018-02-25 18:17:40,0.02238800,0.44000000
2018-02-25 18:17:45,0.02238800,0.25000000
2018-02-25 18:17:45,0.02238800,0.44000000
2018-02-25 18:17:47,0.02238800,0.44000000
2018-02-25 18:17:48,0.02238800,1.12000000
2018-02-25 18:17:51,0.02238800,10.21000000
2018-02-25 18:17:56,0.02238800,0.76000000
2018-02-25 18:18:03,0.02238400,0.44000000
2018-02-25 18:18:05,0.02238400,0.85000000
2018-02-25 18:18:05,0.02238400,2.00000000
2018-02-25 18:18:10,0.02237300,0.07000000
2018-02-25 18:18:12,0.02238400,0.79000000
2018-02-25 18:18:17,0.02238400,2.68000000
2018-02-25 18:18:17,0.02238800,1.06000000
2018-02-25 18:18:19,0.02238400,0.41000000
2018-02-25 18:18:24,0.02238400,1.43000000
2018-02-25 18:18:24,0.02238400,0.24000000
2018-02-25 18:18:28,0.02238400,0.05000000
2018-02-25 18:18:30,0.02238400,0.10000000
2018-02-25 18:18:31,0.02238800,0.40000000
2018-02-25 18:18:32,0.02238400,1.18000000
2018-02-25 18:18:33,0.02238400,22.76000000
2018-02-25 18:18:34,0.02238800,0.89000000
2018-02-25 18:18:35,0.02238800,0.21000000
2018-02-25 18:18:36,0.02238400,9.26000000
2018-02-25 18:18:38,0.02238400,2.04000000
2018-02-25 18:18:39,0.02238800,0.79000000
2018-02-25 18:18:39,0.02238400,0.01000000
2018-02-25 18:18:41,0.02238800,4.36000000
2018-02-25 18:18:50,0.02238700,3.04000000
2018-02-25 18:18:52,0.02238700,0.34000000
2018-02-25 18:18:52,0.02238800,7.78000000
2018-02-25 18:18:54,0.02238600,0.44000000
2018-02-25 18:19:01,0.02238400,2.00000000
2018-02-25 18:19:05,0.02238400,4.74000000
2018-02-25 18:19:05,0.02238400,0.60000000
2018-02-25 18:19:05,0.02238400,1.50000000
2018-02-25 18:19:06,0.02238400,1.79000000
2018-02-25 18:19:07,0.02238400,0.06000000
2018-02-25 18:19:10,0.02238000,0.15000000
2018-02-25 18:19:12,0.02238400,0.49000000
2018-02-25 18:19:20,0.02238400,1.70000000
2018-02-25 18:19:22,0.02238400,1.06000000
2018-02-25 18:19:22,0.02238400,0.24000000
2018-02-25 18:19:22,0.02238400,1.83000000
2018-02-25 18:19:22,0.02238400,1.66000000
2018-02-25 18:19:24,0.02238400,0.05000000
2018-02-25 18:19:24,0.02238400,1.00000000
2018-02-25 18:19:25,0.02238400,0.56000000
2018-02-25 18:19:26,0.02238400,1.23000000
2018-02-25 18:19:30,0.02238400,0.86000000
2018-02-25 18:19:33,0.02238400,1.31000000
2018-02-25 18:19:33,0.02238400,0.62000000
2018-02-25 18:19:37,0.02238400,6.83000000
2018-02-25 18:19:38,0.02238400,0.44000000
2018-02-25 18:19:39,0.02238400,0.23000000
2018-02-25 18:19:41,0.02238000,0.61000000
2018-02-25 18:19:42,0.02238400,0.44000000
2018-02-25 18:19:42,0.02238000,1.50000000
2018-02-25 18:19:45,0.02238400,0.44000000
2018-02-25 18:19:49,0.02238400,0.44000000
2018-02-25 18:19:50,0.02238000,0.09000000
2018-02-25 18:19:51,0.02238300,4.79000000
2018-02-25 18:19:51,0.02238400,5.89000000
2018-02-25 18:19:52,0.02238400,4.16000000
2018-02-25 18:19:52,0.02238700,0.44000000
2018-02-25 18:19:52,0.02238700,0.48000000
2018-02-25 18:19:54,0.02238400,0.01000000
2018-02-25 18:19:54,0.02238000,19.57000000
2018-02-25 18:19:56,0.02238400,0.47000000
2018-02-25 18:19:57,0.02238700,0.70000000
2018-02-25 18:19:58,0.02238700,0.79000000
2018-02-25 18:19:58,0.02238700,0.05000000
2018-02-25 18:20:04,0.02238700,0.20000000
2018-02-25 18:20:04,0.02238400,0.08000000
2018-02-25 18:20:06,0.02238400,0.13000000
2018-02-25 18:20:06,0.02238400,0.16000000
2018-02-25 18:20:06,0.02238000,9.08000000
2018-02-25 18:20:09,0.02238000,2.49000000
2018-02-25 18:20:17,0.02238400,0.44000000
2018-02-25 18:20:17,0.02238400,1.01000000
2018-02-25 18:20:19,0.02238400,0.44000000
2018-02-25 18:20:20,0.02238400,0.44000000
2018-02-25 18:20:23,0.02238400,0.44000000
2018-02-25 18:20:26,0.02238300,0.47000000
2018-02-25 18:20:32,0.02238300,0.44000000
2018-02-25 18:20:33,0.02238300,1.79000000
2018-02-25 18:20:35,0.02238400,0.94000000
2018-02-25 18:20:35,0.02238400,0.94000000
2018-02-25 18:20:36,0.02238400,0.11000000
2018-02-25 18:20:36,0.02238300,2.67000000
2018-02-25 18:20:36,0.02238100,0.71000000
2018-02-25 18:20:36,0.02238000,0.49000000
2018-02-25 18:20:36,0.02238400,1.87000000
2018-02-25 18:20:40,0.02238300,0.60000000
2018-02-25 18:20:41,0.02238400,0.74000000
2018-02-25 18:20:41,0.02238400,0.08000000
2018-02-25 18:20:42,0.02238400,0.17000000
2018-02-25 18:20:43,0.02238300,1.00000000
2018-02-25 18:20:44,0.02238300,0.48000000
2018-02-25 18:20:45,0.02238400,0.05000000
2018-02-25 18:20:45,0.02238300,15.99000000
2018-02-25 18:20:45,0.02238400,0.44000000
2018-02-25 18:20:48,0.02238400,0.08000000
2018-02-25 18:20:50,0.02238400,0.48000000
2018-02-25 18:21:00,0.02238300,0.29000000
2018-02-25 18:21:01,0.02238400,0.39000000
2018-02-25 18:21:01,0.02238700,0.05000000
2018-02-25 18:21:02,0.02238300,2.35000000
2018-02-25 18:21:04,0.02238300,0.05000000
2018-02-25 18:21:05,0.02238300,0.05000000
2018-02-25 18:21:13,0.02238300,0.05000000
2018-02-25 18:21:13,0.02238300,0.61000000
2018-02-25 18:21:18,0.02238400,0.44000000
2018-02-25 18:21:18,0.02238300,0.56000000
2018-02-25 18:21:18,0.02238300,1.00000000
2018-02-25 18:21:19,0.02238300,0.11000000
2018-02-25 18:21:27,0.02238400,0.05000000
2018-02-25 18:21:27,0.02238300,0.08000000
2018-02-25 18:21:27,0.02238400,0.44000000
2018-02-25 18:21:27,0.02238300,0.05000000
2018-02-25 18:21:27,0.02238300,1.00000000
2018-02-25 18:21:30,0.02238400,1.01000000
2018-02-25 18:21:30,0.02238300,16.25000000
2018-02-25 18:21:30,0.02238400,0.44000000
2018-02-25 18:21:33,0.02238300,1.46000000
2018-02-25 18:21:33,0.02238400,0.44000000
2018-02-25 18:21:36,0.02238400,0.44000000
2018-02-25 18:21:36,0.02238400,0.44000000
2018-02-25 18:21:36,0.02238300,2.23000000
2018-02-25 18:21:36,0.02238300,4.24000000
2018-02-25 18:21:38,0.02238300,0.65000000
2018-02-25 18:21:38,0.02238400,0.44000000
2018-02-25 18:21:39,0.02238300,0.35000000
2018-02-25 18:21:44,0.02238400,0.44000000
2018-02-25 18:21:45,0.02238300,0.66000000
2018-02-25 18:21:45,0.02238200,3.69000000
2018-02-25 18:21:46,0.02238200,1.34000000
2018-02-25 18:21:47,0.02238400,0.41000000
2018-02-25 18:21:49,0.02238200,0.97000000
2018-02-25 18:21:49,0.02238000,1.02000000
2018-02-25 18:21:51,0.02238000,2.29000000
2018-02-25 18:21:55,0.02238400,0.44000000
2018-02-25 18:21:57,0.02238000,3.00000000
2018-02-25 18:21:58,0.02238400,11.79000000
2018-02-25 18:21:58,0.02238700,4.55000000
2018-02-25 18:21:58,0.02238800,13.16000000
2018-02-25 18:22:00,0.02238000,0.83000000
2018-02-25 18:22:02,0.02238800,0.94000000
2018-02-25 18:22:03,0.02238800,11.06000000
2018-02-25 18:22:03,0.02238800,0.11000000
2018-02-25 18:22:05,0.02238400,2.21000000
2018-02-25 18:22:07,0.02238800,6.46000000
2018-02-25 18:22:12,0.02238800,0.44000000
2018-02-25 18:22:16,0.02238400,1.24000000
2018-02-25 18:22:17,0.02238800,0.77000000
2018-02-25 18:22:21,0.02238600,0.05000000
2018-02-25 18:22:23,0.02238800,0.18000000
2018-02-25 18:22:24,0.02238800,0.05000000
2018-02-25 18:22:26,0.02238800,28.10000000
2018-02-25 18:22:27,0.02238800,22.04000000
2018-02-25 18:22:29,0.02238800,0.13000000
2018-02-25 18:22:29,0.02238600,0.05000000
2018-02-25 18:22:29,0.02238400,1.06000000
2018-02-25 18:22:31,0.02238900,0.21000000
2018-02-25 18:22:33,0.02239000,0.26000000
2018-02-25 18:22:34,0.02238900,4.79000000
2018-02-25 18:22:34,0.02238400,1.55000000
2018-02-25 18:22:37,0.02239000,2.55000000
2018-02-25 18:22:43,0.02238600,2.00000000
2018-02-25 18:22:45,0.02239000,0.04000000
2018-02-25 18:22:46,0.02239000,2.23000000
2018-02-25 18:22:47,0.02239000,0.36000000
2018-02-25 18:22:47,0.02239200,0.06000000
2018-02-25 18:22:47,0.02239300,0.02000000
2018-02-25 18:22:48,0.02239000,0.38000000
2018-02-25 18:22:50,0.02239200,1.24000000
2018-02-25 18:22:52,0.02239200,0.71000000
2018-02-25 18:22:58,0.02239300,0.44000000
2018-02-25 18:23:02,0.02239000,1.24000000
2018-02-25 18:23:04,0.02239200,0.44000000
2018-02-25 18:23:11,0.02239200,0.30000000
2018-02-25 18:23:11,0.02239300,3.00000000
2018-02-25 18:23:13,0.02239300,5.10000000
2018-02-25 18:23:13,0.02239000,1.24000000
2018-02-25 18:23:18,0.02239000,1.27000000
2018-02-25 18:23:18,0.02239000,0.24000000
2018-02-25 18:23:22,0.02239300,0.27000000
2018-02-25 18:23:25,0.02239000,1.24000000
2018-02-25 18:23:29,0.02239000,0.13000000
2018-02-25 18:23:30,0.02239300,8.74000000
2018-02-25 18:23:32,0.02239400,0.44000000
2018-02-25 18:23:33,0.02239400,0.44000000
2018-02-25 18:23:36,0.02239200,0.64000000
2018-02-25 18:23:36,0.02239200,0.48000000
2018-02-25 18:23:41,0.02239300,0.24000000
2018-02-25 18:23:41,0.02239400,9.87000000
2018-02-25 18:23:41,0.02239400,84.55000000
2018-02-25 18:23:43,0.02239000,1.09000000
2018-02-25 18:23:44,0.02239300,0.44000000
2018-02-25 18:23:44,0.02239300,0.04000000
2018-02-25 18:23:52,0.02239300,2.90000000
2018-02-25 18:23:54,0.02239300,4.70000000
2018-02-25 18:23:57,0.02239000,1.47000000
2018-02-25 18:24:05,0.02239300,0.20000000
2018-02-25 18:24:05,0.02239300,0.44000000
2018-02-25 18:24:08,0.02239000,0.11000000
2018-02-25 18:24:08,0.02239300,0.63000000
2018-02-25 18:24:09,0.02239000,1.25000000
2018-02-25 18:24:11,0.02239000,0.94000000
2018-02-25 18:24:11,0.02239000,0.12000000
2018-02-25 18:24:12,0.02239000,0.04000000
2018-02-25 18:24:14,0.02239100,0.05000000
2018-02-25 18:24:15,0.02239100,0.05000000
2018-02-25 18:24:15,0.02239100,0.11000000
2018-02-25 18:24:19,0.02239300,0.44000000
2018-02-25 18:24:20,0.02239100,0.11000000
2018-02-25 18:24:20,0.02239300,1.26000000
2018-02-25 18:24:23,0.02239200,0.35000000
2018-02-25 18:24:26,0.02239300,0.44000000
2018-02-25 18:24:27,0.02239200,0.20000000
2018-02-25 18:24:33,0.02239300,3.88000000
2018-02-25 18:24:41,0.02239200,0.38000000
2018-02-25 18:24:42,0.02239200,0.34000000
2018-02-25 18:24:42,0.02239100,0.82000000
2018-02-25 18:24:45,0.02239200,2.24000000
2018-02-25 18:24:45,0.02239300,13.36000000
2018-02-25 18:24:45,0.02239100,0.01000000
2018-02-25 18:24:45,0.02239000,3.79000000
2018-02-25 18:24:54,0.02239300,0.44000000
2018-02-25 18:24:55,0.02239300,0.44000000
2018-02-25 18:24:56,0.02239300,0.44000000
2018-02-25 18:25:04,0.02239300,0.26000000
2018-02-25 18:25:04,0.02239200,4.44000000
2018-02-25 18:25:05,0.02239200,0.11000000
2018-02-25 18:25:06,0.02239200,0.45000000
2018-02-25 18:25:07,0.02239200,1.81000000
2018-02-25 18:25:07,0.02239000,0.26000000
2018-02-25 18:25:07,0.02239300,0.32000000
2018-02-25 18:25:08,0.02239300,4.82000000
2018-02-25 18:25:09,0.02239000,0.11000000
2018-02-25 18:25:09,0.02239000,0.04000000
2018-02-25 18:25:11,0.02239300,20.50000000
2018-02-25 18:25:12,0.02239300,0.48000000
2018-02-25 18:25:15,0.02239500,4.46000000
2018-02-25 18:25:19,0.02239300,0.05000000
2018-02-25 18:25:19,0.02239500,0.44000000
2018-02-25 18:25:19,0.02239300,0.24000000
2018-02-25 18:25:19,0.02239500,0.44000000
2018-02-25 18:25:22,0.02239300,2.04000000
2018-02-25 18:25:24,0.02239500,1.59000000
2018-02-25 18:25:25,0.02239500,1.49000000
2018-02-25 18:25:25,0.02239500,0.44000000
2018-02-25 18:25:27,0.02239500,0.44000000
2018-02-25 18:25:28,0.02239500,1.41000000
2018-02-25 18:25:28,0.02239500,3.90000000
2018-02-25 18:25:28,0.02239500,4.12000000
2018-02-25 18:25:33,0.02239500,0.44000000
2018-02-25 18:25:34,0.02239500,0.23000000
2018-02-25 18:25:37,0.02239500,0.44000000
2018-02-25 18:25:38,0.02239500,0.44000000
2018-02-25 18:25:38,0.02239500,0.44000000
2018-02-25 18:25:39,0.02239500,0.73000000
2018-02-25 18:25:39,0.02239300,4.00000000
2018-02-25 18:25:42,0.02239500,0.44000000
2018-02-25 18:25:44,0.02239300,0.10000000
2018-02-25 18:25:45,0.02239500,0.31000000
2018-02-25 18:25:47,0.02239300,2.66000000
2018-02-25 18:25:49,0.02239500,0.44000000
2018-02-25 18:25:50,0.02239500,0.59000000
2018-02-25 18:25:51,0.02239300,2.28000000
2018-02-25 18:25:51,0.02239500,0.08000000
2018-02-25 18:25:53,0.02239500,0.44000000
2018-02-25 18:25:56,0.02239500,2.40000000
2018-02-25 18:25:56,0.02239500,1.02000000
2018-02-25 18:25:57,0.02239500,29.89000000
2018-02-25 18:26:04,0.02239500,0.05000000
2018-02-25 18:26:04,0.02239500,0.05000000
2018-02-25 18:26:05,0.02239500,0.12000000
2018-02-25 18:26:06,0.02239900,0.04000000
2018-02-25 18:26:06,0.02239900,0.13000000
2018-02-25 18:26:07,0.02239900,0.11000000
2018-02-25 18:26:07,0.02239900,3.84000000
2018-02-25 18:26:08,0.02239900,6.36000000
2018-02-25 18:26:08,0.02239500,1.32000000
2018-02-25 18:26:09,0.02239500,0.12000000
2018-02-25 18:26:11,0.02239500,1.27000000
2018-02-25 18:26:11,0.02239300,0.14000000
2018-02-25 18:26:13,0.02239300,1.60000000
2018-02-25 18:26:15,0.02239300,0.42000000
2018-02-25 18:26:16,0.02239300,0.46000000
2018-02-25 18:26:18,0.02239800,0.94000000
2018-02-25 18:26:18,0.02239900,3.59000000
2018-02-25 18:26:19,0.02239500,0.55000000
2018-02-25 18:26:19,0.02239300,3.68000000
2018-02-25 18:26:23,0.02239900,5.00000000
2018-02-25 18:26:23,0.02239500,0.33000000
2018-02-25 18:26:28,0.02239900,0.44000000
2018-02-25 18:26:29,0.02239500,7.28000000
2018-02-25 18:26:29,0.02239500,15.23000000
2018-02-25 18:26:29,0.02239300,1.95000000
2018-02-25 18:26:31,0.02239900,0.10000000
2018-02-25 18:26:32,0.02239600,0.05000000
2018-02-25 18:26:32,0.02239900,0.10000000
2018-02-25 18:26:32,0.02239600,0.05000000
2018-02-25 18:26:33,0.02239600,0.11000000
2018-02-25 18:26:35,0.02239900,1.07000000
2018-02-25 18:26:35,0.02239600,0.11000000
2018-02-25 18:26:37,0.02239600,0.11000000
2018-02-25 18:26:40,0.02239800,0.44000000
2018-02-25 18:26:41,0.02239600,0.11000000
2018-02-25 18:26:43,0.02239600,3.79000000
2018-02-25 18:26:43,0.02239800,0.44000000
2018-02-25 18:26:43,0.02239500,2.25000000
2018-02-25 18:26:45,0.02239800,0.59000000
2018-02-25 18:26:45,0.02239500,1.13000000
2018-02-25 18:26:46,0.02239600,0.11000000
2018-02-25 18:26:46,0.02239800,3.32000000
2018-02-25 18:26:46,0.02239900,6.56000000
2018-02-25 18:26:46,0.02240000,11.03000000
2018-02-25 18:26:48,0.02240000,0.05000000
2018-02-25 18:26:49,0.02241600,0.19000000
2018-02-25 18:26:49,0.02241700,0.25000000
2018-02-25 18:26:50,0.02240000,0.05000000
2018-02-25 18:26:50,0.02241700,0.01000000
2018-02-25 18:26:50,0.02241900,0.43000000
2018-02-25 18:26:50,0.02240000,0.11000000
2018-02-25 18:26:52,0.02240000,0.11000000
2018-02-25 18:26:52,0.02241900,0.44000000
2018-02-25 18:26:55,0.02240000,0.05000000
2018-02-25 18:26:56,0.02240200,0.11000000
2018-02-25 18:27:00,0.02240200,0.84000000
2018-02-25 18:27:01,0.02242000,0.44000000
2018-02-25 18:27:02,0.02240200,0.11000000
2018-02-25 18:27:03,0.02242000,0.44000000
2018-02-25 18:27:03,0.02240200,0.53000000
2018-02-25 18:27:05,0.02242000,0.44000000
2018-02-25 18:27:06,0.02240200,0.12000000
2018-02-25 18:27:06,0.02240000,0.05000000
2018-02-25 18:27:06,0.02240200,2.58000000
2018-02-25 18:27:07,0.02240200,0.07000000
2018-02-25 18:27:07,0.02241500,0.44000000
2018-02-25 18:27:07,0.02240200,1.13000000
2018-02-25 18:27:09,0.02240200,0.63000000
2018-02-25 18:27:09,0.02240000,2.12000000
2018-02-25 18:27:10,0.02240200,0.11000000
2018-02-25 18:27:13,0.02240200,0.12000000
2018-02-25 18:27:16,0.02240300,0.47000000
2018-02-25 18:27:16,0.02240300,3.30000000
2018-02-25 18:27:16,0.02240200,0.03000000
2018-02-25 18:27:16,0.02240200,0.07000000
2018-02-25 18:27:17,0.02240200,11.98000000
2018-02-25 18:27:17,0.02240200,0.12000000
2018-02-25 18:27:18,0.02240300,0.16000000
2018-02-25 18:27:18,0.02240200,0.89000000
2018-02-25 18:27:18,0.02240000,0.04000000
2018-02-25 18:27:18,0.02239700,0.73000000
2018-02-25 18:27:20,0.02240000,0.07000000
2018-02-25 18:27:21,0.02240200,0.30000000
2018-02-25 18:27:21,0.02240000,3.13000000
2018-02-25 18:27:22,0.02240100,0.86000000
2018-02-25 18:27:23,0.02240200,0.44000000
2018-02-25 18:27:26,0.02240200,4.05000000
2018-02-25 18:27:26,0.02241500,1.75000000
2018-02-25 18:27:26,0.02242000,2.57000000
2018-02-25 18:27:26,0.02242400,1.39000000
2018-02-25 18:27:26,0.02243600,2.05000000
2018-02-25 18:27:26,0.02243800,0.48000000
2018-02-25 18:27:26,0.02244500,2.28000000
2018-02-25 18:27:26,0.02244600,0.05000000
2018-02-25 18:27:26,0.02244900,0.95000000
2018-02-25 18:27:26,0.02245000,2.54000000
2018-02-25 18:27:26,0.02245100,0.12000000
2018-02-25 18:27:26,0.02245700,3.79000000
2018-02-25 18:27:26,0.02246200,0.88000000
2018-02-25 18:27:26,0.02246300,0.05000000
2018-02-25 18:27:26,0.02246800,0.08000000
2018-02-25 18:27:26,0.02247000,16.47000000
2018-02-25 18:27:26,0.02247600,0.60000000
2018-02-25 18:27:26,0.02247700,1.10000000
2018-02-25 18:27:26,0.02248100,0.89000000
2018-02-25 18:27:26,0.02248200,2.25000000
2018-02-25 18:27:26,0.02248300,1.08000000
2018-02-25 18:27:26,0.02248500,3.53000000
2018-02-25 18:27:26,0.02240200,0.11000000
2018-02-25 18:27:28,0.02241200,0.05000000
2018-02-25 18:27:28,0.02242000,0.09000000
2018-02-25 18:27:29,0.02242000,0.72000000
2018-02-25 18:27:29,0.02241700,0.12000000
2018-02-25 18:27:29,0.02241700,0.64000000
2018-02-25 18:27:30,0.02241800,0.22000000
2018-02-25 18:27:30,0.02241600,0.80000000
2018-02-25 18:27:30,0.02242000,1.67000000
2018-02-25 18:27:30,0.02247400,0.05000000
2018-02-25 18:27:30,0.02247600,3.46000000
2018-02-25 18:27:32,0.02247500,0.91000000
2018-02-25 18:27:32,0.02248300,0.25000000
2018-02-25 18:27:33,0.02242700,3.93000000
2018-02-25 18:27:33,0.02242600,4.25000000
2018-02-25 18:27:33,0.02242400,6.30000000
2018-02-25 18:27:33,0.02242400,2.39000000
2018-02-25 18:27:33,0.02248300,1.03000000
2018-02-25 18:27:33,0.02242700,0.89000000
2018-02-25 18:27:33,0.02242700,0.12000000
2018-02-25 18:27:34,0.02242500,0.89000000
2018-02-25 18:27:34,0.02242400,0.45000000
2018-02-25 18:27:34,0.02242400,0.60000000
2018-02-25 18:27:36,0.02242400,0.05000000
2018-02-25 18:27:37,0.02245200,1.82000000
2018-02-25 18:27:37,0.02242400,0.48000000
2018-02-25 18:27:38,0.02242500,0.12000000
2018-02-25 18:27:38,0.02242500,0.07000000
2018-02-25 18:27:38,0.02242400,0.01000000
2018-02-25 18:27:38,0.02242300,0.31000000
2018-02-25 18:27:39,0.02242300,0.76000000
2018-02-25 18:27:40,0.02244300,0.20000000
2018-02-25 18:27:41,0.02244000,0.10000000
2018-02-25 18:27:44,0.02243000,0.44000000
2018-02-25 18:27:44,0.02242400,0.20000000
2018-02-25 18:27:46,0.02242400,0.06000000
2018-02-25 18:27:47,0.02242400,4.12000000
2018-02-25 18:27:47,0.02242600,0.22000000
2018-02-25 18:27:47,0.02242900,0.79000000
2018-02-25 18:27:48,0.02242400,0.47000000
2018-02-25 18:27:48,0.02242400,3.12000000
2018-02-25 18:27:50,0.02242900,1.60000000
2018-02-25 18:27:53,0.02245400,0.22000000
2018-02-25 18:27:53,0.02245800,0.05000000
2018-02-25 18:27:53,0.02246100,0.19000000
2018-02-25 18:27:53,0.02246200,1.10000000
2018-02-25 18:27:54,0.02242800,2.23000000
2018-02-25 18:27:56,0.02242800,4.42000000
2018-02-25 18:27:56,0.02242800,0.01000000
2018-02-25 18:27:56,0.02242700,0.07000000
2018-02-25 18:27:56,0.02242700,0.03000000
2018-02-25 18:27:56,0.02242600,0.14000000
2018-02-25 18:27:56,0.02242600,0.27000000
2018-02-25 18:27:56,0.02242500,1.96000000
2018-02-25 18:27:56,0.02242500,2.33000000
2018-02-25 18:28:00,0.02242800,0.22000000
2018-02-25 18:28:00,0.02242400,13.37000000
2018-02-25 18:28:01,0.02244400,0.01000000
2018-02-25 18:28:01,0.02244400,1.00000000
2018-02-25 18:28:02,0.02242400,6.29000000
2018-02-25 18:28:02,0.02242400,0.11000000
2018-02-25 18:28:03,0.02243800,4.21000000
2018-02-25 18:28:04,0.02242400,0.88000000
2018-02-25 18:28:06,0.02242400,3.12000000
2018-02-25 18:28:06,0.02242600,1.44000000
2018-02-25 18:28:08,0.02243200,4.29000000
2018-02-25 18:28:08,0.02243300,7.59000000
2018-02-25 18:28:08,0.02243300,1.32000000
2018-02-25 18:28:08,0.02243300,0.15000000
2018-02-25 18:28:09,0.02243300,2.23000000
2018-02-25 18:28:12,0.02243300,3.12000000
2018-02-25 18:28:12,0.02243300,0.09000000
2018-02-25 18:28:12,0.02243300,2.23000000
2018-02-25 18:28:13,0.02243300,0.81000000
2018-02-25 18:28:13,0.02244400,2.62000000
2018-02-25 18:28:14,0.02243300,0.39000000
2018-02-25 18:28:14,0.02243000,0.62000000
2018-02-25 18:28:14,0.02242600,3.69000000
2018-02-25 18:28:14,0.02242600,0.45000000
2018-02-25 18:28:19,0.02244400,0.26000000
2018-02-25 18:28:19,0.02246100,0.18000000
2018-02-25 18:28:21,0.02242800,2.01000000
2018-02-25 18:28:22,0.02242800,1.33000000
2018-02-25 18:28:22,0.02242800,0.14000000
2018-02-25 18:28:23,0.02242800,1.50000000
2018-02-25 18:28:23,0.02242700,2.05000000
2018-02-25 18:28:24,0.02245400,4.98000000
2018-02-25 18:28:24,0.02245500,0.18000000
2018-02-25 18:28:24,0.02245600,4.78000000
2018-02-25 18:28:24,0.02246000,4.07000000
2018-02-25 18:28:24,0.02242700,2.25000000
2018-02-25 18:28:24,0.02242600,0.50000000
2018-02-25 18:28:25,0.02242700,0.45000000
2018-02-25 18:28:26,0.02242500,0.11000000
2018-02-25 18:28:28,0.02245200,2.61000000
2018-02-25 18:28:30,0.02242600,0.22000000
2018-02-25 18:28:30,0.02242500,0.77000000
2018-02-25 18:28:30,0.02242500,0.63000000
2018-02-25 18:28:30,0.02242500,0.99000000
2018-02-25 18:28:30,0.02242500,0.98000000
2018-02-25 18:28:30,0.02242500,0.11000000
2018-02-25 18:28:32,0.02242500,2.78000000
2018-02-25 18:28:32,0.02243800,0.08000000
2018-02-25 18:28:33,0.02243800,0.44000000
2018-02-25 18:28:35,0.02243500,0.36000000
2018-02-25 18:28:35,0.02242500,0.11000000
2018-02-25 18:28:39,0.02242500,0.11000000
2018-02-25 18:28:39,0.02243500,0.07000000
2018-02-25 18:28:39,0.02246100,2.57000000
2018-02-25 18:28:39,0.02246300,1.54000000
2018-02-25 18:28:39,0.02246600,2.55000000
2018-02-25 18:28:39,0.02246900,0.35000000
2018-02-25 18:28:41,0.02242800,2.23000000
2018-02-25 18:28:41,0.02247500,0.54000000
2018-02-25 18:28:41,0.02247600,0.58000000
2018-02-25 18:28:41,0.02248400,2.88000000
2018-02-25 18:28:43,0.02243600,2.23000000
2018-02-25 18:28:43,0.02243700,0.89000000
2018-02-25 18:28:43,0.02243600,3.00000000
2018-02-25 18:28:43,0.02243600,0.47000000
2018-02-25 18:28:44,0.02248200,0.44000000
2018-02-25 18:28:44,0.02243600,0.89000000
2018-02-25 18:28:44,0.02243600,0.07000000
2018-02-25 18:28:44,0.02243400,1.54000000
2018-02-25 18:28:45,0.02243100,2.23000000
2018-02-25 18:28:45,0.02243100,2.43000000
2018-02-25 18:28:46,0.02243100,0.01000000
2018-02-25 18:28:46,0.02242800,0.44000000
2018-02-25 18:28:46,0.02242800,0.08000000
2018-02-25 18:28:47,0.02243300,0.44000000
2018-02-25 18:28:49,0.02242600,0.10000000
2018-02-25 18:28:51,0.02242600,0.07000000
2018-02-25 18:28:52,0.02242600,0.44000000
2018-02-25 18:28:52,0.02242500,6.69000000
2018-02-25 18:28:52,0.02243300,4.68000000
2018-02-25 18:28:53,0.02243300,2.23000000
2018-02-25 18:28:54,0.02243300,6.54000000
2018-02-25 18:28:54,0.02243300,0.02000000
2018-02-25 18:28:54,0.02243300,6.53000000
2018-02-25 18:28:55,0.02242500,0.11000000
2018-02-25 18:28:55,0.02242500,2.37000000
2018-02-25 18:28:55,0.02242900,1.22000000
2018-02-25 18:28:59,0.02242500,4.80000000
2018-02-25 18:28:59,0.02242500,0.01000000
2018-02-25 18:28:59,0.02242400,2.21000000
2018-02-25 18:29:01,0.02242800,0.17000000
2018-02-25 18:29:01,0.02242900,0.41000000
2018-02-25 18:29:01,0.02242900,0.44000000
2018-02-25 18:29:02,0.02242400,2.68000000
2018-02-25 18:29:03,0.02242900,0.44000000
2018-02-25 18:29:04,0.02242900,0.44000000
2018-02-25 18:29:04,0.02242900,10.61000000
2018-02-25 18:29:05,0.02242900,0.88000000
2018-02-25 18:29:05,0.02242400,0.01000000
2018-02-25 18:29:05,0.02242000,0.24000000
2018-02-25 18:29:05,0.02242000,1.68000000
2018-02-25 18:29:05,0.02242000,0.45000000
2018-02-25 18:29:05,0.02242000,3.57000000
2018-02-25 18:29:05,0.02240200,4.63000000
2018-02-25 18:29:05,0.02240200,0.10000000
2018-02-25 18:29:05,0.02240100,10.34000000
2018-02-25 18:29:09,0.02241900,0.50000000
2018-02-25 18:29:11,0.02241900,0.54000000
2018-02-25 18:29:12,0.02240700,0.45000000
2018-02-25 18:29:12,0.02240700,1.78000000
2018-02-25 18:29:13,0.02240700,14.01000000
2018-02-25 18:29:18,0.02240700,0.13000000
2018-02-25 18:29:18,0.02241300,0.44000000
2018-02-25 18:29:18,0.02240700,0.05000000
2018-02-25 18:29:18,0.02240700,0.05000000
2018-02-25 18:29:19,0.02240700,0.11000000
2018-02-25 18:29:20,0.02240700,0.11000000
2018-02-25 18:29:24,0.02240700,0.11000000
2018-02-25 18:29:26,0.02241300,3.28000000
2018-02-25 18:29:28,0.02241300,0.11000000
2018-02-25 18:29:31,0.02241300,0.27000000
2018-02-25 18:29:31,0.02241700,0.44000000
2018-02-25 18:29:31,0.02241000,0.90000000
2018-02-25 18:29:32,0.02240700,1.76000000
2018-02-25 18:29:36,0.02241300,0.05000000
2018-02-25 18:29:38,0.02241300,0.20000000
2018-02-25 18:29:41,0.02241300,15.65000000
2018-02-25 18:29:49,0.02241300,0.11000000
2018-02-25 18:29:53,0.02241300,0.11000000
2018-02-25 18:29:53,0.02241600,0.24000000
2018-02-25 18:29:54,0.02241600,0.07000000
2018-02-25 18:29:55,0.02241300,0.09000000
2018-02-25 18:29:56,0.02241600,0.57000000
2018-02-25 18:29:56,0.02241700,1.35000000
2018-02-25 18:29:56,0.02242000,2.39000000
2018-02-25 18:29:56,0.02243000,0.10000000
2018-02-25 18:29:56,0.02243400,0.72000000
2018-02-25 18:29:56,0.02245000,0.05000000
2018-02-25 18:29:56,0.02246200,0.05000000
2018-02-25 18:29:56,0.02246500,0.21000000
2018-02-25 18:29:56,0.02246800,0.17000000
2018-02-25 18:29:57,0.02241800,0.11000000
2018-02-25 18:29:58,0.02242100,3.12000000
2018-02-25 18:29:59,0.02246700,0.44000000
2018-02-25 18:30:01,0.02242400,3.44000000
2018-02-25 18:30:01,0.02242200,12.51000000
2018-02-25 18:30:01,0.02241600,0.10000000
2018-02-25 18:30:01,0.02241300,12.73000000
2018-02-25 18:30:04,0.02241300,0.89000000
2018-02-25 18:30:07,0.02242100,0.99000000
2018-02-25 18:30:10,0.02241300,4.11000000
2018-02-25 18:30:12,0.02241100,0.15000000
2018-02-25 18:30:12,0.02241100,0.57000000
2018-02-25 18:30:15,0.02241000,0.15000000
2018-02-25 18:30:15,0.02240700,0.21000000
2018-02-25 18:30:15,0.02240700,3.99000000
2018-02-25 18:30:16,0.02240700,11.22000000
2018-02-25 18:30:16,0.02241100,4.96000000
2018-02-25 18:30:16,0.02241300,0.07000000
2018-02-25 18:30:16,0.02240700,3.12000000
2018-02-25 18:30:17,0.02240700,1.48000000
2018-02-25 18:30:17,0.02240700,6.03000000
2018-02-25 18:30:18,0.02241200,1.52000000
2018-02-25 18:30:20,0.02241200,1.67000000
2018-02-25 18:30:21,0.02241200,0.44000000
2018-02-25 18:30:22,0.02241000,21.08000000
2018-02-25 18:30:22,0.02240700,2.23000000
2018-02-25 18:30:23,0.02240700,1.04000000
2018-02-25 18:30:23,0.02240700,0.31000000
2018-02-25 18:30:23,0.02240700,25.00000000
2018-02-25 18:30:23,0.02240700,4.01000000
2018-02-25 18:30:23,0.02240700,4.80000000
2018-02-25 18:30:24,0.02240700,0.20000000
2018-02-25 18:30:25,0.02240700,0.22000000
2018-02-25 18:30:25,0.02240700,2.95000000
2018-02-25 18:30:25,0.02240700,0.22000000
2018-02-25 18:30:25,0.02240700,0.22000000
2018-02-25 18:30:25,0.02240800,0.22000000
2018-02-25 18:30:25,0.02240900,0.22000000
2018-02-25 18:30:26,0.02240700,2.24000000
2018-02-25 18:30:26,0.02240700,0.22000000
2018-02-25 18:30:26,0.02240700,0.22000000
2018-02-25 18:30:27,0.02240700,9.15000000
2018-02-25 18:30:28,0.02240700,1.15000000
2018-02-25 18:30:28,0.02240700,0.79000000
2018-02-25 18:30:29,0.02240700,2.24000000
2018-02-25 18:30:29,0.02240700,2.08000000
2018-02-25 18:30:30,0.02240700,0.42000000
2018-02-25 18:30:32,0.02240700,0.15000000
2018-02-25 18:30:33,0.02240800,0.10000000
2018-02-25 18:30:33,0.02240900,0.34000000
2018-02-25 18:30:33,0.02240700,8.99000000
2018-02-25 18:30:33,0.02240700,3.44000000
2018-02-25 18:30:33,0.02240700,0.07000000
2018-02-25 18:30:34,0.02240700,1.52000000
2018-02-25 18:30:34,0.02240700,4.84000000
2018-02-25 18:30:35,0.02240700,1.01000000
2018-02-25 18:30:35,0.02240900,0.39000000
2018-02-25 18:30:35,0.02240700,0.14000000
2018-02-25 18:30:36,0.02240700,2.24000000
2018-02-25 18:30:37,0.02240700,2.06000000
2018-02-25 18:30:37,0.02240700,0.13000000
2018-02-25 18:30:37,0.02240700,1.67000000
2018-02-25 18:30:37,0.02240700,3.25000000
2018-02-25 18:30:38,0.02240900,0.18000000
2018-02-25 18:30:38,0.02240700,2.45000000
2018-02-25 18:30:39,0.02240900,3.28000000
2018-02-25 18:30:39,0.02240700,1.00000000
2018-02-25 18:30:40,0.02240700,2.47000000
2018-02-25 18:30:41,0.02240700,0.11000000
2018-02-25 18:30:42,0.02240700,3.77000000
2018-02-25 18:30:42,0.02240700,0.19000000
2018-02-25 18:30:43,0.02240700,1.20000000
2018-02-25 18:30:44,0.02240900,0.15000000
2018-02-25 18:30:45,0.02240900,0.44000000
2018-02-25 18:30:45,0.02240700,0.11000000
2018-02-25 18:30:47,0.02240900,0.56000000
2018-02-25 18:30:47,0.02240700,0.05000000
2018-02-25 18:30:48,0.02240700,0.07000000
2018-02-25 18:30:48,0.02240700,0.05000000
2018-02-25 18:30:49,0.02240700,0.58000000
2018-02-25 18:30:50,0.02240700,0.11000000
2018-02-25 18:30:51,0.02240900,0.44000000
2018-02-25 18:30:52,0.02240900,0.44000000
2018-02-25 18:30:53,0.02240700,2.88000000
2018-02-25 18:30:53,0.02240700,1.33000000
2018-02-25 18:30:53,0.02240700,2.76000000
2018-02-25 18:30:53,0.02240700,3.27000000
2018-02-25 18:30:54,0.02240700,0.11000000
2018-02-25 18:30:54,0.02240900,0.20000000
2018-02-25 18:30:57,0.02240700,1.44000000
2018-02-25 18:30:59,0.02240700,25.93000000
2018-02-25 18:31:00,0.02240900,4.08000000
2018-02-25 18:31:02,0.02240700,0.05000000
2018-02-25 18:31:02,0.02240700,0.11000000
2018-02-25 18:31:03,0.02240700,0.10000000
2018-02-25 18:31:09,0.02240900,0.44000000
2018-02-25 18:31:12,0.02240900,1.10000000
2018-02-25 18:31:12,0.02240900,0.93000000
2018-02-25 18:31:12,0.02240900,1.11000000
2018-02-25 18:31:12,0.02240900,0.93000000
2018-02-25 18:31:12,0.02240900,0.18000000
2018-02-25 18:31:13,0.02240900,0.01000000
2018-02-25 18:31:13,0.02241000,14.78000000
2018-02-25 18:31:14,0.02240700,19.08000000
2018-02-25 18:31:16,0.02240700,0.38000000
2018-02-25 18:31:17,0.02241000,2.69000000
2018-02-25 18:31:20,0.02241000,0.44000000
2018-02-25 18:31:21,0.02241000,1.65000000
2018-02-25 18:31:22,0.02241000,0.44000000
2018-02-25 18:31:23,0.02240700,0.11000000
2018-02-25 18:31:23,0.02241000,0.44000000
2018-02-25 18:31:27,0.02240900,0.12000000
2018-02-25 18:31:30,0.02240900,0.89000000
2018-02-25 18:31:31,0.02241000,3.66000000
2018-02-25 18:31:32,0.02241000,0.38000000
2018-02-25 18:31:34,0.02241000,0.95000000
2018-02-25 18:31:36,0.02241000,7.58000000
2018-02-25 18:31:36,0.02241000,0.22000000
2018-02-25 18:31:39,0.02241000,0.23000000
2018-02-25 18:31:39,0.02241100,0.44000000
2018-02-25 18:31:43,0.02241000,0.71000000
2018-02-25 18:31:44,0.02241000,3.56000000
2018-02-25 18:31:45,0.02241000,0.22000000
2018-02-25 18:31:45,0.02241000,0.14000000
2018-02-25 18:31:47,0.02241100,0.64000000
2018-02-25 18:31:51,0.02241100,0.11000000
2018-02-25 18:31:51,0.02241000,1.55000000
2018-02-25 18:31:52,0.02241100,3.06000000
2018-02-25 18:31:54,0.02241000,0.11000000
2018-02-25 18:31:55,0.02241000,0.14000000
2018-02-25 18:31:55,0.02241000,1.05000000
2018-02-25 18:31:57,0.02241300,0.23000000
2018-02-25 18:31:58,0.02241300,0.01000000
2018-02-25 18:31:58,0.02241900,6.30000000
2018-02-25 18:31:58,0.02241100,1.31000000
2018-02-25 18:32:03,0.02240700,0.10000000
2018-02-25 18:32:05,0.02240700,0.44000000
2018-02-25 18:32:11,0.02240800,0.23000000
2018-02-25 18:32:11,0.02240700,0.69000000
2018-02-25 18:32:11,0.02240000,5.79000000
2018-02-25 18:32:12,0.02240000,17.85000000
2018-02-25 18:32:12,0.02240000,6.96000000
2018-02-25 18:32:13,0.02240000,10.24000000
2018-02-25 18:32:13,0.02240000,4.80000000
2018-02-25 18:32:13,0.02240000,8.44000000
2018-02-25 18:32:16,0.02240100,0.50000000
2018-02-25 18:32:18,0.02240000,20.98000000
2018-02-25 18:32:19,0.02240000,17.16000000
2018-02-25 18:32:19,0.02240100,0.69000000
2018-02-25 18:32:19,0.02241300,0.29000000
2018-02-25 18:32:19,0.02242200,1.11000000
2018-02-25 18:32:20,0.02240000,76.48000000
2018-02-25 18:32:20,0.02240000,1.82000000
2018-02-25 18:32:26,0.02240000,2.22000000
2018-02-25 18:32:26,0.02242200,0.42000000
2018-02-25 18:32:35,0.02241100,0.10000000
2018-02-25 18:32:35,0.02239500,0.17000000
2018-02-25 18:32:35,0.02239400,2.37000000
2018-02-25 18:32:37,0.02240000,0.55000000
2018-02-25 18:32:39,0.02240000,9.37000000
2018-02-25 18:32:39,0.02240000,0.07000000
2018-02-25 18:32:39,0.02240000,0.40000000
2018-02-25 18:32:39,0.02239300,6.29000000
2018-02-25 18:32:40,0.02241100,0.10000000
2018-02-25 18:32:40,0.02239300,4.23000000
2018-02-25 18:32:44,0.02239300,0.50000000
2018-02-25 18:32:45,0.02240800,0.08000000
2018-02-25 18:32:46,0.02239300,0.37000000
2018-02-25 18:32:47,0.02239300,4.01000000
2018-02-25 18:32:50,0.02240700,0.93000000
2018-02-25 18:32:50,0.02240700,0.01000000
2018-02-25 18:32:50,0.02240800,3.29000000
2018-02-25 18:32:50,0.02240900,4.80000000
2018-02-25 18:32:50,0.02241100,0.08000000
2018-02-25 18:32:50,0.02242200,0.47000000
2018-02-25 18:32:50,0.02243700,0.45000000
2018-02-25 18:32:50,0.02244000,0.33000000
2018-02-25 18:32:50,0.02244100,0.10000000
2018-02-25 18:32:50,0.02244500,1.95000000
2018-02-25 18:32:50,0.02244700,0.91000000
2018-02-25 18:32:50,0.02244800,3.30000000
2018-02-25 18:32:50,0.02244900,3.81000000
2018-02-25 18:32:51,0.02239800,6.65000000
2018-02-25 18:32:51,0.02239600,0.89000000
2018-02-25 18:32:52,0.02239300,0.74000000
2018-02-25 18:32:52,0.02239300,3.00000000
2018-02-25 18:32:52,0.02239100,7.00000000
2018-02-25 18:32:54,0.02239100,6.65000000
2018-02-25 18:32:55,0.02239300,3.74000000
2018-02-25 18:32:55,0.02239600,0.25000000
2018-02-25 18:32:55,0.02239100,2.83000000
2018-02-25 18:32:56,0.02239100,6.11000000
2018-02-25 18:32:56,0.02239200,2.23000000
2018-02-25 18:32:57,0.02239200,3.82000000
2018-02-25 18:32:57,0.02239200,3.83000000
2018-02-25 18:32:57,0.02239100,3.30000000
2018-02-25 18:32:57,0.02239000,23.06000000
2018-02-25 18:33:00,0.02239100,1.12000000
2018-02-25 18:33:00,0.02239000,3.88000000
2018-02-25 18:33:01,0.02239000,1.35000000
2018-02-25 18:33:01,0.02239000,52.94000000
2018-02-25 18:33:02,0.02239000,2.39000000
2018-02-25 18:33:03,0.02239000,1.08000000
2018-02-25 18:33:03,0.02239000,2.22000000
2018-02-25 18:33:05,0.02239100,0.54000000
2018-02-25 18:33:05,0.02239000,1.98000000
2018-02-25 18:33:05,0.02239000,1.50000000
2018-02-25 18:33:06,0.02239000,0.80000000
2018-02-25 18:33:06,0.02239300,0.21000000
2018-02-25 18:33:07,0.02239300,10.21000000
2018-02-25 18:33:11,0.02239300,0.54000000
2018-02-25 18:33:14,0.02239300,0.11000000
2018-02-25 18:33:14,0.02239300,0.45000000
2018-02-25 18:33:16,0.02239300,0.45000000
2018-02-25 18:33:17,0.02239300,0.50000000
2018-02-25 18:33:17,0.02239300,0.11000000
2018-02-25 18:33:19,0.02239300,0.11000000
2018-02-25 18:33:20,0.02239300,2.23000000
2018-02-25 18:33:20,0.02239300,0.08000000
2018-02-25 18:33:22,0.02239100,0.62000000
2018-02-25 18:33:22,0.02239000,1.61000000
2018-02-25 18:33:23,0.02239000,1.33000000
2018-02-25 18:33:23,0.02239000,1.33000000
2018-02-25 18:33:23,0.02239000,12.05000000
2018-02-25 18:33:24,0.02239000,0.50000000
2018-02-25 18:33:24,0.02239000,2.23000000
2018-02-25 18:33:30,0.02239000,14.64000000
2018-02-25 18:33:32,0.02239000,2.79000000
2018-02-25 18:33:33,0.02239000,1.61000000
2018-02-25 18:33:36,0.02239100,3.75000000
2018-02-25 18:33:36,0.02239000,24.35000000
2018-02-25 18:33:37,0.02239000,93.77000000
2018-02-25 18:33:37,0.02239000,0.54000000
2018-02-25 18:33:39,0.02239000,0.38000000
2018-02-25 18:33:40,0.02238800,0.42000000
2018-02-25 18:33:41,0.02238800,2.23000000
2018-02-25 18:33:43,0.02239000,0.44000000
2018-02-25 18:33:43,0.02238800,2.23000000
2018-02-25 18:33:45,0.02239000,0.06000000
2018-02-25 18:33:45,0.02238800,1.82000000
2018-02-25 18:33:45,0.02238700,0.41000000
2018-02-25 18:33:45,0.02238800,0.12000000
2018-02-25 18:33:45,0.02239000,0.32000000
2018-02-25 18:33:47,0.02238700,0.06000000
2018-02-25 18:33:47,0.02238400,0.17000000
2018-02-25 18:33:47,0.02238000,2.00000000
2018-02-25 18:33:50,0.02238000,0.47000000
2018-02-25 18:33:51,0.02238000,0.35000000
2018-02-25 18:33:52,0.02238000,1.00000000
2018-02-25 18:33:53,0.02239000,0.34000000
2018-02-25 18:33:59,0.02238800,5.79000000
2018-02-25 18:33:59,0.02238800,0.98000000
2018-02-25 18:33:59,0.02238800,4.80000000
2018-02-25 18:34:02,0.02238800,0.05000000
2018-02-25 18:34:02,0.02238800,0.26000000
2018-02-25 18:34:02,0.02238900,0.67000000
2018-02-25 18:34:03,0.02238800,0.15000000
2018-02-25 18:34:04,0.02238800,0.05000000
2018-02-25 18:34:04,0.02238800,0.11000000
2018-02-25 18:34:05,0.02238800,0.14000000
2018-02-25 18:34:05,0.02238900,0.33000000
2018-02-25 18:34:06,0.02238800,2.47000000
2018-02-25 18:34:07,0.02238800,0.45000000
2018-02-25 18:34:08,0.02238800,0.12000000
2018-02-25 18:34:10,0.02238800,0.45000000
2018-02-25 18:34:11,0.02238800,5.64000000
2018-02-25 18:34:12,0.02238800,0.45000000
2018-02-25 18:34:13,0.02238900,0.44000000
2018-02-25 18:34:15,0.02238900,0.44000000
2018-02-25 18:34:15,0.02238800,0.14000000
2018-02-25 18:34:17,0.02238900,0.44000000
2018-02-25 18:34:19,0.02238800,0.88000000
2018-02-25 18:34:19,0.02238800,4.80000000
2018-02-25 18:34:23,0.02238900,0.21000000
2018-02-25 18:34:23,0.02238800,0.13000000
2018-02-25 18:34:25,0.02238800,0.05000000
2018-02-25 18:34:26,0.02238800,0.14000000
2018-02-25 18:34:27,0.02238900,0.40000000
2018-02-25 18:34:35,0.02238800,0.14000000
2018-02-25 18:34:38,0.02238900,1.98000000
2018-02-25 18:34:38,0.02238800,5.67000000
2018-02-25 18:34:38,0.02238800,4.05000000
2018-02-25 18:34:38,0.02238800,5.19000000
2018-02-25 18:34:39,0.02238900,0.97000000
2018-02-25 18:34:39,0.02238000,4.80000000
2018-02-25 18:34:40,0.02238800,0.44000000
2018-02-25 18:34:40,0.02238800,0.05000000
2018-02-25 18:34:40,0.02238800,0.01000000
2018-02-25 18:34:40,0.02238900,0.43000000
2018-02-25 18:34:40,0.02238900,3.60000000
2018-02-25 18:34:40,0.02238000,3.92000000
2018-02-25 18:34:40,0.02238000,0.94000000
2018-02-25 18:34:44,0.02238800,0.40000000
2018-02-25 18:34:45,0.02238800,2.39000000
2018-02-25 18:34:45,0.02237600,0.05000000
2018-02-25 18:34:46,0.02237600,0.08000000
2018-02-25 18:34:47,0.02237600,0.01000000
2018-02-25 18:34:47,0.02238800,0.61000000
2018-02-25 18:34:47,0.02238900,45.08000000
2018-02-25 18:34:49,0.02238900,0.61000000
2018-02-25 18:34:50,0.02237100,0.58000000
2018-02-25 18:34:52,0.02236100,0.16000000
2018-02-25 18:34:52,0.02236100,0.06000000
2018-02-25 18:34:52,0.02236000,0.22000000
2018-02-25 18:34:52,0.02236000,0.12000000
2018-02-25 18:34:52,0.02236000,0.12000000
2018-02-25 18:34:52,0.02236000,0.12000000
2018-02-25 18:34:53,0.02236000,0.22000000
2018-02-25 18:34:53,0.02236000,0.13000000
2018-02-25 18:34:53,0.02236000,0.09000000
2018-02-25 18:34:54,0.02236000,0.09000000
2018-02-25 18:34:54,0.02236000,0.08000000
2018-02-25 18:34:54,0.02236000,0.40000000
2018-02-25 18:34:55,0.02235800,0.14000000
2018-02-25 18:34:57,0.02236000,0.01000000
2018-02-25 18:34:57,0.02238900,0.23000000
2018-02-25 18:35:00,0.02238700,0.11000000
2018-02-25 18:35:05,0.02238700,0.58000000
2018-02-25 18:35:05,0.02236100,0.14000000
2018-02-25 18:35:07,0.02238000,0.11000000
2018-02-25 18:35:08,0.02238000,0.05000000
2018-02-25 18:35:09,0.02238700,0.44000000
2018-02-25 18:35:10,0.02238700,1.64000000
2018-02-25 18:35:10,0.02238700,0.51000000
2018-02-25 18:35:12,0.02236500,2.15000000
2018-02-25 18:35:12,0.02238800,0.44000000
2018-02-25 18:35:13,0.02236500,0.15000000
2018-02-25 18:35:15,0.02236500,0.14000000
2018-02-25 18:35:21,0.02238700,0.44000000
2018-02-25 18:35:22,0.02238700,0.08000000
2018-02-25 18:35:22,0.02238800,0.36000000
2018-02-25 18:35:25,0.02236900,0.14000000
2018-02-25 18:35:29,0.02238700,2.14000000
2018-02-25 18:35:32,0.02238700,0.26000000
2018-02-25 18:35:32,0.02236100,4.52000000
2018-02-25 18:35:32,0.02235900,0.28000000
2018-02-25 18:35:33,0.02235900,0.56000000
2018-02-25 18:35:33,0.02235800,1.69000000
2018-02-25 18:35:33,0.02236900,0.39000000
2018-02-25 18:35:33,0.02236900,0.23000000
2018-02-25 18:35:34,0.02236900,0.52000000
2018-02-25 18:35:34,0.02236900,0.28000000
2018-02-25 18:35:35,0.02235800,0.14000000
2018-02-25 18:35:36,0.02236900,5.42000000
2018-02-25 18:35:36,0.02235800,0.23000000
2018-02-25 18:35:42,0.02236500,4.33000000
2018-02-25 18:35:42,0.02236500,1.47000000
2018-02-25 18:35:44,0.02236500,0.46000000
2018-02-25 18:35:45,0.02235800,2.25000000
2018-02-25 18:35:45,0.02236500,6.58000000
2018-02-25 18:35:45,0.02235800,0.14000000
2018-02-25 18:35:45,0.02235800,2.25000000
2018-02-25 18:35:46,0.02235800,2.25000000
2018-02-25 18:35:46,0.02236500,0.29000000
2018-02-25 18:35:46,0.02236500,0.26000000
2018-02-25 18:35:47,0.02235800,2.25000000
2018-02-25 18:35:48,0.02235800,0.68000000
2018-02-25 18:35:51,0.02235800,0.38000000
2018-02-25 18:35:52,0.02235000,0.44000000
2018-02-25 18:35:53,0.02235800,1.14000000
2018-02-25 18:35:54,0.02235800,0.20000000
2018-02-25 18:35:54,0.02235800,1.00000000
2018-02-25 18:35:54,0.02235800,0.23000000
2018-02-25 18:35:57,0.02235800,2.91000000
2018-02-25 18:35:57,0.02235000,4.56000000
2018-02-25 18:35:57,0.02234700,0.14000000
2018-02-25 18:35:57,0.02234500,2.24000000
2018-02-25 18:35:57,0.02234100,0.87000000
2018-02-25 18:35:57,0.02234000,0.56000000
2018-02-25 18:35:58,0.02234000,17.89000000
2018-02-25 18:35:58,0.02234000,24.00000000
2018-02-25 18:36:01,0.02234000,0.45000000
2018-02-25 18:36:01,0.02235000,0.08000000
2018-02-25 18:36:04,0.02235000,0.68000000
2018-02-25 18:36:06,0.02235800,0.17000000
2018-02-25 18:36:06,0.02235800,0.46000000
2018-02-25 18:36:06,0.02234900,0.20000000
2018-02-25 18:36:09,0.02233300,0.24000000
2018-02-25 18:36:09,0.02233200,0.46000000
2018-02-25 18:36:09,0.02234100,1.57000000
2018-02-25 18:36:09,0.02234100,3.43000000
2018-02-25 18:36:10,0.02233800,1.04000000
2018-02-25 18:36:25,0.02235500,0.05000000
2018-02-25 18:36:26,0.02235500,0.17000000
2018-02-25 18:36:26,0.02232900,4.25000000
2018-02-25 18:36:26,0.02232700,2.02000000
2018-02-25 18:36:26,0.02230700,0.44000000
2018-02-25 18:36:26,0.02230600,1.16000000
2018-02-25 18:36:26,0.02230800,0.05000000
2018-02-25 18:36:27,0.02235500,0.17000000
2018-02-25 18:36:28,0.02235500,0.82000000
2018-02-25 18:36:30,0.02233700,0.94000000
2018-02-25 18:36:30,0.02233700,0.22000000
2018-02-25 18:36:30,0.02233800,0.31000000
2018-02-25 18:36:32,0.02233800,0.10000000
2018-02-25 18:36:33,0.02233800,0.34000000
2018-02-25 18:36:33,0.02233800,0.11000000
2018-02-25 18:36:33,0.02233800,0.95000000
2018-02-25 18:36:34,0.02233800,0.01000000
2018-02-25 18:36:38,0.02233300,2.61000000
2018-02-25 18:36:40,0.02233000,2.30000000
2018-02-25 18:36:40,0.02231600,0.15000000
2018-02-25 18:36:40,0.02230800,0.06000000
2018-02-25 18:36:40,0.02235000,0.05000000
2018-02-25 18:36:40,0.02235000,0.05000000
2018-02-25 18:36:41,0.02235000,0.11000000
2018-02-25 18:36:43,0.02231500,0.06000000
2018-02-25 18:36:43,0.02231200,6.65000000
2018-02-25 18:36:44,0.02233000,0.25000000
2018-02-25 18:36:44,0.02234900,0.25000000
2018-02-25 18:36:44,0.02234700,1.43000000
2018-02-25 18:36:47,0.02234700,2.47000000
2018-02-25 18:36:47,0.02234700,0.05000000
2018-02-25 18:36:47,0.02234700,2.75000000
2018-02-25 18:36:48,0.02234800,1.95000000
2018-02-25 18:36:48,0.02234800,0.01000000
2018-02-25 18:36:48,0.02234600,1.51000000
2018-02-25 18:36:48,0.02233000,0.25000000
2018-02-25 18:36:48,0.02231400,0.25000000
2018-02-25 18:36:48,0.02231200,2.53000000
2018-02-25 18:36:49,0.02235000,4.37000000
2018-02-25 18:36:50,0.02231700,0.30000000
2018-02-25 18:36:50,0.02234500,0.47000000
2018-02-25 18:36:50,0.02234500,1.00000000
2018-02-25 18:36:52,0.02234700,0.29000000
2018-02-25 18:36:53,0.02234700,0.01000000
2018-02-25 18:36:53,0.02234900,0.14000000
2018-02-25 18:36:54,0.02234900,2.75000000
2018-02-25 18:36:54,0.02235000,5.67000000
2018-02-25 18:36:54,0.02235000,0.44000000
2018-02-25 18:36:54,0.02235000,0.34000000
2018-02-25 18:36:55,0.02235000,1.44000000
2018-02-25 18:36:56,0.02235000,2.45000000
2018-02-25 18:36:58,0.02234000,0.24000000
2018-02-25 18:37:01,0.02234900,1.47000000
2018-02-25 18:37:02,0.02234900,0.07000000
2018-02-25 18:37:02,0.02234900,3.41000000
2018-02-25 18:37:02,0.02234900,1.02000000
2018-02-25 18:37:02,0.02234900,2.40000000
2018-02-25 18:37:02,0.02234900,7.21000000
2018-02-25 18:37:02,0.02235000,1.57000000
2018-02-25 18:37:03,0.02235000,7.74000000
2018-02-25 18:37:03,0.02235000,2.05000000
2018-02-25 18:37:04,0.02234900,0.34000000
2018-02-25 18:37:05,0.02235000,13.98000000
2018-02-25 18:37:05,0.02235000,3.24000000
2018-02-25 18:37:05,0.02235000,0.04000000
2018-02-25 18:37:05,0.02235000,1.91000000
2018-02-25 18:37:08,0.02235000,16.45000000
2018-02-25 18:37:09,0.02235000,5.00000000
2018-02-25 18:37:10,0.02235000,0.90000000
2018-02-25 18:37:12,0.02235500,6.03000000
2018-02-25 18:37:12,0.02235800,2.81000000
2018-02-25 18:37:13,0.02236500,8.26000000
2018-02-25 18:37:14,0.02236500,0.01000000
2018-02-25 18:37:14,0.02236600,0.06000000
2018-02-25 18:37:14,0.02237000,0.36000000
2018-02-25 18:37:15,0.02235000,0.14000000
2018-02-25 18:37:15,0.02235200,2.82000000
2018-02-25 18:37:20,0.02235200,0.25000000
2018-02-25 18:37:22,0.02235200,1.40000000
2018-02-25 18:37:25,0.02235200,0.14000000
2018-02-25 18:37:29,0.02235200,0.55000000
2018-02-25 18:37:30,0.02236500,2.12000000
2018-02-25 18:37:30,0.02236900,0.08000000
2018-02-25 18:37:30,0.02237000,0.03000000
2018-02-25 18:37:32,0.02235200,2.81000000
2018-02-25 18:37:32,0.02235000,3.70000000
2018-02-25 18:37:32,0.02235000,0.11000000
2018-02-25 18:37:32,0.02234000,0.46000000
2018-02-25 18:37:32,0.02233300,2.34000000
2018-02-25 18:37:32,0.02235000,3.38000000
2018-02-25 18:37:32,0.02237000,12.43000000
2018-02-25 18:37:32,0.02237100,0.94000000
2018-02-25 18:37:32,0.02238800,0.85000000
2018-02-25 18:37:36,0.02235200,0.43000000
2018-02-25 18:37:36,0.02236900,0.01000000
2018-02-25 18:37:39,0.02235000,0.11000000
2018-02-25 18:37:40,0.02234700,0.48000000
2018-02-25 18:37:41,0.02234000,4.47000000
2018-02-25 18:37:41,0.02233800,0.10000000
2018-02-25 18:37:41,0.02233200,2.12000000
2018-02-25 18:37:43,0.02233500,0.05000000
2018-02-25 18:37:43,0.02234700,0.01000000
2018-02-25 18:37:43,0.02236900,0.23000000
2018-02-25 18:37:43,0.02238500,0.20000000
2018-02-25 18:37:48,0.02234300,4.36000000
2018-02-25 18:37:54,0.02235000,0.44000000
2018-02-25 18:37:55,0.02235000,0.44000000
2018-02-25 18:37:57,0.02234300,0.24000000
2018-02-25 18:37:57,0.02234100,1.02000000
2018-02-25 18:37:59,0.02234100,0.48000000
2018-02-25 18:37:59,0.02234100,1.98000000
2018-02-25 18:37:59,0.02234300,3.79000000
2018-02-25 18:37:59,0.02234300,0.47000000
2018-02-25 18:38:01,0.02234300,3.13000000
2018-02-25 18:38:01,0.02234800,0.13000000
2018-02-25 18:38:02,0.02235200,8.14000000
2018-02-25 18:38:02,0.02235200,0.05000000
2018-02-25 18:38:02,0.02234800,1.32000000
2018-02-25 18:38:02,0.02233400,0.13000000
2018-02-25 18:38:02,0.02235200,0.05000000
2018-02-25 18:38:03,0.02235200,1.78000000
2018-02-25 18:38:04,0.02235200,3.80000000
2018-02-25 18:38:04,0.02235200,2.24000000
2018-02-25 18:38:05,0.02235200,1.43000000
2018-02-25 18:38:05,0.02235200,0.05000000
2018-02-25 18:38:05,0.02235200,0.05000000
2018-02-25 18:38:06,0.02234800,0.22000000
2018-02-25 18:38:06,0.02233500,0.35000000
2018-02-25 18:38:06,0.02233500,0.39000000
2018-02-25 18:38:06,0.02233500,0.39000000
2018-02-25 18:38:06,0.02235200,2.24000000
2018-02-25 18:38:07,0.02235200,3.72000000
2018-02-25 18:38:10,0.02235400,0.89000000
2018-02-25 18:38:10,0.02235300,0.44000000
2018-02-25 18:38:10,0.02235200,1.75000000
2018-02-25 18:38:10,0.02235200,0.08000000
2018-02-25 18:38:10,0.02235200,2.39000000
2018-02-25 18:38:10,0.02235200,0.18000000
2018-02-25 18:38:13,0.02238000,0.10000000
2018-02-25 18:38:13,0.02235300,0.58000000
2018-02-25 18:38:14,0.02238000,0.11000000
2018-02-25 18:38:15,0.02238000,0.52000000
2018-02-25 18:38:20,0.02238500,1.50000000
2018-02-25 18:38:24,0.02238500,0.38000000
2018-02-25 18:38:25,0.02238500,0.24000000
2018-02-25 18:38:25,0.02238500,0.14000000
2018-02-25 18:38:26,0.02238500,0.03000000
2018-02-25 18:38:26,0.02238000,2.10000000
2018-02-25 18:38:27,0.02238000,0.27000000
2018-02-25 18:38:29,0.02238000,0.17000000
2018-02-25 18:38:38,0.02238000,0.44000000
2018-02-25 18:38:42,0.02238000,6.47000000
2018-02-25 18:38:44,0.02238000,2.70000000
2018-02-25 18:38:46,0.02238000,0.04000000
2018-02-25 18:38:47,0.02238000,0.44000000
2018-02-25 18:38:49,0.02238000,0.02000000
2018-02-25 18:38:50,0.02238000,0.05000000
2018-02-25 18:38:50,0.02238000,0.05000000
2018-02-25 18:38:51,0.02238000,0.11000000
2018-02-25 18:38:51,0.02238000,0.15000000
2018-02-25 18:38:51,0.02235000,4.91000000
2018-02-25 18:38:51,0.02235000,4.18000000
2018-02-25 18:38:51,0.02235000,9.44000000
2018-02-25 18:38:51,0.02235000,14.71000000
2018-02-25 18:38:55,0.02235100,0.14000000
2018-02-25 18:38:59,0.02235100,0.90000000
2018-02-25 18:39:03,0.02235100,1.90000000
2018-02-25 18:39:05,0.02235300,0.27000000
2018-02-25 18:39:05,0.02238000,0.16000000
2018-02-25 18:39:05,0.02238000,1.13000000
2018-02-25 18:39:05,0.02235300,0.14000000
2018-02-25 18:39:07,0.02237800,0.14000000
2018-02-25 18:39:07,0.02238000,1.13000000
2018-02-25 18:39:07,0.02238800,1.13000000
2018-02-25 18:39:07,0.02238800,2.40000000
2018-02-25 18:39:09,0.02235600,1.54000000
2018-02-25 18:39:11,0.02235200,3.26000000
2018-02-25 18:39:11,0.02235100,2.55000000
2018-02-25 18:39:12,0.02235100,0.15000000
2018-02-25 18:39:13,0.02238400,0.13000000
2018-02-25 18:39:14,0.02238400,0.17000000
2018-02-25 18:39:15,0.02238400,1.23000000
2018-02-25 18:39:16,0.02235700,0.47000000
2018-02-25 18:39:20,0.02238400,0.01000000
2018-02-25 18:39:20,0.02238600,0.43000000
2018-02-25 18:39:20,0.02238600,3.90000000
2018-02-25 18:39:20,0.02238800,0.71000000
2018-02-25 18:39:20,0.02238900,0.23000000
2018-02-25 18:39:20,0.02238900,0.95000000
2018-02-25 18:39:20,0.02238900,0.34000000
2018-02-25 18:39:21,0.02238900,0.05000000
2018-02-25 18:39:21,0.02238500,0.76000000
2018-02-25 18:39:23,0.02236500,0.22000000
2018-02-25 18:39:23,0.02236100,0.22000000
2018-02-25 18:39:23,0.02235900,0.06000000
2018-02-25 18:39:23,0.02235700,0.23000000
2018-02-25 18:39:25,0.02235500,4.33000000
2018-02-25 18:39:25,0.02235400,4.47000000
2018-02-25 18:39:26,0.02235200,1.99000000
2018-02-25 18:39:26,0.02238500,6.41000000
2018-02-25 18:39:30,0.02238900,0.08000000
2018-02-25 18:39:31,0.02235700,4.12000000
2018-02-25 18:39:31,0.02238900,0.44000000
2018-02-25 18:39:32,0.02235700,0.61000000
2018-02-25 18:39:33,0.02238000,0.28000000
2018-02-25 18:39:33,0.02238700,0.56000000
2018-02-25 18:39:35,0.02238000,0.14000000
2018-02-25 18:39:36,0.02238000,7.72000000
2018-02-25 18:39:36,0.02238000,3.04000000
2018-02-25 18:39:39,0.02238700,0.39000000
2018-02-25 18:39:43,0.02238000,0.01000000
2018-02-25 18:39:43,0.02236200,0.11000000
2018-02-25 18:39:43,0.02236000,1.88000000
2018-02-25 18:39:44,0.02236000,3.05000000
2018-02-25 18:39:47,0.02238700,0.44000000
2018-02-25 18:39:50,0.02238400,0.80000000
2018-02-25 18:40:06,0.02238100,1.00000000
2018-02-25 18:40:07,0.02238100,0.10000000
2018-02-25 18:40:09,0.02236000,1.00000000
2018-02-25 18:40:14,0.02238100,0.05000000
2018-02-25 18:40:15,0.02236200,0.14000000
2018-02-25 18:40:22,0.02236200,4.33000000
2018-02-25 18:40:22,0.02236200,0.61000000
2018-02-25 18:40:23,0.02237400,0.24000000
2018-02-25 18:40:25,0.02236200,0.01000000
2018-02-25 18:40:25,0.02236000,1.15000000
2018-02-25 18:40:26,0.02236200,0.13000000
2018-02-25 18:40:26,0.02237600,1.06000000
2018-02-25 18:40:28,0.02236000,5.26000000
2018-02-25 18:40:29,0.02236200,1.51000000
2018-02-25 18:40:31,0.02236000,0.11000000
2018-02-25 18:40:33,0.02236000,0.91000000
2018-02-25 18:40:33,0.02236200,0.08000000
2018-02-25 18:40:35,0.02238400,0.14000000
2018-02-25 18:40:36,0.02238400,3.41000000
2018-02-25 18:40:36,0.02238400,0.41000000
2018-02-25 18:40:36,0.02238400,0.40000000
2018-02-25 18:40:36,0.02238400,4.45000000
2018-02-25 18:40:36,0.02238400,0.41000000
2018-02-25 18:40:40,0.02238400,0.05000000
2018-02-25 18:40:40,0.02238400,0.09000000
2018-02-25 18:40:41,0.02238400,5.20000000
2018-02-25 18:40:42,0.02238500,0.29000000
2018-02-25 18:40:42,0.02238600,0.15000000
2018-02-25 18:40:43,0.02238400,1.38000000
2018-02-25 18:40:44,0.02238600,0.44000000
2018-02-25 18:40:45,0.02238400,2.92000000
2018-02-25 18:40:48,0.02238400,0.39000000
2018-02-25 18:40:56,0.02238600,0.44000000
2018-02-25 18:40:56,0.02238600,1.00000000
2018-02-25 18:40:57,0.02238400,0.05000000
2018-02-25 18:40:58,0.02238600,0.44000000
2018-02-25 18:40:58,0.02238400,0.96000000
2018-02-25 18:41:02,0.02238400,1.36000000
2018-02-25 18:41:02,0.02238000,6.70000000
2018-02-25 18:41:03,0.02238600,0.08000000
2018-02-25 18:41:04,0.02236200,1.50000000
2018-02-25 18:41:08,0.02238500,0.44000000
2018-02-25 18:41:09,0.02238500,0.44000000
2018-02-25 18:41:11,0.02238500,0.21000000
2018-02-25 18:41:11,0.02238600,0.46000000
2018-02-25 18:41:11,0.02238600,0.44000000
2018-02-25 18:41:12,0.02238600,0.44000000
2018-02-25 18:41:19,0.02236200,5.98000000
2018-02-25 18:41:20,0.02238400,1.38000000
2018-02-25 18:41:20,0.02238600,12.36000000
2018-02-25 18:41:20,0.02238600,2.60000000
2018-02-25 18:41:21,0.02238600,0.73000000
2018-02-25 18:41:21,0.02238600,0.13000000
2018-02-25 18:41:21,0.02238600,0.23000000
2018-02-25 18:41:21,0.02236200,0.50000000
2018-02-25 18:41:26,0.02238400,0.11000000
2018-02-25 18:41:26,0.02238600,0.15000000
2018-02-25 18:41:29,0.02238400,0.11000000
2018-02-25 18:41:31,0.02238400,1.29000000
2018-02-25 18:41:31,0.02236200,0.52000000
2018-02-25 18:41:31,0.02236200,0.38000000
2018-02-25 18:41:32,0.02236200,1.20000000
2018-02-25 18:41:44,0.02238600,1.59000000
2018-02-25 18:41:44,0.02239000,10.00000000
2018-02-25 18:41:45,0.02238600,0.55000000
2018-02-25 18:41:45,0.02238600,0.11000000
2018-02-25 18:41:47,0.02238700,0.11000000
2018-02-25 18:41:48,0.02239000,10.54000000
2018-02-25 18:41:49,0.02239000,0.12000000
2018-02-25 18:41:50,0.02238600,0.44000000
2018-02-25 18:41:50,0.02238000,0.07000000
2018-02-25 18:41:50,0.02237100,1.60000000
2018-02-25 18:41:50,0.02237000,0.65000000
2018-02-25 18:41:55,0.02237000,0.29000000
2018-02-25 18:41:59,0.02237000,4.05000000
2018-02-25 18:42:03,0.02236400,2.99000000
2018-02-25 18:42:03,0.02236200,4.06000000
2018-02-25 18:42:03,0.02236000,1.94000000
2018-02-25 18:42:05,0.02237000,0.04000000
2018-02-25 18:42:05,0.02238800,0.08000000
2018-02-25 18:42:05,0.02238900,0.32000000
2018-02-25 18:42:05,0.02236000,0.03000000
2018-02-25 18:42:15,0.02237000,0.98000000
2018-02-25 18:42:15,0.02237000,0.01000000
2018-02-25 18:42:15,0.02238800,2.67000000
2018-02-25 18:42:21,0.02238800,0.10000000
2018-02-25 18:42:27,0.02238800,0.27000000
2018-02-25 18:42:29,0.02238400,0.50000000
2018-02-25 18:42:31,0.02238800,2.00000000
2018-02-25 18:42:32,0.02236700,0.32000000
2018-02-25 18:42:35,0.02236700,0.11000000
2018-02-25 18:42:41,0.02236700,0.06000000
2018-02-25 18:42:46,0.02236900,1.26000000
2018-02-25 18:42:49,0.02236900,1.13000000
2018-02-25 18:42:49,0.02236900,3.34000000
2018-02-25 18:42:49,0.02236900,1.53000000
2018-02-25 18:42:50,0.02236900,0.68000000
2018-02-25 18:42:50,0.02237000,0.11000000
2018-02-25 18:42:50,0.02238800,13.48000000
2018-02-25 18:42:52,0.02238800,2.49000000
2018-02-25 18:42:52,0.02237000,0.29000000
2018-02-25 18:42:52,0.02236700,3.42000000
2018-02-25 18:42:53,0.02236700,0.46000000
2018-02-25 18:42:53,0.02238800,20.00000000
2018-02-25 18:42:55,0.02238700,2.79000000
2018-02-25 18:42:57,0.02236700,0.44000000
2018-02-25 18:42:57,0.02236500,0.58000000
2018-02-25 18:42:57,0.02236500,1.10000000
2018-02-25 18:42:58,0.02238600,0.15000000
2018-02-25 18:42:59,0.02238600,4.17000000
2018-02-25 18:42:59,0.02238500,0.80000000
2018-02-25 18:43:00,0.02236900,7.14000000
2018-02-25 18:43:01,0.02236700,0.22000000
2018-02-25 18:43:04,0.02236700,3.76000000
2018-02-25 18:43:07,0.02236700,2.00000000
2018-02-25 18:43:09,0.02238600,0.23000000
2018-02-25 18:43:12,0.02238600,1.30000000
2018-02-25 18:43:13,0.02238700,1.50000000
2018-02-25 18:43:13,0.02238700,17.69000000
2018-02-25 18:43:14,0.02238700,1.00000000
2018-02-25 18:43:17,0.02238700,0.11000000
2018-02-25 18:43:17,0.02238700,22.90000000
2018-02-25 18:43:17,0.02238800,1.05000000
2018-02-25 18:43:20,0.02238800,2.23000000
2018-02-25 18:43:20,0.02238800,2.47000000
2018-02-25 18:43:23,0.02238700,5.58000000
2018-02-25 18:43:25,0.02238700,0.24000000
2018-02-25 18:43:25,0.02238600,0.13000000
2018-02-25 18:43:26,0.02238600,0.10000000
2018-02-25 18:43:26,0.02238700,2.37000000
2018-02-25 18:43:26,0.02238800,4.12000000
2018-02-25 18:43:26,0.02237200,4.46000000
2018-02-25 18:43:26,0.02238800,0.11000000
2018-02-25 18:43:26,0.02237000,2.08000000
2018-02-25 18:43:28,0.02238800,0.11000000
2018-02-25 18:43:28,0.02238800,3.83000000
2018-02-25 18:43:28,0.02238800,6.65000000
2018-02-25 18:43:28,0.02239000,61.34000000
2018-02-25 18:43:28,0.02239200,1.00000000
2018-02-25 18:43:28,0.02239500,1.30000000
2018-02-25 18:43:28,0.02239500,1.51000000
2018-02-25 18:43:28,0.02239600,4.61000000
2018-02-25 18:43:29,0.02240000,0.44000000
2018-02-25 18:43:29,0.02240000,4.42000000
2018-02-25 18:43:29,0.02240200,0.11000000
2018-02-25 18:43:29,0.02240500,0.32000000
2018-02-25 18:43:30,0.02241400,0.10000000
2018-02-25 18:43:32,0.02241500,2.00000000
2018-02-25 18:43:33,0.02239100,0.22000000
2018-02-25 18:43:34,0.02241500,2.99000000
2018-02-25 18:43:34,0.02242000,0.56000000
2018-02-25 18:43:35,0.02239100,0.77000000
2018-02-25 18:43:36,0.02241500,0.11000000
2018-02-25 18:43:38,0.02241500,0.89000000
2018-02-25 18:43:38,0.02242000,0.39000000
2018-02-25 18:43:39,0.02242000,0.67000000
2018-02-25 18:43:40,0.02242000,5.26000000
2018-02-25 18:43:48,0.02242000,0.29000000
2018-02-25 18:43:50,0.02239300,0.11000000
2018-02-25 18:43:51,0.02242000,0.99000000
2018-02-25 18:43:52,0.02242000,0.83000000
2018-02-25 18:43:59,0.02241900,1.04000000
2018-02-25 18:43:59,0.02239300,0.38000000
2018-02-25 18:43:59,0.02241900,1.00000000
2018-02-25 18:43:59,0.02241900,12.11000000
2018-02-25 18:43:59,0.02242000,13.09000000
2018-02-25 18:44:00,0.02242000,0.30000000
2018-02-25 18:44:00,0.02242000,1.29000000
2018-02-25 18:44:01,0.02242000,0.05000000
2018-02-25 18:44:02,0.02242000,0.30000000
2018-02-25 18:44:02,0.02242000,0.05000000
2018-02-25 18:44:02,0.02243000,0.44000000
2018-02-25 18:44:03,0.02242000,0.84000000
2018-02-25 18:44:03,0.02242000,10.00000000
2018-02-25 18:44:05,0.02242000,7.08000000
2018-02-25 18:44:09,0.02242900,0.49000000
2018-02-25 18:44:09,0.02242000,0.01000000
2018-02-25 18:44:09,0.02239600,1.98000000
2018-02-25 18:44:10,0.02243000,0.62000000
2018-02-25 18:44:10,0.02243400,0.22000000
2018-02-25 18:44:11,0.02243400,3.50000000
2018-02-25 18:44:13,0.02243300,1.98000000
2018-02-25 18:44:13,0.02243500,0.44000000
2018-02-25 18:44:15,0.02243500,0.27000000
2018-02-25 18:44:15,0.02243500,0.55000000
2018-02-25 18:44:19,0.02243500,2.80000000
2018-02-25 18:44:20,0.02243500,15.44000000
2018-02-25 18:44:20,0.02243500,0.01000000
2018-02-25 18:44:20,0.02239900,2.01000000
2018-02-25 18:44:21,0.02243500,0.21000000
