DATE,PRICE,VOLUME
2018-02-26 04:00:04,0.02355000,0.05000000
2018-02-26 04:00:05,0.02351600,0.10000000
2018-02-26 04:00:05,0.02351500,0.58000000
2018-02-26 04:00:07,0.02354900,2.53000000
2018-02-26 04:00:07,0.02355000,0.95000000
2018-02-26 04:00:07,0.02355100,0.10000000
2018-02-26 04:00:08,0.02355000,0.33000000
2018-02-26 04:00:08,0.02355000,0.51000000
2018-02-26 04:00:08,0.02355000,1.00000000
2018-02-26 04:00:09,0.02355000,0.76000000
2018-02-26 04:00:09,0.02355000,0.93000000
2018-02-26 04:00:09,0.02351500,0.74000000
2018-02-26 04:00:09,0.02355000,0.55000000
2018-02-26 04:00:09,0.02354800,1.00000000
2018-02-26 04:00:10,0.02355100,0.92000000
2018-02-26 04:00:11,0.02355300,0.20000000
2018-02-26 04:00:12,0.02351700,0.10000000
2018-02-26 04:00:12,0.02351600,1.60000000
2018-02-26 04:00:12,0.02354800,1.00000000
2018-02-26 04:00:12,0.02351500,0.33000000
2018-02-26 04:00:12,0.02354700,1.60000000
2018-02-26 04:00:13,0.02355200,0.10000000
2018-02-26 04:00:13,0.02353400,1.01000000
2018-02-26 04:00:14,0.02355100,1.70000000
2018-02-26 04:00:14,0.02355300,0.83000000
2018-02-26 04:00:14,0.02355100,1.02000000
2018-02-26 04:00:15,0.02355100,0.43000000
2018-02-26 04:00:15,0.02355100,0.59000000
2018-02-26 04:00:15,0.02351600,1.05000000
2018-02-26 04:00:16,0.02355300,0.01000000
2018-02-26 04:00:16,0.02355900,0.05000000
2018-02-26 04:00:16,0.02356000,0.01000000
2018-02-26 04:00:16,0.02356500,9.82000000
2018-02-26 04:00:16,0.02351600,0.91000000
2018-02-26 04:00:16,0.02351600,1.27000000
2018-02-26 04:00:16,0.02351600,4.18000000
2018-02-26 04:00:16,0.02351500,0.01000000
2018-02-26 04:00:16,0.02351400,1.32000000
2018-02-26 04:00:16,0.02351300,2.07000000
2018-02-26 04:00:17,0.02351400,0.43000000
2018-02-26 04:00:18,0.02351400,0.21000000
2018-02-26 04:00:19,0.02351400,1.07000000
2018-02-26 04:00:19,0.02351400,0.43000000
2018-02-26 04:00:20,0.02351400,6.36000000
2018-02-26 04:00:20,0.02351400,0.17000000
2018-02-26 04:00:20,0.02351500,2.38000000
2018-02-26 04:00:22,0.02351400,0.33000000
2018-02-26 04:00:23,0.02351600,1.00000000
2018-02-26 04:00:23,0.02351400,0.27000000
2018-02-26 04:00:24,0.02351400,0.53000000
2018-02-26 04:00:25,0.02355000,0.53000000
2018-02-26 04:00:27,0.02354800,0.12000000
2018-02-26 04:00:30,0.02351400,1.01000000
2018-02-26 04:00:31,0.02351400,1.00000000
2018-02-26 04:00:40,0.02351400,0.20000000
2018-02-26 04:00:41,0.02351400,0.25000000
2018-02-26 04:00:43,0.02354700,1.05000000
2018-02-26 04:00:43,0.02354800,0.10000000
2018-02-26 04:00:44,0.02351400,4.73000000
2018-02-26 04:00:44,0.02351300,1.25000000
2018-02-26 04:00:44,0.02351200,3.33000000
2018-02-26 04:00:44,0.02354700,0.08000000
2018-02-26 04:00:51,0.02354700,0.08000000
2018-02-26 04:00:52,0.02354700,2.12000000
2018-02-26 04:00:54,0.02354600,0.44000000
2018-02-26 04:00:54,0.02351400,8.93000000
2018-02-26 04:00:55,0.02351400,12.72000000
2018-02-26 04:00:56,0.02354600,0.56000000
2018-02-26 04:00:56,0.02354700,2.35000000
2018-02-26 04:00:57,0.02351500,3.99000000
2018-02-26 04:00:57,0.02351400,1.09000000
2018-02-26 04:00:57,0.02354800,0.78000000
2018-02-26 04:00:58,0.02354700,1.09000000
2018-02-26 04:00:58,0.02351400,12.47000000
2018-02-26 04:00:59,0.02351400,1.07000000
2018-02-26 04:00:59,0.02354700,0.67000000
2018-02-26 04:01:00,0.02354700,2.22000000
2018-02-26 04:01:00,0.02351400,9.35000000
2018-02-26 04:01:01,0.02351600,4.25000000
2018-02-26 04:01:01,0.02351400,8.07000000
2018-02-26 04:01:01,0.02351400,25.87000000
2018-02-26 04:01:02,0.02354600,1.00000000
2018-02-26 04:01:02,0.02354800,1.00000000
2018-02-26 04:01:03,0.02354600,0.27000000
2018-02-26 04:01:03,0.02355000,5.03000000
2018-02-26 04:01:03,0.02355100,5.77000000
2018-02-26 04:01:03,0.02355500,1.00000000
2018-02-26 04:01:03,0.02355800,7.57000000
2018-02-26 04:01:03,0.02356100,0.85000000
2018-02-26 04:01:03,0.02356500,0.18000000
2018-02-26 04:01:03,0.02356900,0.60000000
2018-02-26 04:01:03,0.02357900,0.32000000
2018-02-26 04:01:03,0.02358700,0.86000000
2018-02-26 04:01:03,0.02358900,3.19000000
2018-02-26 04:01:03,0.02359400,0.60000000
2018-02-26 04:01:03,0.02359500,2.19000000
2018-02-26 04:01:03,0.02359800,0.41000000
2018-02-26 04:01:03,0.02360000,0.34000000
2018-02-26 04:01:03,0.02360100,4.12000000
2018-02-26 04:01:04,0.02354500,5.08000000
2018-02-26 04:01:06,0.02359600,1.05000000
2018-02-26 04:01:07,0.02354600,0.42000000
2018-02-26 04:01:08,0.02359400,0.42000000
2018-02-26 04:01:08,0.02359400,0.53000000
2018-02-26 04:01:08,0.02354800,1.61000000
2018-02-26 04:01:08,0.02354800,0.06000000
2018-02-26 04:01:10,0.02354900,4.00000000
2018-02-26 04:01:10,0.02354700,0.19000000
2018-02-26 04:01:10,0.02354600,0.42000000
2018-02-26 04:01:10,0.02354500,3.39000000
2018-02-26 04:01:10,0.02354500,0.69000000
2018-02-26 04:01:11,0.02354500,0.25000000
2018-02-26 04:01:12,0.02354500,2.16000000
2018-02-26 04:01:13,0.02354800,1.66000000
2018-02-26 04:01:14,0.02354500,1.57000000
2018-02-26 04:01:14,0.02354800,0.01000000
2018-02-26 04:01:14,0.02355000,1.92000000
2018-02-26 04:01:14,0.02355000,1.66000000
2018-02-26 04:01:17,0.02354800,0.25000000
2018-02-26 04:01:19,0.02354800,8.00000000
2018-02-26 04:01:19,0.02355000,0.01000000
2018-02-26 04:01:20,0.02355000,18.37000000
2018-02-26 04:01:21,0.02356200,0.09000000
2018-02-26 04:01:21,0.02358300,0.12000000
2018-02-26 04:01:21,0.02356300,0.25000000
2018-02-26 04:01:21,0.02355000,1.25000000
2018-02-26 04:01:24,0.02356300,0.96000000
2018-02-26 04:01:24,0.02355000,0.93000000
2018-02-26 04:01:24,0.02354900,0.03000000
2018-02-26 04:01:24,0.02354900,9.97000000
2018-02-26 04:01:24,0.02354800,1.14000000
2018-02-26 04:01:24,0.02354800,4.06000000
2018-02-26 04:01:26,0.02358800,0.22000000
2018-02-26 04:01:26,0.02358900,0.21000000
2018-02-26 04:01:27,0.02354900,0.10000000
2018-02-26 04:01:27,0.02354800,2.87000000
2018-02-26 04:01:27,0.02354800,0.16000000
2018-02-26 04:01:27,0.02354800,0.52000000
2018-02-26 04:01:28,0.02354800,1.50000000
2018-02-26 04:01:28,0.02354800,1.17000000
2018-02-26 04:01:28,0.02354500,0.59000000
2018-02-26 04:01:28,0.02354400,0.27000000
2018-02-26 04:01:29,0.02358400,0.10000000
2018-02-26 04:01:29,0.02358700,3.30000000
2018-02-26 04:01:29,0.02354900,2.00000000
2018-02-26 04:01:30,0.02355000,0.93000000
2018-02-26 04:01:30,0.02358700,0.37000000
2018-02-26 04:01:30,0.02358800,2.16000000
2018-02-26 04:01:30,0.02355000,0.52000000
2018-02-26 04:01:31,0.02355000,0.06000000
2018-02-26 04:01:31,0.02358800,0.42000000
2018-02-26 04:01:31,0.02355000,0.91000000
2018-02-26 04:01:33,0.02355000,1.58000000
2018-02-26 04:01:33,0.02354900,0.21000000
2018-02-26 04:01:34,0.02355000,5.33000000
2018-02-26 04:01:34,0.02358000,1.13000000
2018-02-26 04:01:34,0.02358400,1.45000000
2018-02-26 04:01:34,0.02358400,0.63000000
2018-02-26 04:01:34,0.02355000,1.58000000
2018-02-26 04:01:34,0.02358300,4.00000000
2018-02-26 04:01:34,0.02358400,2.34000000
2018-02-26 04:01:34,0.02358600,1.00000000
2018-02-26 04:01:34,0.02358800,0.60000000
2018-02-26 04:01:34,0.02358900,1.27000000
2018-02-26 04:01:34,0.02358900,0.64000000
2018-02-26 04:01:34,0.02354900,1.26000000
2018-02-26 04:01:35,0.02354900,8.26000000
2018-02-26 04:01:37,0.02355000,0.14000000
2018-02-26 04:01:37,0.02355000,3.85000000
2018-02-26 04:01:37,0.02354900,4.63000000
2018-02-26 04:01:37,0.02354900,3.64000000
2018-02-26 04:01:37,0.02354500,0.90000000
2018-02-26 04:01:38,0.02354500,0.10000000
2018-02-26 04:01:38,0.02354400,0.14000000
2018-02-26 04:01:38,0.02354500,0.07000000
2018-02-26 04:01:41,0.02354500,3.61000000
2018-02-26 04:01:42,0.02354500,2.87000000
2018-02-26 04:01:42,0.02353900,2.12000000
2018-02-26 04:01:44,0.02353000,0.14000000
2018-02-26 04:01:44,0.02351500,0.63000000
2018-02-26 04:01:44,0.02351400,0.23000000
2018-02-26 04:01:44,0.02353000,5.90000000
2018-02-26 04:01:44,0.02353000,1.64000000
2018-02-26 04:01:45,0.02353000,0.22000000
2018-02-26 04:01:47,0.02353000,0.74000000
2018-02-26 04:01:47,0.02353900,2.73000000
2018-02-26 04:01:49,0.02352200,0.23000000
2018-02-26 04:01:52,0.02352000,0.22000000
2018-02-26 04:01:57,0.02351400,0.14000000
2018-02-26 04:01:58,0.02351800,2.66000000
2018-02-26 04:01:58,0.02351800,0.39000000
2018-02-26 04:01:59,0.02352100,0.46000000
2018-02-26 04:01:59,0.02352200,5.69000000
2018-02-26 04:02:00,0.02352200,0.50000000
2018-02-26 04:02:00,0.02352000,5.10000000
2018-02-26 04:02:00,0.02352000,4.82000000
2018-02-26 04:02:00,0.02351500,0.13000000
2018-02-26 04:02:03,0.02352200,0.13000000
2018-02-26 04:02:04,0.02351500,0.09000000
2018-02-26 04:02:04,0.02351400,0.34000000
2018-02-26 04:02:05,0.02352200,1.93000000
2018-02-26 04:02:07,0.02352200,7.73000000
2018-02-26 04:02:08,0.02351400,0.36000000
2018-02-26 04:02:11,0.02352200,1.49000000
2018-02-26 04:02:12,0.02351500,0.22000000
2018-02-26 04:02:12,0.02351400,0.47000000
2018-02-26 04:02:12,0.02351400,0.44000000
2018-02-26 04:02:12,0.02351400,2.77000000
2018-02-26 04:02:14,0.02351200,5.65000000
2018-02-26 04:02:14,0.02351200,5.13000000
2018-02-26 04:02:15,0.02351200,2.10000000
2018-02-26 04:02:15,0.02351100,2.84000000
2018-02-26 04:02:15,0.02350800,1.50000000
2018-02-26 04:02:15,0.02351400,0.11000000
2018-02-26 04:02:15,0.02351400,0.25000000
2018-02-26 04:02:16,0.02351400,0.28000000
2018-02-26 04:02:17,0.02350800,2.00000000
2018-02-26 04:02:18,0.02350800,3.40000000
2018-02-26 04:02:18,0.02350800,8.98000000
2018-02-26 04:02:19,0.02350800,3.76000000
2018-02-26 04:02:20,0.02350800,4.55000000
2018-02-26 04:02:21,0.02350800,20.00000000
2018-02-26 04:02:24,0.02350800,1.29000000
2018-02-26 04:02:24,0.02350800,8.93000000
2018-02-26 04:02:24,0.02350800,0.23000000
2018-02-26 04:02:27,0.02350800,4.99000000
2018-02-26 04:02:27,0.02350800,121.50000000
2018-02-26 04:02:27,0.02350400,0.30000000
2018-02-26 04:02:27,0.02350200,0.06000000
2018-02-26 04:02:27,0.02350100,2.14000000
2018-02-26 04:02:27,0.02350000,12.22000000
2018-02-26 04:02:28,0.02349900,13.93000000
2018-02-26 04:02:28,0.02349300,3.27000000
2018-02-26 04:02:28,0.02349100,0.10000000
2018-02-26 04:02:28,0.02349000,6.62000000
2018-02-26 04:02:28,0.02349000,2.25000000
2018-02-26 04:02:28,0.02349000,6.94000000
2018-02-26 04:02:28,0.02349000,1.50000000
2018-02-26 04:02:28,0.02349000,2.12000000
2018-02-26 04:02:28,0.02350000,2.96000000
2018-02-26 04:02:29,0.02349000,1.21000000
2018-02-26 04:02:30,0.02350000,4.48000000
2018-02-26 04:02:31,0.02350000,0.42000000
2018-02-26 04:02:32,0.02350000,4.33000000
2018-02-26 04:02:33,0.02350000,3.07000000
2018-02-26 04:02:34,0.02349900,4.45000000
2018-02-26 04:02:34,0.02350000,5.55000000
2018-02-26 04:02:35,0.02349000,6.52000000
2018-02-26 04:02:36,0.02350000,0.03000000
2018-02-26 04:02:38,0.02349000,0.96000000
2018-02-26 04:02:38,0.02349000,0.01000000
2018-02-26 04:02:38,0.02348900,1.27000000
2018-02-26 04:02:41,0.02348900,0.01000000
2018-02-26 04:02:41,0.02348900,1.00000000
2018-02-26 04:02:45,0.02348900,1.18000000
2018-02-26 04:02:51,0.02349800,0.22000000
2018-02-26 04:02:51,0.02349900,0.03000000
2018-02-26 04:02:57,0.02348900,3.09000000
2018-02-26 04:02:58,0.02349000,1.00000000
2018-02-26 04:02:59,0.02349800,0.67000000
2018-02-26 04:02:59,0.02349000,1.70000000
2018-02-26 04:03:00,0.02349800,3.78000000
2018-02-26 04:03:00,0.02350000,2.51000000
2018-02-26 04:03:02,0.02349000,1.51000000
2018-02-26 04:03:02,0.02349000,0.02000000
2018-02-26 04:03:08,0.02349000,0.22000000
2018-02-26 04:03:08,0.02349000,2.50000000
2018-02-26 04:03:09,0.02349000,0.62000000
2018-02-26 04:03:09,0.02349000,16.00000000
2018-02-26 04:03:09,0.02349000,19.19000000
2018-02-26 04:03:10,0.02349000,0.80000000
2018-02-26 04:03:11,0.02349900,0.37000000
2018-02-26 04:03:11,0.02349000,10.00000000
2018-02-26 04:03:12,0.02349000,19.19000000
2018-02-26 04:03:13,0.02349000,0.63000000
2018-02-26 04:03:14,0.02349000,0.21000000
2018-02-26 04:03:14,0.02349000,0.66000000
2018-02-26 04:03:14,0.02349000,9.40000000
2018-02-26 04:03:16,0.02349000,8.71000000
2018-02-26 04:03:17,0.02349000,2.64000000
2018-02-26 04:03:17,0.02349000,55.41000000
2018-02-26 04:03:17,0.02349000,1.67000000
2018-02-26 04:03:18,0.02349000,0.22000000
2018-02-26 04:03:19,0.02349900,4.38000000
2018-02-26 04:03:19,0.02349000,1.44000000
2018-02-26 04:03:20,0.02349900,0.62000000
2018-02-26 04:03:21,0.02349000,6.90000000
2018-02-26 04:03:21,0.02349000,1.61000000
2018-02-26 04:03:22,0.02349000,4.41000000
2018-02-26 04:03:22,0.02349000,3.75000000
2018-02-26 04:03:22,0.02349000,1.27000000
2018-02-26 04:03:22,0.02349000,0.90000000
2018-02-26 04:03:23,0.02349000,0.44000000
2018-02-26 04:03:24,0.02349000,12.89000000
2018-02-26 04:03:24,0.02349000,1.63000000
2018-02-26 04:03:24,0.02349000,1.00000000
2018-02-26 04:03:25,0.02349000,0.18000000
2018-02-26 04:03:25,0.02349000,0.11000000
2018-02-26 04:03:25,0.02349000,1.00000000
2018-02-26 04:03:25,0.02349000,1.00000000
2018-02-26 04:03:25,0.02349000,1.27000000
2018-02-26 04:03:25,0.02349000,0.84000000
2018-02-26 04:03:25,0.02349000,1.00000000
2018-02-26 04:03:25,0.02349000,1.00000000
2018-02-26 04:03:26,0.02349000,3.40000000
2018-02-26 04:03:27,0.02349000,0.47000000
2018-02-26 04:03:28,0.02349000,0.01000000
2018-02-26 04:03:28,0.02348900,7.02000000
2018-02-26 04:03:28,0.02348500,34.28000000
2018-02-26 04:03:28,0.02348400,51.41000000
2018-02-26 04:03:28,0.02348400,23.59000000
2018-02-26 04:03:28,0.02348400,0.05000000
2018-02-26 04:03:30,0.02349000,0.23000000
2018-02-26 04:03:30,0.02348400,7.80000000
2018-02-26 04:03:31,0.02348400,0.25000000
2018-02-26 04:03:32,0.02348400,1.78000000
2018-02-26 04:03:32,0.02348400,4.00000000
2018-02-26 04:03:32,0.02348400,0.07000000
2018-02-26 04:03:33,0.02348400,6.66000000
2018-02-26 04:03:33,0.02348400,0.07000000
2018-02-26 04:03:34,0.02348400,0.41000000
2018-02-26 04:03:34,0.02348400,6.69000000
2018-02-26 04:03:35,0.02348400,1.62000000
2018-02-26 04:03:35,0.02348400,8.27000000
2018-02-26 04:03:35,0.02348400,0.05000000
2018-02-26 04:03:35,0.02348400,0.21000000
2018-02-26 04:03:36,0.02348400,7.60000000
2018-02-26 04:03:38,0.02348400,2.50000000
2018-02-26 04:03:40,0.02348400,9.96000000
2018-02-26 04:03:41,0.02348400,5.41000000
2018-02-26 04:03:43,0.02348400,20.54000000
2018-02-26 04:03:44,0.02348400,2.98000000
2018-02-26 04:03:45,0.02348400,5.37000000
2018-02-26 04:03:47,0.02348400,1.81000000
2018-02-26 04:03:48,0.02347400,25.15000000
2018-02-26 04:03:48,0.02347400,2.52000000
2018-02-26 04:03:51,0.02348300,0.46000000
2018-02-26 04:03:52,0.02347400,24.66000000
2018-02-26 04:03:54,0.02347400,1.10000000
2018-02-26 04:03:54,0.02348100,3.53000000
2018-02-26 04:03:54,0.02348200,0.66000000
2018-02-26 04:03:54,0.02348400,1.64000000
2018-02-26 04:03:55,0.02347400,0.15000000
2018-02-26 04:03:56,0.02347400,0.72000000
2018-02-26 04:03:56,0.02348400,1.58000000
2018-02-26 04:04:00,0.02348400,3.40000000
2018-02-26 04:04:00,0.02348400,4.34000000
2018-02-26 04:04:01,0.02348400,0.01000000
2018-02-26 04:04:01,0.02348000,2.51000000
2018-02-26 04:04:01,0.02347400,1.50000000
2018-02-26 04:04:03,0.02347400,16.50000000
2018-02-26 04:04:04,0.02347400,1.27000000
2018-02-26 04:04:04,0.02347400,3.56000000
2018-02-26 04:04:11,0.02347400,2.91000000
2018-02-26 04:04:13,0.02347400,0.09000000
2018-02-26 04:04:14,0.02347400,0.21000000
2018-02-26 04:04:16,0.02347400,0.21000000
2018-02-26 04:04:17,0.02347400,0.29000000
2018-02-26 04:04:17,0.02346500,0.05000000
2018-02-26 04:04:17,0.02346500,0.05000000
2018-02-26 04:04:19,0.02346500,0.18000000
2018-02-26 04:04:22,0.02347400,4.29000000
2018-02-26 04:04:25,0.02347400,2.04000000
2018-02-26 04:04:26,0.02347400,1.21000000
2018-02-26 04:04:26,0.02347400,1.27000000
2018-02-26 04:04:26,0.02347400,3.15000000
2018-02-26 04:04:26,0.02347400,1.27000000
2018-02-26 04:04:26,0.02347400,1.27000000
2018-02-26 04:04:26,0.02347400,0.79000000
2018-02-26 04:04:26,0.02346500,2.33000000
2018-02-26 04:04:26,0.02346100,0.08000000
2018-02-26 04:04:26,0.02346000,0.27000000
2018-02-26 04:04:26,0.02343800,8.40000000
2018-02-26 04:04:26,0.02343800,19.00000000
2018-02-26 04:04:26,0.02343800,0.05000000
2018-02-26 04:04:29,0.02343900,0.29000000
2018-02-26 04:04:29,0.02343900,0.56000000
2018-02-26 04:04:29,0.02344000,5.28000000
2018-02-26 04:04:30,0.02343800,1.49000000
2018-02-26 04:04:30,0.02343800,0.54000000
2018-02-26 04:04:30,0.02343800,0.10000000
2018-02-26 04:04:31,0.02343800,0.07000000
2018-02-26 04:04:32,0.02343800,0.07000000
2018-02-26 04:04:33,0.02343800,8.86000000
2018-02-26 04:04:33,0.02343800,4.42000000
2018-02-26 04:04:34,0.02343800,19.74000000
2018-02-26 04:04:34,0.02343900,0.42000000
2018-02-26 04:04:34,0.02343900,4.04000000
2018-02-26 04:04:34,0.02343900,1.74000000
2018-02-26 04:04:35,0.02343900,1.29000000
2018-02-26 04:04:35,0.02343800,5.63000000
2018-02-26 04:04:35,0.02343600,0.08000000
2018-02-26 04:04:35,0.02343200,0.08000000
2018-02-26 04:04:35,0.02343000,3.19000000
2018-02-26 04:04:35,0.02343000,0.61000000
2018-02-26 04:04:36,0.02343000,0.01000000
2018-02-26 04:04:36,0.02342500,0.21000000
2018-02-26 04:04:38,0.02340800,0.46000000
2018-02-26 04:04:38,0.02340500,0.10000000
2018-02-26 04:04:38,0.02340200,0.16000000
2018-02-26 04:04:38,0.02340000,0.38000000
2018-02-26 04:04:39,0.02340000,0.25000000
2018-02-26 04:04:40,0.02342500,0.88000000
2018-02-26 04:04:41,0.02342500,0.42000000
2018-02-26 04:04:43,0.02340500,7.68000000
2018-02-26 04:04:43,0.02340000,3.80000000
2018-02-26 04:04:45,0.02340500,0.63000000
2018-02-26 04:04:45,0.02342900,1.37000000
2018-02-26 04:04:47,0.02340000,0.28000000
2018-02-26 04:04:49,0.02340200,0.33000000
2018-02-26 04:04:50,0.02342800,0.21000000
2018-02-26 04:04:50,0.02342900,10.94000000
2018-02-26 04:04:53,0.02340400,0.16000000
2018-02-26 04:04:53,0.02340400,0.07000000
2018-02-26 04:04:54,0.02340400,0.13000000
2018-02-26 04:04:54,0.02340400,0.07000000
2018-02-26 04:04:56,0.02342700,0.08000000
2018-02-26 04:04:56,0.02342600,0.98000000
2018-02-26 04:04:57,0.02340400,3.84000000
2018-02-26 04:04:57,0.02340100,0.13000000
2018-02-26 04:04:57,0.02340000,2.20000000
2018-02-26 04:04:57,0.02340000,0.18000000
2018-02-26 04:05:00,0.02340100,0.34000000
2018-02-26 04:05:00,0.02340400,0.09000000
2018-02-26 04:05:00,0.02340100,0.19000000
2018-02-26 04:05:00,0.02340000,13.74000000
2018-02-26 04:05:00,0.02336900,0.10000000
2018-02-26 04:05:00,0.02336700,0.21000000
2018-02-26 04:05:00,0.02335900,1.28000000
2018-02-26 04:05:00,0.02335800,3.79000000
2018-02-26 04:05:00,0.02335800,0.17000000
2018-02-26 04:05:00,0.02335800,0.31000000
2018-02-26 04:05:00,0.02335900,0.97000000
2018-02-26 04:05:00,0.02335900,0.84000000
2018-02-26 04:05:00,0.02335900,2.13000000
2018-02-26 04:05:01,0.02335900,1.96000000
2018-02-26 04:05:01,0.02335900,0.31000000
2018-02-26 04:05:01,0.02335700,0.46000000
2018-02-26 04:05:01,0.02335000,1.28000000
2018-02-26 04:05:01,0.02334700,0.24000000
2018-02-26 04:05:01,0.02335900,2.40000000
2018-02-26 04:05:01,0.02335900,0.55000000
2018-02-26 04:05:01,0.02335900,1.96000000
2018-02-26 04:05:02,0.02335900,0.11000000
2018-02-26 04:05:02,0.02334700,0.19000000
2018-02-26 04:05:02,0.02335900,0.50000000
2018-02-26 04:05:02,0.02335900,0.17000000
2018-02-26 04:05:02,0.02335900,0.20000000
2018-02-26 04:05:03,0.02335900,0.69000000
2018-02-26 04:05:04,0.02335900,0.46000000
2018-02-26 04:05:04,0.02335900,0.32000000
2018-02-26 04:05:04,0.02335900,0.50000000
2018-02-26 04:05:05,0.02335900,2.22000000
2018-02-26 04:05:06,0.02341000,1.91000000
2018-02-26 04:05:06,0.02341100,0.01000000
2018-02-26 04:05:08,0.02341100,0.40000000
2018-02-26 04:05:09,0.02337200,1.54000000
2018-02-26 04:05:10,0.02342400,0.26000000
2018-02-26 04:05:12,0.02340000,1.47000000
2018-02-26 04:05:12,0.02337400,4.06000000
2018-02-26 04:05:12,0.02337100,0.05000000
2018-02-26 04:05:12,0.02337000,0.44000000
2018-02-26 04:05:12,0.02334800,2.46000000
2018-02-26 04:05:12,0.02334700,19.15000000
2018-02-26 04:05:13,0.02340600,0.05000000
2018-02-26 04:05:13,0.02334800,0.47000000
2018-02-26 04:05:13,0.02334700,0.30000000
2018-02-26 04:05:14,0.02341500,1.55000000
2018-02-26 04:05:14,0.02341700,0.21000000
2018-02-26 04:05:14,0.02342000,2.06000000
2018-02-26 04:05:14,0.02342300,1.55000000
2018-02-26 04:05:19,0.02341100,0.39000000
2018-02-26 04:05:23,0.02341100,1.21000000
2018-02-26 04:05:23,0.02340000,0.26000000
2018-02-26 04:05:23,0.02335400,0.52000000
2018-02-26 04:05:23,0.02335000,0.53000000
2018-02-26 04:05:30,0.02340600,0.15000000
2018-02-26 04:05:30,0.02340600,0.49000000
2018-02-26 04:05:35,0.02340600,2.97000000
2018-02-26 04:05:35,0.02341000,0.42000000
2018-02-26 04:05:37,0.02340600,5.97000000
2018-02-26 04:05:41,0.02340600,4.07000000
2018-02-26 04:05:41,0.02340800,0.05000000
2018-02-26 04:05:41,0.02340900,0.57000000
2018-02-26 04:05:42,0.02341000,25.50000000
2018-02-26 04:05:42,0.02341000,1.37000000
2018-02-26 04:05:42,0.02341000,0.20000000
2018-02-26 04:05:43,0.02341000,4.05000000
2018-02-26 04:05:46,0.02341000,5.00000000
2018-02-26 04:05:46,0.02341200,3.62000000
2018-02-26 04:05:46,0.02341300,0.99000000
2018-02-26 04:05:46,0.02341900,0.55000000
2018-02-26 04:05:46,0.02342000,0.13000000
2018-02-26 04:05:47,0.02342200,5.96000000
2018-02-26 04:05:59,0.02341000,0.14000000
2018-02-26 04:06:02,0.02341000,4.00000000
2018-02-26 04:06:02,0.02342000,0.28000000
2018-02-26 04:06:02,0.02342200,6.77000000
2018-02-26 04:06:03,0.02342200,0.06000000
2018-02-26 04:06:07,0.02343000,1.98000000
2018-02-26 04:06:07,0.02343000,2.01000000
2018-02-26 04:06:07,0.02343000,2.00000000
2018-02-26 04:06:07,0.02343000,0.97000000
2018-02-26 04:06:09,0.02343400,0.46000000
2018-02-26 04:06:10,0.02343400,0.46000000
2018-02-26 04:06:10,0.02343000,1.39000000
2018-02-26 04:06:10,0.02342200,0.48000000
2018-02-26 04:06:12,0.02343800,0.10000000
2018-02-26 04:06:12,0.02343900,0.63000000
2018-02-26 04:06:12,0.02344000,0.37000000
2018-02-26 04:06:15,0.02344000,3.76000000
2018-02-26 04:06:15,0.02344000,0.29000000
2018-02-26 04:06:21,0.02342400,4.26000000
2018-02-26 04:06:21,0.02342300,0.23000000
2018-02-26 04:06:22,0.02344000,0.11000000
2018-02-26 04:06:23,0.02344000,1.36000000
2018-02-26 04:06:26,0.02344000,0.57000000
2018-02-26 04:06:27,0.02342300,0.32000000
2018-02-26 04:06:27,0.02344000,5.58000000
2018-02-26 04:06:27,0.02344000,4.74000000
2018-02-26 04:06:27,0.02344000,3.97000000
2018-02-26 04:06:27,0.02344000,3.27000000
2018-02-26 04:06:27,0.02344000,0.23000000
2018-02-26 04:06:27,0.02345000,0.77000000
2018-02-26 04:06:30,0.02344000,1.56000000
2018-02-26 04:06:32,0.02344500,1.05000000
2018-02-26 04:06:33,0.02345000,0.29000000
2018-02-26 04:06:37,0.02346500,3.00000000
2018-02-26 04:06:38,0.02345000,0.10000000
2018-02-26 04:06:38,0.02345000,0.11000000
2018-02-26 04:06:38,0.02344500,0.58000000
2018-02-26 04:06:39,0.02344500,0.72000000
2018-02-26 04:06:40,0.02344500,0.20000000
2018-02-26 04:06:41,0.02344500,0.75000000
2018-02-26 04:06:41,0.02346500,0.33000000
2018-02-26 04:06:42,0.02346500,0.90000000
2018-02-26 04:06:42,0.02346500,0.78000000
2018-02-26 04:06:42,0.02346500,0.99000000
2018-02-26 04:06:42,0.02344500,0.32000000
2018-02-26 04:06:43,0.02344500,0.82000000
2018-02-26 04:06:44,0.02344500,0.25000000
2018-02-26 04:06:47,0.02347300,0.09000000
2018-02-26 04:06:47,0.02347400,2.21000000
2018-02-26 04:06:47,0.02348300,0.46000000
2018-02-26 04:06:47,0.02349000,12.14000000
2018-02-26 04:06:50,0.02347100,0.21000000
2018-02-26 04:06:50,0.02347300,2.71000000
2018-02-26 04:06:50,0.02349000,0.08000000
2018-02-26 04:06:50,0.02344600,0.21000000
2018-02-26 04:06:54,0.02347100,0.21000000
2018-02-26 04:06:54,0.02348100,0.05000000
2018-02-26 04:06:54,0.02349000,2.74000000
2018-02-26 04:06:54,0.02345900,1.91000000
2018-02-26 04:06:54,0.02345900,0.13000000
2018-02-26 04:06:54,0.02344600,1.38000000
2018-02-26 04:06:54,0.02344500,9.35000000
2018-02-26 04:06:54,0.02342300,2.34000000
2018-02-26 04:06:54,0.02342200,29.84000000
2018-02-26 04:06:54,0.02341000,2.89000000
2018-02-26 04:06:54,0.02340900,0.46000000
2018-02-26 04:06:54,0.02340300,0.85000000
2018-02-26 04:06:54,0.02340000,1.89000000
2018-02-26 04:06:54,0.02339000,0.12000000
2018-02-26 04:06:54,0.02338200,1.81000000
2018-02-26 04:06:54,0.02335100,0.30000000
2018-02-26 04:06:54,0.02335000,1.47000000
2018-02-26 04:06:54,0.02334900,1.80000000
2018-02-26 04:06:54,0.02334800,0.63000000
2018-02-26 04:06:54,0.02334700,13.16000000
2018-02-26 04:06:54,0.02333500,4.94000000
2018-02-26 04:06:54,0.02333100,1.00000000
2018-02-26 04:06:54,0.02333000,39.77000000
2018-02-26 04:06:54,0.02332800,8.52000000
2018-02-26 04:06:54,0.02332700,4.28000000
2018-02-26 04:06:54,0.02332600,4.96000000
2018-02-26 04:06:54,0.02332600,1.01000000
2018-02-26 04:06:55,0.02337300,0.09000000
2018-02-26 04:06:55,0.02333900,0.46000000
2018-02-26 04:06:55,0.02333000,0.46000000
2018-02-26 04:06:56,0.02339600,0.09000000
2018-02-26 04:06:56,0.02346900,0.53000000
2018-02-26 04:06:58,0.02339000,0.24000000
2018-02-26 04:06:58,0.02345600,1.00000000
2018-02-26 04:06:58,0.02345700,0.46000000
2018-02-26 04:06:58,0.02346800,0.46000000
2018-02-26 04:06:58,0.02346900,0.32000000
2018-02-26 04:06:58,0.02347000,0.76000000
2018-02-26 04:07:05,0.02341400,0.24000000
2018-02-26 04:07:05,0.02341600,0.21000000
2018-02-26 04:07:05,0.02341900,0.12000000
2018-02-26 04:07:05,0.02346700,1.24000000
2018-02-26 04:07:05,0.02346800,3.19000000
2018-02-26 04:07:06,0.02341000,0.42000000
2018-02-26 04:07:10,0.02346000,4.42000000
2018-02-26 04:07:10,0.02346000,0.07000000
2018-02-26 04:07:11,0.02346100,0.10000000
2018-02-26 04:07:12,0.02346100,0.19000000
2018-02-26 04:07:13,0.02346800,14.09000000
2018-02-26 04:07:13,0.02346900,8.52000000
2018-02-26 04:07:13,0.02347000,1.93000000
2018-02-26 04:07:13,0.02347000,0.41000000
2018-02-26 04:07:14,0.02347000,0.29000000
2018-02-26 04:07:15,0.02346100,0.29000000
2018-02-26 04:07:15,0.02346000,4.71000000
2018-02-26 04:07:15,0.02346000,0.29000000
2018-02-26 04:07:15,0.02346000,17.81000000
2018-02-26 04:07:15,0.02346000,40.04000000
2018-02-26 04:07:15,0.02346000,3.66000000
2018-02-26 04:07:15,0.02346000,4.30000000
2018-02-26 04:07:15,0.02346000,5.01000000
2018-02-26 04:07:15,0.02341600,0.85000000
2018-02-26 04:07:15,0.02341000,0.82000000
2018-02-26 04:07:15,0.02340100,2.34000000
2018-02-26 04:07:15,0.02340000,0.99000000
2018-02-26 04:07:15,0.02341800,3.08000000
2018-02-26 04:07:16,0.02342100,0.21000000
2018-02-26 04:07:16,0.02346800,0.50000000
2018-02-26 04:07:16,0.02341900,3.67000000
2018-02-26 04:07:16,0.02341100,0.21000000
2018-02-26 04:07:16,0.02340000,1.12000000
2018-02-26 04:07:19,0.02340100,0.54000000
2018-02-26 04:07:24,0.02340000,1.50000000
2018-02-26 04:07:26,0.02342700,0.44000000
2018-02-26 04:07:30,0.02342400,2.08000000
2018-02-26 04:07:32,0.02341900,0.02000000
2018-02-26 04:07:36,0.02342100,0.42000000
2018-02-26 04:07:37,0.02342100,0.11000000
2018-02-26 04:07:38,0.02341900,0.04000000
2018-02-26 04:07:40,0.02341800,0.20000000
2018-02-26 04:07:40,0.02341900,1.02000000
2018-02-26 04:07:40,0.02342000,0.21000000
2018-02-26 04:07:40,0.02342400,0.81000000
2018-02-26 04:07:40,0.02342900,0.12000000
2018-02-26 04:07:42,0.02342100,1.00000000
2018-02-26 04:07:43,0.02342900,1.69000000
2018-02-26 04:07:43,0.02344800,0.05000000
2018-02-26 04:07:47,0.02342100,0.11000000
2018-02-26 04:07:47,0.02342100,5.17000000
2018-02-26 04:07:51,0.02342100,1.05000000
2018-02-26 04:07:53,0.02342100,1.52000000
2018-02-26 04:07:53,0.02342100,0.32000000
2018-02-26 04:07:54,0.02342100,0.72000000
2018-02-26 04:07:55,0.02342100,0.07000000
2018-02-26 04:08:00,0.02342100,0.05000000
2018-02-26 04:08:00,0.02344800,0.01000000
2018-02-26 04:08:00,0.02346000,1.02000000
2018-02-26 04:08:01,0.02346000,0.67000000
2018-02-26 04:08:01,0.02346000,1.50000000
2018-02-26 04:08:01,0.02346000,0.34000000
2018-02-26 04:08:02,0.02346000,1.17000000
2018-02-26 04:08:02,0.02346000,3.22000000
2018-02-26 04:08:02,0.02346000,0.11000000
2018-02-26 04:08:03,0.02346000,0.41000000
2018-02-26 04:08:03,0.02346500,0.46000000
2018-02-26 04:08:03,0.02346700,0.47000000
2018-02-26 04:08:03,0.02346000,1.34000000
2018-02-26 04:08:05,0.02347000,0.34000000
2018-02-26 04:08:05,0.02348700,1.54000000
2018-02-26 04:08:05,0.02349000,0.97000000
2018-02-26 04:08:05,0.02346000,8.51000000
2018-02-26 04:08:05,0.02346000,8.50000000
2018-02-26 04:08:05,0.02346000,4.08000000
2018-02-26 04:08:06,0.02343300,6.39000000
2018-02-26 04:08:06,0.02343100,0.21000000
2018-02-26 04:08:06,0.02342900,1.81000000
2018-02-26 04:08:06,0.02342200,2.00000000
2018-02-26 04:08:09,0.02342500,0.09000000
2018-02-26 04:08:09,0.02342400,1.00000000
2018-02-26 04:08:09,0.02342200,0.04000000
2018-02-26 04:08:13,0.02342200,8.30000000
2018-02-26 04:08:13,0.02345900,0.47000000
2018-02-26 04:08:16,0.02344800,1.62000000
2018-02-26 04:08:17,0.02344500,4.77000000
2018-02-26 04:08:17,0.02344700,0.53000000
2018-02-26 04:08:17,0.02345000,0.21000000
2018-02-26 04:08:17,0.02346000,52.16000000
2018-02-26 04:08:19,0.02345900,0.63000000
2018-02-26 04:08:19,0.02346000,0.07000000
2018-02-26 04:08:19,0.02345900,1.41000000
2018-02-26 04:08:20,0.02345900,0.71000000
2018-02-26 04:08:20,0.02345900,1.87000000
2018-02-26 04:08:20,0.02345900,7.07000000
2018-02-26 04:08:20,0.02342400,0.10000000
2018-02-26 04:08:20,0.02342300,7.66000000
2018-02-26 04:08:20,0.02342200,21.55000000
2018-02-26 04:08:21,0.02345900,0.10000000
2018-02-26 04:08:21,0.02346000,0.39000000
2018-02-26 04:08:21,0.02342200,4.09000000
2018-02-26 04:08:21,0.02342200,1.59000000
2018-02-26 04:08:24,0.02342300,0.05000000
2018-02-26 04:08:24,0.02342100,1.88000000
2018-02-26 04:08:24,0.02341900,1.84000000
2018-02-26 04:08:24,0.02340000,2.21000000
2018-02-26 04:08:24,0.02336700,0.60000000
2018-02-26 04:08:24,0.02336600,0.41000000
2018-02-26 04:08:24,0.02336500,0.46000000
2018-02-26 04:08:24,0.02332700,4.39000000
2018-02-26 04:08:24,0.02345700,0.38000000
2018-02-26 04:08:26,0.02342200,0.38000000
2018-02-26 04:08:26,0.02342200,3.62000000
2018-02-26 04:08:29,0.02342200,5.97000000
2018-02-26 04:08:34,0.02342300,0.56000000
2018-02-26 04:08:34,0.02342200,2.44000000
2018-02-26 04:08:34,0.02344600,0.46000000
2018-02-26 04:08:34,0.02344600,0.03000000
2018-02-26 04:08:35,0.02342200,1.24000000
2018-02-26 04:08:35,0.02344500,0.05000000
2018-02-26 04:08:37,0.02342200,0.24000000
2018-02-26 04:08:38,0.02344400,4.39000000
2018-02-26 04:08:38,0.02344500,19.52000000
2018-02-26 04:08:39,0.02344500,0.98000000
2018-02-26 04:08:40,0.02342200,0.25000000
2018-02-26 04:08:40,0.02342200,1.77000000
2018-02-26 04:08:40,0.02342200,0.20000000
2018-02-26 04:08:42,0.02342200,0.17000000
2018-02-26 04:08:42,0.02341900,0.03000000
2018-02-26 04:08:44,0.02341900,0.22000000
2018-02-26 04:08:44,0.02340400,0.08000000
2018-02-26 04:08:44,0.02339800,0.03000000
2018-02-26 04:08:49,0.02345400,0.89000000
2018-02-26 04:08:49,0.02345500,0.11000000
2018-02-26 04:08:49,0.02342500,11.06000000
2018-02-26 04:08:50,0.02342500,8.75000000
2018-02-26 04:08:50,0.02340800,0.85000000
2018-02-26 04:08:50,0.02339500,0.21000000
2018-02-26 04:08:54,0.02344300,0.85000000
2018-02-26 04:08:54,0.02344500,6.14000000
2018-02-26 04:08:58,0.02339800,1.30000000
2018-02-26 04:09:02,0.02339800,0.05000000
2018-02-26 04:09:04,0.02339800,3.76000000
2018-02-26 04:09:07,0.02344000,0.28000000
2018-02-26 04:09:11,0.02339900,1.00000000
2018-02-26 04:09:13,0.02340100,0.42000000
2018-02-26 04:09:13,0.02343400,0.05000000
2018-02-26 04:09:13,0.02343700,0.55000000
2018-02-26 04:09:17,0.02343400,4.28000000
2018-02-26 04:09:17,0.02343400,2.35000000
2018-02-26 04:09:18,0.02343400,0.35000000
2018-02-26 04:09:18,0.02343400,0.36000000
2018-02-26 04:09:18,0.02343600,0.23000000
2018-02-26 04:09:21,0.02343600,0.01000000
2018-02-26 04:09:21,0.02343600,2.61000000
2018-02-26 04:09:21,0.02343900,0.94000000
2018-02-26 04:09:23,0.02343600,1.13000000
2018-02-26 04:09:24,0.02343400,0.68000000
2018-02-26 04:09:24,0.02343400,14.55000000
2018-02-26 04:09:24,0.02343400,5.87000000
2018-02-26 04:09:26,0.02343400,0.10000000
2018-02-26 04:09:26,0.02343400,0.63000000
2018-02-26 04:09:26,0.02343400,11.06000000
2018-02-26 04:09:27,0.02343400,0.10000000
2018-02-26 04:09:30,0.02343300,0.08000000
2018-02-26 04:09:31,0.02340100,1.00000000
2018-02-26 04:09:31,0.02340100,0.35000000
2018-02-26 04:09:31,0.02343300,0.03000000
2018-02-26 04:09:31,0.02343400,12.34000000
2018-02-26 04:09:31,0.02339900,0.59000000
2018-02-26 04:09:31,0.02339800,0.57000000
2018-02-26 04:09:32,0.02343400,1.32000000
2018-02-26 04:09:32,0.02339800,0.24000000
2018-02-26 04:09:32,0.02343400,2.11000000
2018-02-26 04:09:32,0.02343400,0.42000000
2018-02-26 04:09:34,0.02340000,0.48000000
2018-02-26 04:09:34,0.02339800,0.54000000
2018-02-26 04:09:45,0.02339800,6.48000000
2018-02-26 04:09:45,0.02343000,0.11000000
2018-02-26 04:09:45,0.02343000,0.90000000
2018-02-26 04:09:46,0.02339900,0.05000000
2018-02-26 04:09:50,0.02339900,0.42000000
2018-02-26 04:09:51,0.02339900,0.27000000
2018-02-26 04:09:53,0.02339900,5.31000000
2018-02-26 04:09:53,0.02339800,0.21000000
2018-02-26 04:09:53,0.02338100,11.77000000
2018-02-26 04:09:53,0.02338000,1.84000000
2018-02-26 04:09:53,0.02337500,0.21000000
2018-02-26 04:09:53,0.02335900,17.34000000
2018-02-26 04:09:56,0.02337000,2.99000000
2018-02-26 04:09:56,0.02343100,1.00000000
2018-02-26 04:09:57,0.02343200,0.84000000
2018-02-26 04:09:59,0.02343200,0.64000000
2018-02-26 04:09:59,0.02343200,0.11000000
2018-02-26 04:09:59,0.02339900,2.98000000
2018-02-26 04:09:59,0.02339800,1.01000000
2018-02-26 04:09:59,0.02337700,0.83000000
2018-02-26 04:09:59,0.02337100,0.24000000
2018-02-26 04:10:02,0.02341900,0.66000000
2018-02-26 04:10:03,0.02341700,0.11000000
2018-02-26 04:10:04,0.02341700,2.12000000
2018-02-26 04:10:05,0.02341700,0.01000000
2018-02-26 04:10:05,0.02341700,0.24000000
2018-02-26 04:10:05,0.02337300,0.22000000
2018-02-26 04:10:05,0.02337100,1.64000000
2018-02-26 04:10:05,0.02341900,0.17000000
2018-02-26 04:10:05,0.02339800,1.13000000
2018-02-26 04:10:05,0.02339800,2.56000000
2018-02-26 04:10:06,0.02337200,1.70000000
2018-02-26 04:10:06,0.02337200,0.01000000
2018-02-26 04:10:06,0.02339700,0.10000000
2018-02-26 04:10:06,0.02339700,0.11000000
2018-02-26 04:10:07,0.02339800,1.31000000
2018-02-26 04:10:07,0.02341900,0.01000000
2018-02-26 04:10:07,0.02343000,0.21000000
2018-02-26 04:10:08,0.02337700,2.99000000
2018-02-26 04:10:08,0.02342900,1.00000000
2018-02-26 04:10:08,0.02343000,0.50000000
2018-02-26 04:10:11,0.02338500,1.00000000
2018-02-26 04:10:13,0.02339700,2.99000000
2018-02-26 04:10:13,0.02339900,1.03000000
2018-02-26 04:10:14,0.02342900,0.22000000
2018-02-26 04:10:14,0.02343000,0.26000000
2018-02-26 04:10:14,0.02343200,1.00000000
2018-02-26 04:10:14,0.02343400,2.24000000
2018-02-26 04:10:14,0.02343600,5.35000000
2018-02-26 04:10:14,0.02339900,0.85000000
2018-02-26 04:10:15,0.02343000,0.11000000
2018-02-26 04:10:15,0.02343000,0.11000000
2018-02-26 04:10:15,0.02343000,0.23000000
2018-02-26 04:10:15,0.02343600,1.16000000
2018-02-26 04:10:16,0.02339900,0.70000000
2018-02-26 04:10:19,0.02342900,0.20000000
2018-02-26 04:10:20,0.02339900,0.51000000
2018-02-26 04:10:20,0.02337700,0.21000000
2018-02-26 04:10:20,0.02337600,0.36000000
2018-02-26 04:10:20,0.02342900,1.67000000
2018-02-26 04:10:20,0.02342800,0.35000000
2018-02-26 04:10:26,0.02338100,3.42000000
2018-02-26 04:10:27,0.02342600,0.11000000
2018-02-26 04:10:28,0.02342300,3.31000000
2018-02-26 04:10:28,0.02342500,0.21000000
2018-02-26 04:10:28,0.02342800,4.14000000
2018-02-26 04:10:29,0.02342800,3.52000000
2018-02-26 04:10:30,0.02342600,2.00000000
2018-02-26 04:10:31,0.02342600,1.31000000
2018-02-26 04:10:35,0.02342200,6.38000000
2018-02-26 04:10:36,0.02338500,4.27000000
2018-02-26 04:10:36,0.02338100,0.83000000
2018-02-26 04:10:36,0.02337200,0.56000000
2018-02-26 04:10:36,0.02338600,0.05000000
2018-02-26 04:10:38,0.02338700,2.64000000
2018-02-26 04:10:38,0.02338700,0.64000000
2018-02-26 04:10:38,0.02337200,0.43000000
2018-02-26 04:10:38,0.02336000,0.06000000
2018-02-26 04:10:38,0.02335900,0.58000000
2018-02-26 04:10:39,0.02341900,7.66000000
2018-02-26 04:10:39,0.02342000,0.83000000
2018-02-26 04:10:39,0.02342100,0.05000000
2018-02-26 04:10:39,0.02342800,53.58000000
2018-02-26 04:10:39,0.02342900,5.25000000
2018-02-26 04:10:39,0.02343100,0.06000000
2018-02-26 04:10:39,0.02343600,1.69000000
2018-02-26 04:10:39,0.02343900,0.01000000
2018-02-26 04:10:39,0.02344400,0.88000000
2018-02-26 04:10:39,0.02344500,80.68000000
2018-02-26 04:10:39,0.02345000,1.00000000
2018-02-26 04:10:40,0.02345000,5.40000000
2018-02-26 04:10:40,0.02345000,0.07000000
2018-02-26 04:10:40,0.02345000,2.56000000
2018-02-26 04:10:40,0.02345000,10.27000000
2018-02-26 04:10:41,0.02345000,0.10000000
2018-02-26 04:10:41,0.02345700,1.00000000
2018-02-26 04:10:42,0.02345000,0.11000000
2018-02-26 04:10:42,0.02345000,0.68000000
2018-02-26 04:10:43,0.02345000,0.07000000
2018-02-26 04:10:43,0.02345000,0.93000000
2018-02-26 04:10:43,0.02345000,27.09000000
2018-02-26 04:10:44,0.02345700,2.18000000
2018-02-26 04:10:44,0.02345000,4.47000000
2018-02-26 04:10:44,0.02345000,4.50000000
2018-02-26 04:10:44,0.02345000,0.42000000
2018-02-26 04:10:44,0.02345000,0.08000000
2018-02-26 04:10:45,0.02345000,0.11000000
2018-02-26 04:10:45,0.02345000,0.18000000
2018-02-26 04:10:46,0.02345000,0.55000000
2018-02-26 04:10:46,0.02345000,0.53000000
2018-02-26 04:10:47,0.02345000,6.29000000
2018-02-26 04:10:48,0.02345000,0.17000000
2018-02-26 04:10:48,0.02345000,5.50000000
2018-02-26 04:10:48,0.02345000,1.00000000
2018-02-26 04:10:49,0.02345000,16.36000000
2018-02-26 04:10:50,0.02345000,19.26000000
2018-02-26 04:10:50,0.02345000,16.20000000
2018-02-26 04:10:50,0.02345000,0.36000000
2018-02-26 04:10:50,0.02345000,1.07000000
2018-02-26 04:10:51,0.02345000,0.31000000
2018-02-26 04:10:51,0.02345000,0.23000000
2018-02-26 04:10:51,0.02345000,0.22000000
2018-02-26 04:10:52,0.02345000,1.43000000
2018-02-26 04:10:53,0.02345000,3.06000000
2018-02-26 04:10:53,0.02345000,3.05000000
2018-02-26 04:10:53,0.02345000,0.05000000
2018-02-26 04:10:54,0.02345000,12.00000000
2018-02-26 04:10:55,0.02345800,0.11000000
2018-02-26 04:10:56,0.02345000,3.62000000
2018-02-26 04:10:56,0.02345700,0.13000000
2018-02-26 04:10:59,0.02345000,0.36000000
2018-02-26 04:11:00,0.02345000,19.28000000
2018-02-26 04:11:00,0.02345000,13.02000000
2018-02-26 04:11:01,0.02345000,19.28000000
2018-02-26 04:11:01,0.02345000,2.44000000
2018-02-26 04:11:01,0.02345100,2.00000000
2018-02-26 04:11:01,0.02345000,3.65000000
2018-02-26 04:11:02,0.02345000,18.33000000
2018-02-26 04:11:03,0.02345000,0.11000000
2018-02-26 04:11:03,0.02345000,2.93000000
2018-02-26 04:11:04,0.02345000,4.47000000
2018-02-26 04:11:04,0.02345000,1.36000000
2018-02-26 04:11:04,0.02345000,6.39000000
2018-02-26 04:11:04,0.02345000,7.74000000
2018-02-26 04:11:05,0.02345000,19.28000000
2018-02-26 04:11:06,0.02345000,3.86000000
2018-02-26 04:11:07,0.02345000,13.27000000
2018-02-26 04:11:08,0.02345000,0.42000000
2018-02-26 04:11:08,0.02345100,1.10000000
2018-02-26 04:11:08,0.02345000,18.18000000
2018-02-26 04:11:10,0.02345000,1.45000000
2018-02-26 04:11:10,0.02345000,0.11000000
2018-02-26 04:11:11,0.02345600,4.33000000
2018-02-26 04:11:11,0.02345700,0.85000000
2018-02-26 04:11:11,0.02345800,0.15000000
2018-02-26 04:11:11,0.02345800,2.66000000
2018-02-26 04:11:15,0.02345800,0.01000000
2018-02-26 04:11:15,0.02345000,13.25000000
2018-02-26 04:11:15,0.02345000,0.11000000
2018-02-26 04:11:16,0.02345000,0.58000000
2018-02-26 04:11:16,0.02345000,21.32000000
2018-02-26 04:11:17,0.02345000,19.28000000
2018-02-26 04:11:17,0.02345000,4.75000000
2018-02-26 04:11:18,0.02345000,12.00000000
2018-02-26 04:11:19,0.02345100,0.11000000
2018-02-26 04:11:21,0.02345100,0.70000000
2018-02-26 04:11:21,0.02345100,0.72000000
2018-02-26 04:11:22,0.02345100,0.42000000
2018-02-26 04:11:22,0.02345700,0.13000000
2018-02-26 04:11:22,0.02345800,1.00000000
2018-02-26 04:11:22,0.02345900,0.63000000
2018-02-26 04:11:22,0.02345900,0.82000000
2018-02-26 04:11:24,0.02345900,0.01000000
2018-02-26 04:11:24,0.02345100,0.93000000
2018-02-26 04:11:24,0.02346000,1.20000000
2018-02-26 04:11:25,0.02345100,14.61000000
2018-02-26 04:11:25,0.02345000,3.16000000
2018-02-26 04:11:26,0.02346000,0.42000000
2018-02-26 04:11:27,0.02345000,0.11000000
2018-02-26 04:11:27,0.02346000,0.42000000
2018-02-26 04:11:28,0.02345000,2.16000000
2018-02-26 04:11:29,0.02345000,2.12000000
2018-02-26 04:11:30,0.02345700,0.36000000
2018-02-26 04:11:30,0.02346000,0.06000000
2018-02-26 04:11:30,0.02345000,1.27000000
2018-02-26 04:11:30,0.02345000,2.16000000
2018-02-26 04:11:34,0.02345200,3.24000000
2018-02-26 04:11:34,0.02345000,15.63000000
2018-02-26 04:11:35,0.02345000,0.11000000
2018-02-26 04:11:35,0.02345800,0.09000000
2018-02-26 04:11:35,0.02346000,0.34000000
2018-02-26 04:11:37,0.02345000,1.24000000
2018-02-26 04:11:40,0.02345000,5.30000000
2018-02-26 04:11:41,0.02345000,5.49000000
2018-02-26 04:11:41,0.02345900,9.42000000
2018-02-26 04:11:42,0.02345900,2.40000000
2018-02-26 04:11:42,0.02345000,2.97000000
2018-02-26 04:11:45,0.02345900,0.66000000
2018-02-26 04:11:46,0.02345700,0.20000000
2018-02-26 04:11:48,0.02345900,1.03000000
2018-02-26 04:11:49,0.02345700,0.12000000
2018-02-26 04:11:49,0.02345700,0.13000000
2018-02-26 04:11:50,0.02345700,0.17000000
2018-02-26 04:11:50,0.02345000,6.39000000
2018-02-26 04:11:50,0.02345000,4.11000000
2018-02-26 04:11:50,0.02345900,0.13000000
2018-02-26 04:11:51,0.02345900,61.26000000
2018-02-26 04:11:53,0.02345800,0.05000000
2018-02-26 04:11:53,0.02345000,0.05000000
2018-02-26 04:11:55,0.02345000,3.60000000
2018-02-26 04:11:56,0.02345000,0.22000000
2018-02-26 04:11:56,0.02345000,0.22000000
2018-02-26 04:11:58,0.02345000,0.79000000
2018-02-26 04:11:59,0.02345800,9.43000000
2018-02-26 04:11:59,0.02345000,2.37000000
2018-02-26 04:12:03,0.02345700,0.16000000
2018-02-26 04:12:03,0.02345000,21.16000000
2018-02-26 04:12:03,0.02345000,14.78000000
2018-02-26 04:12:04,0.02345000,21.18000000
2018-02-26 04:12:04,0.02345000,18.82000000
2018-02-26 04:12:09,0.02345000,3.54000000
2018-02-26 04:12:09,0.02345000,28.41000000
2018-02-26 04:12:09,0.02345000,2.40000000
2018-02-26 04:12:10,0.02345000,0.17000000
2018-02-26 04:12:11,0.02345800,0.40000000
2018-02-26 04:12:12,0.02345000,37.72000000
2018-02-26 04:12:12,0.02345000,0.17000000
2018-02-26 04:12:15,0.02345000,1.71000000
2018-02-26 04:12:16,0.02345000,0.26000000
2018-02-26 04:12:17,0.02345000,1.28000000
2018-02-26 04:12:18,0.02345000,1.51000000
2018-02-26 04:12:19,0.02345000,0.36000000
2018-02-26 04:12:21,0.02345100,0.27000000
2018-02-26 04:12:22,0.02345100,0.11000000
2018-02-26 04:12:22,0.02345100,0.64000000
2018-02-26 04:12:22,0.02345100,0.27000000
2018-02-26 04:12:23,0.02345000,0.17000000
2018-02-26 04:12:26,0.02345000,0.17000000
2018-02-26 04:12:28,0.02345000,0.17000000
2018-02-26 04:12:29,0.02345000,2.37000000
2018-02-26 04:12:30,0.02345000,12.00000000
2018-02-26 04:12:31,0.02345000,0.17000000
2018-02-26 04:12:31,0.02345000,1.00000000
2018-02-26 04:12:31,0.02345000,0.80000000
2018-02-26 04:12:33,0.02345000,0.64000000
2018-02-26 04:12:38,0.02345000,0.05000000
2018-02-26 04:12:41,0.02345000,0.13000000
2018-02-26 04:12:43,0.02345000,34.96000000
2018-02-26 04:12:45,0.02345200,0.21000000
2018-02-26 04:12:45,0.02345300,0.53000000
2018-02-26 04:12:45,0.02345300,3.90000000
2018-02-26 04:12:45,0.02345500,0.15000000
2018-02-26 04:12:45,0.02345600,27.19000000
2018-02-26 04:12:45,0.02345700,0.10000000
2018-02-26 04:12:45,0.02345800,4.66000000
2018-02-26 04:12:48,0.02345800,4.55000000
2018-02-26 04:12:48,0.02345900,12.35000000
2018-02-26 04:12:48,0.02345100,0.10000000
2018-02-26 04:12:48,0.02345000,4.60000000
2018-02-26 04:12:51,0.02345900,0.09000000
2018-02-26 04:12:51,0.02345000,2.71000000
2018-02-26 04:12:52,0.02345900,12.66000000
2018-02-26 04:12:53,0.02346000,2.07000000
2018-02-26 04:12:55,0.02346000,0.11000000
2018-02-26 04:12:59,0.02345000,0.09000000
2018-02-26 04:13:07,0.02345900,4.58000000
2018-02-26 04:13:09,0.02345900,0.11000000
2018-02-26 04:13:13,0.02345900,0.26000000
2018-02-26 04:13:14,0.02345100,4.00000000
2018-02-26 04:13:15,0.02345900,0.12000000
2018-02-26 04:13:17,0.02345200,0.48000000
2018-02-26 04:13:24,0.02345200,0.42000000
2018-02-26 04:13:24,0.02345100,6.25000000
2018-02-26 04:13:26,0.02345100,0.04000000
2018-02-26 04:13:27,0.02345200,0.42000000
2018-02-26 04:13:30,0.02345300,0.46000000
2018-02-26 04:13:30,0.02345100,4.58000000
2018-02-26 04:13:31,0.02345100,0.13000000
2018-02-26 04:13:32,0.02345300,1.54000000
2018-02-26 04:13:40,0.02345100,0.36000000
2018-02-26 04:13:40,0.02345100,0.01000000
2018-02-26 04:13:41,0.02345200,1.35000000
2018-02-26 04:13:41,0.02345900,10.34000000
2018-02-26 04:13:43,0.02345900,1.87000000
2018-02-26 04:13:43,0.02345100,2.16000000
2018-02-26 04:13:43,0.02345000,19.05000000
2018-02-26 04:13:44,0.02345000,1.27000000
2018-02-26 04:13:47,0.02345000,18.34000000
2018-02-26 04:13:49,0.02345000,10.81000000
2018-02-26 04:13:50,0.02345000,10.66000000
2018-02-26 04:13:53,0.02345000,3.32000000
2018-02-26 04:13:55,0.02345000,0.48000000
2018-02-26 04:13:56,0.02345800,0.10000000
2018-02-26 04:13:57,0.02345000,23.13000000
2018-02-26 04:13:57,0.02345000,12.36000000
2018-02-26 04:13:58,0.02345000,1.75000000
2018-02-26 04:14:01,0.02345900,2.10000000
2018-02-26 04:14:01,0.02345000,3.12000000
2018-02-26 04:14:01,0.02345800,1.34000000
2018-02-26 04:14:02,0.02345800,4.44000000
2018-02-26 04:14:02,0.02345800,0.07000000
2018-02-26 04:14:03,0.02345000,8.13000000
2018-02-26 04:14:03,0.02345000,2.98000000
2018-02-26 04:14:07,0.02345500,0.25000000
2018-02-26 04:14:11,0.02345100,0.87000000
2018-02-26 04:14:11,0.02345000,0.14000000
2018-02-26 04:14:12,0.02345900,0.51000000
2018-02-26 04:14:12,0.02345900,1.27000000
2018-02-26 04:14:12,0.02345900,1.00000000
2018-02-26 04:14:18,0.02345900,0.14000000
2018-02-26 04:14:18,0.02345000,88.19000000
2018-02-26 04:14:18,0.02345000,0.24000000
2018-02-26 04:14:23,0.02345500,0.56000000
2018-02-26 04:14:23,0.02345800,0.55000000
2018-02-26 04:14:23,0.02345900,7.84000000
2018-02-26 04:14:29,0.02345900,0.07000000
2018-02-26 04:14:29,0.02345900,0.07000000
2018-02-26 04:14:29,0.02345900,0.07000000
2018-02-26 04:14:30,0.02345900,14.40000000
2018-02-26 04:14:32,0.02345900,1.62000000
2018-02-26 04:14:33,0.02345100,0.22000000
2018-02-26 04:14:33,0.02345100,2.69000000
2018-02-26 04:14:34,0.02345100,0.09000000
2018-02-26 04:14:35,0.02345900,0.61000000
2018-02-26 04:14:35,0.02345100,1.93000000
2018-02-26 04:14:36,0.02345900,0.01000000
2018-02-26 04:14:37,0.02346000,0.07000000
2018-02-26 04:14:38,0.02346000,4.37000000
2018-02-26 04:14:38,0.02345900,8.09000000
2018-02-26 04:14:39,0.02345900,0.11000000
2018-02-26 04:14:41,0.02346000,2.30000000
2018-02-26 04:14:42,0.02345900,0.46000000
2018-02-26 04:14:42,0.02345900,0.24000000
2018-02-26 04:14:42,0.02346000,0.42000000
2018-02-26 04:14:44,0.02345900,0.11000000
2018-02-26 04:14:44,0.02346000,0.42000000
2018-02-26 04:14:45,0.02346000,1.19000000
2018-02-26 04:14:45,0.02346000,0.85000000
2018-02-26 04:14:48,0.02345900,0.18000000
2018-02-26 04:14:50,0.02345900,5.11000000
2018-02-26 04:14:54,0.02345900,4.98000000
2018-02-26 04:14:54,0.02345200,0.11000000
2018-02-26 04:14:55,0.02345100,1.91000000
2018-02-26 04:14:56,0.02346000,0.26000000
2018-02-26 04:14:58,0.02345100,11.73000000
2018-02-26 04:15:01,0.02345100,0.07000000
2018-02-26 04:15:04,0.02345800,0.21000000
2018-02-26 04:15:04,0.02345100,2.04000000
2018-02-26 04:15:06,0.02345800,0.06000000
2018-02-26 04:15:14,0.02345800,0.08000000
2018-02-26 04:15:15,0.02345800,0.34000000
2018-02-26 04:15:15,0.02345100,0.11000000
2018-02-26 04:15:16,0.02345100,1.56000000
2018-02-26 04:15:16,0.02345000,3.43000000
2018-02-26 04:15:18,0.02345000,3.60000000
2018-02-26 04:15:18,0.02345000,1.25000000
2018-02-26 04:15:18,0.02345000,1.31000000
2018-02-26 04:15:19,0.02345000,5.11000000
2018-02-26 04:15:19,0.02345000,1.96000000
2018-02-26 04:15:21,0.02345000,7.00000000
2018-02-26 04:15:21,0.02345000,0.10000000
2018-02-26 04:15:23,0.02345000,2.50000000
2018-02-26 04:15:23,0.02345000,16.94000000
2018-02-26 04:15:24,0.02345000,0.11000000
2018-02-26 04:15:25,0.02345000,0.58000000
2018-02-26 04:15:25,0.02345000,8.52000000
2018-02-26 04:15:25,0.02345000,7.16000000
2018-02-26 04:15:26,0.02345000,1.00000000
2018-02-26 04:15:28,0.02345000,0.06000000
2018-02-26 04:15:28,0.02345000,12.49000000
2018-02-26 04:15:29,0.02345000,0.11000000
2018-02-26 04:15:34,0.02345000,0.31000000
2018-02-26 04:15:34,0.02344900,0.12000000
2018-02-26 04:15:36,0.02344900,2.04000000
2018-02-26 04:15:39,0.02345900,0.26000000
2018-02-26 04:15:39,0.02345900,0.42000000
2018-02-26 04:15:44,0.02344200,0.34000000
2018-02-26 04:15:44,0.02344100,0.34000000
2018-02-26 04:15:44,0.02343900,0.42000000
2018-02-26 04:15:45,0.02343900,0.14000000
2018-02-26 04:15:45,0.02343800,0.16000000
2018-02-26 04:15:47,0.02345900,1.33000000
2018-02-26 04:15:47,0.02346000,1.07000000
2018-02-26 04:15:49,0.02345000,0.18000000
2018-02-26 04:15:52,0.02345200,0.15000000
2018-02-26 04:15:52,0.02344100,0.15000000
2018-02-26 04:15:52,0.02344100,0.15000000
2018-02-26 04:15:52,0.02344100,0.34000000
2018-02-26 04:15:52,0.02343800,1.61000000
2018-02-26 04:15:53,0.02342800,2.47000000
2018-02-26 04:15:55,0.02345000,0.05000000
2018-02-26 04:15:58,0.02345000,0.63000000
2018-02-26 04:15:58,0.02345000,0.63000000
2018-02-26 04:15:58,0.02345000,0.26000000
2018-02-26 04:15:59,0.02345000,0.42000000
2018-02-26 04:16:03,0.02341200,0.10000000
2018-02-26 04:16:03,0.02341100,0.32000000
2018-02-26 04:16:13,0.02344700,0.10000000
2018-02-26 04:16:14,0.02341200,1.00000000
2018-02-26 04:16:16,0.02345000,0.07000000
2018-02-26 04:16:16,0.02341200,0.63000000
2018-02-26 04:16:17,0.02345000,5.07000000
2018-02-26 04:16:19,0.02345800,2.98000000
2018-02-26 04:16:19,0.02345800,2.97000000
2018-02-26 04:16:19,0.02345800,4.03000000
2018-02-26 04:16:19,0.02345900,2.01000000
2018-02-26 04:16:19,0.02346000,31.27000000
2018-02-26 04:16:30,0.02345000,0.27000000
2018-02-26 04:16:30,0.02346000,18.76000000
2018-02-26 04:16:30,0.02347000,4.09000000
2018-02-26 04:16:30,0.02346000,4.40000000
2018-02-26 04:16:30,0.02343800,0.42000000
2018-02-26 04:16:35,0.02346000,10.00000000
2018-02-26 04:16:35,0.02344100,0.16000000
2018-02-26 04:16:35,0.02343800,4.05000000
2018-02-26 04:16:35,0.02343600,4.01000000
2018-02-26 04:16:35,0.02342000,5.97000000
2018-02-26 04:16:35,0.02341200,7.83000000
2018-02-26 04:16:35,0.02341100,37.98000000
2018-02-26 04:16:37,0.02342300,0.20000000
2018-02-26 04:16:41,0.02346700,0.20000000
2018-02-26 04:16:41,0.02346900,0.49000000
2018-02-26 04:16:41,0.02346900,0.10000000
2018-02-26 04:16:44,0.02346900,0.10000000
2018-02-26 04:16:46,0.02347000,0.42000000
2018-02-26 04:16:46,0.02347000,24.00000000
2018-02-26 04:16:46,0.02347000,24.00000000
2018-02-26 04:16:49,0.02346900,2.11000000
2018-02-26 04:16:49,0.02346000,0.29000000
2018-02-26 04:16:51,0.02347000,0.16000000
2018-02-26 04:16:52,0.02347000,0.14000000
2018-02-26 04:16:55,0.02347000,3.73000000
2018-02-26 04:17:00,0.02347000,1.69000000
2018-02-26 04:17:01,0.02346000,0.06000000
2018-02-26 04:17:02,0.02347000,1.00000000
2018-02-26 04:17:04,0.02347000,0.72000000
2018-02-26 04:17:04,0.02347000,0.11000000
2018-02-26 04:17:04,0.02347000,2.56000000
2018-02-26 04:17:05,0.02347000,1.14000000
2018-02-26 04:17:05,0.02347000,3.39000000
2018-02-26 04:17:05,0.02347000,0.72000000
2018-02-26 04:17:06,0.02347000,1.83000000
2018-02-26 04:17:06,0.02347000,1.84000000
2018-02-26 04:17:06,0.02347000,6.19000000
2018-02-26 04:17:07,0.02347500,1.00000000
2018-02-26 04:17:07,0.02347000,1.16000000
2018-02-26 04:17:08,0.02346200,2.26000000
2018-02-26 04:17:08,0.02347000,1.11000000
2018-02-26 04:17:10,0.02346200,0.14000000
2018-02-26 04:17:12,0.02346000,0.85000000
2018-02-26 04:17:15,0.02348400,0.11000000
2018-02-26 04:17:17,0.02346200,1.84000000
2018-02-26 04:17:17,0.02346000,16.03000000
2018-02-26 04:17:17,0.02346000,1.64000000
2018-02-26 04:17:17,0.02346000,0.28000000
2018-02-26 04:17:18,0.02346000,23.57000000
2018-02-26 04:17:24,0.02347000,0.40000000
2018-02-26 04:17:28,0.02347000,0.02000000
2018-02-26 04:17:29,0.02348400,0.01000000
2018-02-26 04:17:29,0.02348800,0.25000000
2018-02-26 04:17:31,0.02348800,1.73000000
2018-02-26 04:17:31,0.02349000,0.67000000
2018-02-26 04:17:31,0.02347000,1.29000000
2018-02-26 04:17:34,0.02349000,0.11000000
2018-02-26 04:17:37,0.02348800,0.14000000
2018-02-26 04:17:40,0.02348800,0.01000000
2018-02-26 04:17:40,0.02349000,3.02000000
2018-02-26 04:17:41,0.02349000,3.95000000
2018-02-26 04:17:42,0.02349000,0.01000000
2018-02-26 04:17:43,0.02349100,1.04000000
2018-02-26 04:17:43,0.02349600,0.35000000
2018-02-26 04:17:46,0.02349000,4.05000000
2018-02-26 04:17:46,0.02348800,0.54000000
2018-02-26 04:17:46,0.02347100,0.60000000
2018-02-26 04:17:46,0.02349600,0.01000000
2018-02-26 04:17:46,0.02349900,5.16000000
2018-02-26 04:17:47,0.02349900,0.41000000
2018-02-26 04:17:48,0.02347200,0.59000000
2018-02-26 04:17:49,0.02347200,1.70000000
2018-02-26 04:17:51,0.02348900,0.59000000
2018-02-26 04:17:51,0.02348800,2.29000000
2018-02-26 04:17:53,0.02349000,10.60000000
2018-02-26 04:17:54,0.02349000,8.26000000
2018-02-26 04:17:55,0.02349000,3.91000000
2018-02-26 04:17:57,0.02349000,1.68000000
2018-02-26 04:17:58,0.02349000,0.88000000
2018-02-26 04:17:59,0.02349000,0.47000000
2018-02-26 04:18:00,0.02349000,1.53000000
2018-02-26 04:18:01,0.02349000,0.87000000
2018-02-26 04:18:02,0.02349000,12.00000000
2018-02-26 04:18:02,0.02349000,2.00000000
2018-02-26 04:18:02,0.02349000,3.89000000
2018-02-26 04:18:03,0.02349000,28.05000000
2018-02-26 04:18:04,0.02349000,0.58000000
2018-02-26 04:18:04,0.02349000,0.25000000
2018-02-26 04:18:05,0.02349000,1.96000000
2018-02-26 04:18:05,0.02349000,1.27000000
2018-02-26 04:18:05,0.02349000,5.88000000
2018-02-26 04:18:05,0.02349000,1.27000000
2018-02-26 04:18:06,0.02348800,0.63000000
2018-02-26 04:18:06,0.02349000,0.16000000
2018-02-26 04:18:07,0.02349000,0.65000000
2018-02-26 04:18:07,0.02349000,0.11000000
2018-02-26 04:18:08,0.02349000,0.22000000
2018-02-26 04:18:09,0.02349000,5.87000000
2018-02-26 04:18:11,0.02349000,1.05000000
2018-02-26 04:18:12,0.02349000,4.92000000
2018-02-26 04:18:12,0.02349000,0.84000000
2018-02-26 04:18:13,0.02349000,0.10000000
2018-02-26 04:18:13,0.02349000,0.79000000
2018-02-26 04:18:15,0.02349000,0.71000000
2018-02-26 04:18:15,0.02349000,0.01000000
2018-02-26 04:18:15,0.02349900,1.20000000
2018-02-26 04:18:18,0.02349000,0.16000000
2018-02-26 04:18:18,0.02348800,0.90000000
2018-02-26 04:18:19,0.02349900,0.17000000
2018-02-26 04:18:19,0.02349900,24.10000000
2018-02-26 04:18:19,0.02349900,8.33000000
2018-02-26 04:18:19,0.02350000,30.08000000
2018-02-26 04:18:20,0.02350000,7.83000000
2018-02-26 04:18:21,0.02350000,54.53000000
2018-02-26 04:18:21,0.02350000,2.70000000
2018-02-26 04:18:27,0.02349100,0.05000000
2018-02-26 04:18:27,0.02348800,0.33000000
2018-02-26 04:18:27,0.02348100,0.41000000
2018-02-26 04:18:27,0.02348000,2.41000000
2018-02-26 04:18:27,0.02348000,5.51000000
2018-02-26 04:18:27,0.02348000,0.64000000
2018-02-26 04:18:32,0.02350000,6.45000000
2018-02-26 04:18:33,0.02350000,0.20000000
2018-02-26 04:18:33,0.02350000,2.80000000
2018-02-26 04:18:34,0.02350000,0.42000000
2018-02-26 04:18:38,0.02350000,6.85000000
2018-02-26 04:18:40,0.02350000,0.55000000
2018-02-26 04:18:42,0.02350000,0.42000000
2018-02-26 04:18:43,0.02350000,1.53000000
2018-02-26 04:18:43,0.02350000,6.40000000
2018-02-26 04:18:45,0.02350000,6.39000000
2018-02-26 04:18:46,0.02350000,6.39000000
2018-02-26 04:18:46,0.02350000,38.60000000
2018-02-26 04:18:48,0.02350000,6.39000000
2018-02-26 04:18:49,0.02350000,1.23000000
2018-02-26 04:18:50,0.02350000,15.50000000
2018-02-26 04:18:50,0.02350000,0.10000000
2018-02-26 04:18:51,0.02350000,0.13000000
2018-02-26 04:18:52,0.02350000,1.33000000
2018-02-26 04:18:53,0.02350000,0.48000000
2018-02-26 04:18:53,0.02350000,17.21000000
2018-02-26 04:18:53,0.02350000,14.26000000
2018-02-26 04:18:53,0.02350000,2.21000000
2018-02-26 04:18:53,0.02349200,0.05000000
2018-02-26 04:18:53,0.02349100,0.68000000
2018-02-26 04:18:53,0.02349000,15.37000000
2018-02-26 04:18:53,0.02347600,5.26000000
2018-02-26 04:18:53,0.02347500,1.63000000
2018-02-26 04:18:55,0.02350000,0.08000000
2018-02-26 04:18:55,0.02350000,9.44000000
2018-02-26 04:18:57,0.02350000,113.94000000
2018-02-26 04:19:10,0.02350000,6.29000000
2018-02-26 04:19:11,0.02350000,7.01000000
2018-02-26 04:19:13,0.02350000,0.73000000
2018-02-26 04:19:15,0.02350000,1.77000000
2018-02-26 04:19:19,0.02350000,0.29000000
2018-02-26 04:19:22,0.02349900,8.93000000
2018-02-26 04:19:22,0.02349900,9.20000000
2018-02-26 04:19:25,0.02349900,0.04000000
2018-02-26 04:19:25,0.02350000,1.66000000
2018-02-26 04:19:26,0.02350000,0.42000000
2018-02-26 04:19:26,0.02349900,0.63000000
2018-02-26 04:19:27,0.02350000,4.25000000
2018-02-26 04:19:28,0.02350000,8.51000000
2018-02-26 04:19:28,0.02350000,1.85000000
2018-02-26 04:19:28,0.02349900,2.40000000
2018-02-26 04:19:30,0.02350000,7.10000000
2018-02-26 04:19:32,0.02349900,0.10000000
2018-02-26 04:19:35,0.02350000,2.12000000
2018-02-26 04:19:36,0.02349900,0.40000000
2018-02-26 04:19:36,0.02349900,0.43000000
2018-02-26 04:19:37,0.02350000,10.00000000
2018-02-26 04:19:39,0.02350000,0.35000000
2018-02-26 04:19:39,0.02350000,0.11000000
2018-02-26 04:19:39,0.02350000,26.98000000
2018-02-26 04:19:40,0.02350000,0.10000000
2018-02-26 04:19:41,0.02350000,3.61000000
2018-02-26 04:19:42,0.02350000,0.20000000
2018-02-26 04:19:44,0.02350000,0.80000000
2018-02-26 04:19:44,0.02350000,4.58000000
2018-02-26 04:19:44,0.02350000,0.33000000
2018-02-26 04:19:44,0.02350000,0.28000000
2018-02-26 04:19:44,0.02350000,7.64000000
2018-02-26 04:19:45,0.02349900,0.06000000
2018-02-26 04:19:45,0.02350000,1.59000000
2018-02-26 04:19:47,0.02350000,0.83000000
2018-02-26 04:19:47,0.02350000,7.64000000
2018-02-26 04:19:47,0.02350000,7.64000000
2018-02-26 04:19:47,0.02350000,0.35000000
2018-02-26 04:19:48,0.02350000,1.00000000
2018-02-26 04:19:49,0.02350000,0.11000000
2018-02-26 04:19:50,0.02350000,7.48000000
2018-02-26 04:19:50,0.02350000,48.82000000
2018-02-26 04:19:51,0.02350000,0.18000000
2018-02-26 04:19:52,0.02350000,20.00000000
2018-02-26 04:19:52,0.02350000,8.94000000
2018-02-26 04:19:53,0.02349900,0.47000000
2018-02-26 04:19:53,0.02350000,200.63000000
2018-02-26 04:19:54,0.02350600,0.30000000
2018-02-26 04:19:54,0.02351000,0.08000000
2018-02-26 04:19:54,0.02352000,0.63000000
2018-02-26 04:19:54,0.02352200,1.81000000
2018-02-26 04:19:54,0.02354000,1.08000000
2018-02-26 04:19:54,0.02354000,1.05000000
2018-02-26 04:19:55,0.02354000,6.41000000
2018-02-26 04:19:56,0.02354000,0.95000000
2018-02-26 04:19:56,0.02355000,0.20000000
2018-02-26 04:19:56,0.02355600,0.05000000
2018-02-26 04:19:56,0.02350400,0.04000000
2018-02-26 04:19:56,0.02355600,0.09000000
2018-02-26 04:19:56,0.02357500,0.11000000
2018-02-26 04:19:57,0.02356000,0.11000000
2018-02-26 04:19:58,0.02356000,0.09000000
2018-02-26 04:19:58,0.02357500,1.24000000
2018-02-26 04:20:00,0.02352400,0.43000000
2018-02-26 04:20:01,0.02354800,0.40000000
2018-02-26 04:20:01,0.02354800,0.96000000
2018-02-26 04:20:01,0.02352200,1.81000000
2018-02-26 04:20:01,0.02351600,0.21000000
2018-02-26 04:20:01,0.02351000,2.78000000
2018-02-26 04:20:02,0.02357300,0.43000000
2018-02-26 04:20:02,0.02357500,1.67000000
2018-02-26 04:20:02,0.02351000,0.40000000
2018-02-26 04:20:04,0.02357300,0.09000000
2018-02-26 04:20:12,0.02356600,0.10000000
2018-02-26 04:20:13,0.02356600,2.53000000
2018-02-26 04:20:13,0.02356700,0.85000000
2018-02-26 04:20:14,0.02356800,0.09000000
2018-02-26 04:20:14,0.02356800,0.09000000
2018-02-26 04:20:14,0.02356800,0.64000000
2018-02-26 04:20:14,0.02356800,3.97000000
2018-02-26 04:20:14,0.02356800,0.66000000
2018-02-26 04:20:14,0.02356800,0.22000000
2018-02-26 04:20:15,0.02357300,0.09000000
2018-02-26 04:20:15,0.02357500,5.18000000
2018-02-26 04:20:15,0.02356800,0.26000000
2018-02-26 04:20:17,0.02356800,0.09000000
2018-02-26 04:20:17,0.02357300,0.09000000
2018-02-26 04:20:17,0.02357500,0.02000000
2018-02-26 04:20:20,0.02357100,1.15000000
2018-02-26 04:20:20,0.02357200,0.33000000
2018-02-26 04:20:20,0.02357100,0.09000000
2018-02-26 04:20:20,0.02357200,0.30000000
2018-02-26 04:20:21,0.02357100,0.05000000
2018-02-26 04:20:24,0.02357100,0.13000000
2018-02-26 04:20:24,0.02357200,0.18000000
2018-02-26 04:20:24,0.02357300,0.09000000
2018-02-26 04:20:24,0.02357500,2.69000000
2018-02-26 04:20:28,0.02357200,0.09000000
2018-02-26 04:20:28,0.02357300,0.09000000
2018-02-26 04:20:28,0.02357500,0.17000000
2018-02-26 04:20:28,0.02356600,0.19000000
2018-02-26 04:20:28,0.02356600,0.09000000
2018-02-26 04:20:29,0.02357200,0.09000000
2018-02-26 04:20:29,0.02357300,0.09000000
2018-02-26 04:20:29,0.02357500,1.75000000
2018-02-26 04:20:29,0.02357500,0.09000000
2018-02-26 04:20:29,0.02357500,0.09000000
2018-02-26 04:20:29,0.02357500,0.09000000
2018-02-26 04:20:29,0.02357500,1.27000000
2018-02-26 04:20:29,0.02357500,0.05000000
2018-02-26 04:20:31,0.02357500,1.59000000
2018-02-26 04:20:31,0.02358000,0.12000000
2018-02-26 04:20:31,0.02358900,0.64000000
2018-02-26 04:20:31,0.02359400,0.06000000
2018-02-26 04:20:31,0.02359700,0.05000000
2018-02-26 04:20:31,0.02360000,3.35000000
2018-02-26 04:20:31,0.02357500,0.08000000
2018-02-26 04:20:31,0.02357500,0.42000000
2018-02-26 04:20:31,0.02357500,0.09000000
2018-02-26 04:20:33,0.02357500,0.16000000
2018-02-26 04:20:33,0.02357700,3.96000000
2018-02-26 04:20:33,0.02357700,0.09000000
2018-02-26 04:20:34,0.02357700,0.19000000
2018-02-26 04:20:34,0.02357500,0.23000000
2018-02-26 04:20:34,0.02357500,0.09000000
2018-02-26 04:20:34,0.02358000,3.49000000
2018-02-26 04:20:35,0.02358000,4.15000000
2018-02-26 04:20:36,0.02357500,1.59000000
2018-02-26 04:20:36,0.02358000,0.20000000
2018-02-26 04:20:36,0.02357500,0.09000000
2018-02-26 04:20:36,0.02357500,0.09000000
2018-02-26 04:20:37,0.02358000,0.10000000
2018-02-26 04:20:37,0.02358900,0.09000000
2018-02-26 04:20:37,0.02359100,0.25000000
2018-02-26 04:20:37,0.02359400,0.09000000
2018-02-26 04:20:37,0.02359700,0.09000000
2018-02-26 04:20:37,0.02360000,0.16000000
2018-02-26 04:20:37,0.02357500,0.05000000
2018-02-26 04:20:38,0.02357500,0.09000000
2018-02-26 04:20:38,0.02357500,0.85000000
2018-02-26 04:20:39,0.02357500,1.40000000
2018-02-26 04:20:40,0.02358000,0.08000000
2018-02-26 04:20:40,0.02358000,0.10000000
2018-02-26 04:20:40,0.02358900,0.09000000
2018-02-26 04:20:40,0.02359100,0.09000000
2018-02-26 04:20:40,0.02359400,0.09000000
2018-02-26 04:20:40,0.02359700,0.05000000
2018-02-26 04:20:41,0.02357500,1.56000000
2018-02-26 04:20:41,0.02357500,0.09000000
2018-02-26 04:20:41,0.02358900,0.09000000
2018-02-26 04:20:41,0.02359100,0.09000000
2018-02-26 04:20:41,0.02359400,0.09000000
2018-02-26 04:20:41,0.02359400,0.09000000
2018-02-26 04:20:41,0.02359400,0.09000000
2018-02-26 04:20:41,0.02359700,0.13000000
2018-02-26 04:20:41,0.02360000,0.29000000
2018-02-26 04:20:41,0.02359400,0.09000000
2018-02-26 04:20:41,0.02359400,0.32000000
2018-02-26 04:20:42,0.02357500,1.91000000
2018-02-26 04:20:42,0.02357500,0.09000000
2018-02-26 04:20:43,0.02357600,0.25000000
2018-02-26 04:20:43,0.02357600,0.09000000
2018-02-26 04:20:43,0.02357600,0.17000000
2018-02-26 04:20:43,0.02359400,0.17000000
2018-02-26 04:20:45,0.02359000,2.14000000
2018-02-26 04:20:45,0.02359400,0.10000000
2018-02-26 04:20:45,0.02359400,0.09000000
2018-02-26 04:20:45,0.02359400,0.09000000
2018-02-26 04:20:47,0.02359400,0.36000000
2018-02-26 04:20:47,0.02359400,0.27000000
2018-02-26 04:20:49,0.02359400,1.94000000
2018-02-26 04:20:49,0.02359400,0.01000000
2018-02-26 04:20:49,0.02358000,0.69000000
2018-02-26 04:20:49,0.02358000,0.09000000
2018-02-26 04:20:50,0.02358000,1.62000000
2018-02-26 04:20:50,0.02358200,0.50000000
2018-02-26 04:20:51,0.02358000,0.06000000
2018-02-26 04:20:51,0.02358200,0.08000000
2018-02-26 04:20:51,0.02358000,0.09000000
2018-02-26 04:20:51,0.02358200,0.10000000
2018-02-26 04:20:51,0.02358000,0.09000000
2018-02-26 04:20:51,0.02358200,0.09000000
2018-02-26 04:20:51,0.02358200,0.01000000
2018-02-26 04:20:51,0.02358000,0.08000000
2018-02-26 04:20:52,0.02358000,0.09000000
2018-02-26 04:20:52,0.02358200,0.07000000
2018-02-26 04:20:53,0.02358200,0.11000000
2018-02-26 04:20:53,0.02358000,0.11000000
2018-02-26 04:20:53,0.02358000,0.09000000
2018-02-26 04:20:54,0.02359700,0.09000000
2018-02-26 04:20:54,0.02359700,0.08000000
2018-02-26 04:20:54,0.02359700,0.09000000
2018-02-26 04:20:54,0.02359700,0.21000000
2018-02-26 04:20:54,0.02359700,4.22000000
2018-02-26 04:20:54,0.02359700,0.31000000
2018-02-26 04:20:54,0.02358200,0.66000000
2018-02-26 04:20:54,0.02358000,0.12000000
2018-02-26 04:20:54,0.02358000,0.09000000
2018-02-26 04:20:54,0.02358200,0.08000000
2018-02-26 04:20:54,0.02358200,0.10000000
2018-02-26 04:20:57,0.02359700,0.26000000
2018-02-26 04:20:59,0.02359700,0.84000000
2018-02-26 04:21:00,0.02359500,0.21000000
2018-02-26 04:21:00,0.02359500,0.06000000
2018-02-26 04:21:00,0.02359500,0.03000000
2018-02-26 04:21:00,0.02359700,8.42000000
2018-02-26 04:21:02,0.02359700,0.58000000
2018-02-26 04:21:02,0.02359900,0.10000000
2018-02-26 04:21:02,0.02359900,0.26000000
2018-02-26 04:21:02,0.02359900,1.95000000
2018-02-26 04:21:04,0.02359900,0.93000000
2018-02-26 04:21:04,0.02359900,0.78000000
2018-02-26 04:21:04,0.02359900,0.93000000
2018-02-26 04:21:04,0.02359900,0.89000000
2018-02-26 04:21:04,0.02360000,1.59000000
2018-02-26 04:21:04,0.02359700,7.66000000
2018-02-26 04:21:04,0.02359700,1.76000000
2018-02-26 04:21:05,0.02359400,1.48000000
2018-02-26 04:21:05,0.02359400,0.75000000
2018-02-26 04:21:05,0.02359700,0.09000000
2018-02-26 04:21:05,0.02359700,0.09000000
2018-02-26 04:21:05,0.02359700,0.09000000
2018-02-26 04:21:05,0.02359700,0.20000000
2018-02-26 04:21:06,0.02360000,0.06000000
2018-02-26 04:21:06,0.02360000,2.92000000
2018-02-26 04:21:06,0.02360000,7.19000000
2018-02-26 04:21:06,0.02360000,3.84000000
2018-02-26 04:21:06,0.02360000,1.33000000
2018-02-26 04:21:07,0.02360000,0.07000000
2018-02-26 04:21:07,0.02360000,0.72000000
2018-02-26 04:21:07,0.02360000,13.63000000
2018-02-26 04:21:08,0.02360000,0.11000000
2018-02-26 04:21:08,0.02360000,3.04000000
2018-02-26 04:21:08,0.02360000,1.12000000
2018-02-26 04:21:08,0.02360000,0.37000000
2018-02-26 04:21:10,0.02360000,2.25000000
2018-02-26 04:21:12,0.02360000,0.06000000
2018-02-26 04:21:12,0.02360000,0.41000000
2018-02-26 04:21:13,0.02360000,2.39000000
2018-02-26 04:21:13,0.02360000,0.41000000
2018-02-26 04:21:14,0.02359700,0.09000000
2018-02-26 04:21:14,0.02359700,0.09000000
2018-02-26 04:21:15,0.02360000,0.37000000
2018-02-26 04:21:16,0.02360000,1.26000000
2018-02-26 04:21:16,0.02360000,5.97000000
2018-02-26 04:21:16,0.02360000,1.26000000
2018-02-26 04:21:16,0.02360000,0.75000000
2018-02-26 04:21:16,0.02360000,0.08000000
2018-02-26 04:21:16,0.02360000,1.36000000
2018-02-26 04:21:16,0.02360000,1.26000000
2018-02-26 04:21:16,0.02360000,0.48000000
2018-02-26 04:21:17,0.02359900,0.09000000
2018-02-26 04:21:17,0.02359900,0.09000000
2018-02-26 04:21:20,0.02360000,0.79000000
2018-02-26 04:21:20,0.02360000,23.02000000
2018-02-26 04:21:21,0.02360100,1.27000000
2018-02-26 04:21:24,0.02360100,0.08000000
2018-02-26 04:21:26,0.02360000,1.00000000
2018-02-26 04:21:26,0.02360000,0.09000000
2018-02-26 04:21:26,0.02360100,0.01000000
2018-02-26 04:21:27,0.02360100,0.09000000
2018-02-26 04:21:27,0.02360100,0.50000000
2018-02-26 04:21:27,0.02360000,0.20000000
2018-02-26 04:21:27,0.02360000,0.09000000
2018-02-26 04:21:28,0.02360000,1.00000000
2018-02-26 04:21:28,0.02360000,8.11000000
2018-02-26 04:21:30,0.02360400,0.05000000
2018-02-26 04:21:30,0.02360400,0.08000000
2018-02-26 04:21:30,0.02360400,0.01000000
2018-02-26 04:21:32,0.02360000,0.80000000
2018-02-26 04:21:34,0.02359900,1.00000000
2018-02-26 04:21:34,0.02360000,0.72000000
2018-02-26 04:21:34,0.02360000,0.09000000
2018-02-26 04:21:34,0.02360000,0.09000000
2018-02-26 04:21:34,0.02360000,0.49000000
2018-02-26 04:21:35,0.02360000,2.51000000
2018-02-26 04:21:35,0.02360000,1.30000000
2018-02-26 04:21:35,0.02360500,0.86000000
2018-02-26 04:21:35,0.02360600,0.07000000
2018-02-26 04:21:35,0.02360700,0.11000000
2018-02-26 04:21:36,0.02359900,0.49000000
2018-02-26 04:21:36,0.02359900,1.97000000
2018-02-26 04:21:36,0.02360000,0.10000000
2018-02-26 04:21:36,0.02360500,0.09000000
2018-02-26 04:21:36,0.02360700,0.05000000
2018-02-26 04:21:36,0.02361000,3.85000000
2018-02-26 04:21:36,0.02362000,0.61000000
2018-02-26 04:21:36,0.02362300,3.79000000
2018-02-26 04:21:36,0.02362300,0.01000000
2018-02-26 04:21:36,0.02359900,0.43000000
2018-02-26 04:21:36,0.02360600,0.09000000
2018-02-26 04:21:37,0.02359900,0.09000000
2018-02-26 04:21:38,0.02360000,0.09000000
2018-02-26 04:21:38,0.02360500,0.08000000
2018-02-26 04:21:38,0.02360000,0.43000000
2018-02-26 04:21:39,0.02360000,0.99000000
2018-02-26 04:21:39,0.02360000,0.09000000
2018-02-26 04:21:40,0.02360000,0.09000000
2018-02-26 04:21:40,0.02360000,0.70000000
2018-02-26 04:21:40,0.02360000,0.09000000
2018-02-26 04:21:41,0.02360000,0.09000000
2018-02-26 04:21:44,0.02360100,1.00000000
2018-02-26 04:21:44,0.02360100,0.09000000
2018-02-26 04:21:45,0.02360100,0.91000000
2018-02-26 04:21:45,0.02360000,2.41000000
2018-02-26 04:21:45,0.02360000,0.09000000
2018-02-26 04:21:46,0.02360500,0.10000000
2018-02-26 04:21:47,0.02360500,0.09000000
2018-02-26 04:21:48,0.02360600,0.09000000
2018-02-26 04:21:48,0.02360700,0.18000000
2018-02-26 04:21:48,0.02361000,0.09000000
2018-02-26 04:21:49,0.02360000,0.86000000
2018-02-26 04:21:49,0.02360600,0.09000000
2018-02-26 04:21:49,0.02360700,0.09000000
2018-02-26 04:21:49,0.02360100,0.09000000
2018-02-26 04:21:50,0.02360600,0.09000000
2018-02-26 04:21:50,0.02361000,0.09000000
2018-02-26 04:21:50,0.02360100,0.09000000
2018-02-26 04:21:51,0.02360100,0.85000000
2018-02-26 04:21:51,0.02360100,0.09000000
2018-02-26 04:21:51,0.02360600,0.09000000
2018-02-26 04:21:51,0.02360700,0.09000000
2018-02-26 04:21:51,0.02361000,0.09000000
2018-02-26 04:21:52,0.02360600,0.09000000
2018-02-26 04:21:52,0.02360700,0.09000000
2018-02-26 04:21:52,0.02361000,0.09000000
2018-02-26 04:21:53,0.02360600,0.09000000
2018-02-26 04:21:53,0.02360700,0.09000000
2018-02-26 04:21:53,0.02361000,0.09000000
2018-02-26 04:21:53,0.02360100,0.08000000
2018-02-26 04:21:53,0.02360000,0.25000000
2018-02-26 04:21:53,0.02360000,0.09000000
2018-02-26 04:21:53,0.02360100,0.09000000
2018-02-26 04:21:53,0.02360600,0.09000000
2018-02-26 04:21:53,0.02360700,0.09000000
2018-02-26 04:21:53,0.02361000,0.09000000
2018-02-26 04:21:54,0.02361000,0.09000000
2018-02-26 04:21:54,0.02361000,0.05000000
2018-02-26 04:21:54,0.02360600,0.04000000
2018-02-26 04:21:54,0.02360700,0.09000000
2018-02-26 04:21:54,0.02360600,0.09000000
2018-02-26 04:21:55,0.02360700,0.09000000
2018-02-26 04:21:56,0.02360600,0.38000000
2018-02-26 04:21:56,0.02360100,2.12000000
2018-02-26 04:21:56,0.02361000,0.08000000
2018-02-26 04:21:56,0.02360100,0.09000000
2018-02-26 04:21:57,0.02360100,0.09000000
2018-02-26 04:21:57,0.02360100,0.80000000
2018-02-26 04:21:57,0.02360600,0.09000000
2018-02-26 04:21:57,0.02360700,0.09000000
2018-02-26 04:21:58,0.02360600,0.09000000
2018-02-26 04:21:58,0.02360100,0.12000000
2018-02-26 04:21:59,0.02360600,0.09000000
2018-02-26 04:21:59,0.02360600,0.09000000
2018-02-26 04:22:00,0.02361000,0.06000000
2018-02-26 04:22:00,0.02361000,0.04000000
2018-02-26 04:22:00,0.02362000,0.09000000
2018-02-26 04:22:00,0.02362100,2.57000000
2018-02-26 04:22:00,0.02362200,1.83000000
2018-02-26 04:22:01,0.02361000,0.23000000
2018-02-26 04:22:01,0.02360600,0.70000000
2018-02-26 04:22:01,0.02360600,0.12000000
2018-02-26 04:22:02,0.02361000,0.09000000
2018-02-26 04:22:02,0.02362000,0.09000000
2018-02-26 04:22:02,0.02362100,0.09000000
2018-02-26 04:22:02,0.02362200,0.58000000
2018-02-26 04:22:02,0.02362300,0.08000000
2018-02-26 04:22:02,0.02362300,0.01000000
2018-02-26 04:22:02,0.02361000,0.08000000
2018-02-26 04:22:02,0.02360600,0.09000000
2018-02-26 04:22:02,0.02361000,0.01000000
2018-02-26 04:22:03,0.02361000,0.08000000
2018-02-26 04:22:03,0.02361000,0.01000000
2018-02-26 04:22:03,0.02362000,0.09000000
2018-02-26 04:22:03,0.02362900,0.50000000
2018-02-26 04:22:05,0.02361000,0.09000000
2018-02-26 04:22:05,0.02361000,0.09000000
2018-02-26 04:22:05,0.02361000,0.09000000
2018-02-26 04:22:05,0.02362200,0.09000000
2018-02-26 04:22:05,0.02362300,0.09000000
2018-02-26 04:22:05,0.02362900,0.65000000
2018-02-26 04:22:06,0.02362000,0.09000000
2018-02-26 04:22:07,0.02361000,0.09000000
2018-02-26 04:22:08,0.02361000,0.09000000
2018-02-26 04:22:09,0.02361000,0.81000000
2018-02-26 04:22:11,0.02362000,0.08000000
2018-02-26 04:22:11,0.02362000,0.10000000
2018-02-26 04:22:11,0.02362200,0.01000000
2018-02-26 04:22:11,0.02362200,0.08000000
2018-02-26 04:22:11,0.02361000,0.70000000
2018-02-26 04:22:12,0.02361000,0.09000000
2018-02-26 04:22:12,0.02361000,3.00000000
2018-02-26 04:22:12,0.02362200,0.08000000
2018-02-26 04:22:12,0.02362200,0.04000000
2018-02-26 04:22:12,0.02362200,0.05000000
2018-02-26 04:22:17,0.02362200,0.01000000
2018-02-26 04:22:17,0.02362300,0.09000000
2018-02-26 04:22:17,0.02362200,0.10000000
2018-02-26 04:22:17,0.02361300,0.74000000
2018-02-26 04:22:17,0.02361300,0.09000000
2018-02-26 04:22:17,0.02362200,0.09000000
2018-02-26 04:22:17,0.02362200,0.09000000
2018-02-26 04:22:17,0.02362300,0.09000000
2018-02-26 04:22:17,0.02362900,0.09000000
2018-02-26 04:22:17,0.02363000,0.20000000
2018-02-26 04:22:17,0.02363400,0.46000000
2018-02-26 04:22:17,0.02363600,0.86000000
2018-02-26 04:22:17,0.02363700,3.10000000
2018-02-26 04:22:17,0.02363800,3.17000000
2018-02-26 04:22:18,0.02362300,0.09000000
2018-02-26 04:22:18,0.02362900,0.09000000
2018-02-26 04:22:18,0.02363000,0.08000000
2018-02-26 04:22:18,0.02363000,0.01000000
2018-02-26 04:22:18,0.02363400,0.09000000
2018-02-26 04:22:18,0.02363600,0.08000000
2018-02-26 04:22:18,0.02363600,0.01000000
2018-02-26 04:22:18,0.02363700,0.09000000
2018-02-26 04:22:18,0.02363800,3.04000000
2018-02-26 04:22:18,0.02363000,0.08000000
2018-02-26 04:22:18,0.02362300,0.01000000
2018-02-26 04:22:18,0.02362900,0.09000000
2018-02-26 04:22:18,0.02363000,0.08000000
2018-02-26 04:22:19,0.02361300,1.45000000
2018-02-26 04:22:21,0.02362300,0.09000000
2018-02-26 04:22:21,0.02362900,0.09000000
2018-02-26 04:22:21,0.02361300,0.09000000
2018-02-26 04:22:21,0.02363000,0.19000000
2018-02-26 04:22:21,0.02363400,0.09000000
2018-02-26 04:22:21,0.02363600,0.06000000
2018-02-26 04:22:21,0.02363100,0.09000000
2018-02-26 04:22:21,0.02363100,0.09000000
2018-02-26 04:22:21,0.02363600,0.03000000
2018-02-26 04:22:21,0.02363800,1.08000000
2018-02-26 04:22:21,0.02363100,0.01000000
2018-02-26 04:22:21,0.02363000,0.08000000
2018-02-26 04:22:21,0.02363800,1.49000000
2018-02-26 04:22:21,0.02363000,0.09000000
2018-02-26 04:22:22,0.02363600,0.72000000
2018-02-26 04:22:22,0.02363000,0.02000000
2018-02-26 04:22:22,0.02361300,0.08000000
2018-02-26 04:22:22,0.02363800,1.28000000
2018-02-26 04:22:22,0.02363800,0.89000000
2018-02-26 04:22:23,0.02363800,2.74000000
2018-02-26 04:22:23,0.02363800,3.93000000
2018-02-26 04:22:24,0.02361400,0.07000000
2018-02-26 04:22:24,0.02363000,0.89000000
2018-02-26 04:22:24,0.02363100,0.18000000
2018-02-26 04:22:24,0.02363600,0.27000000
2018-02-26 04:22:24,0.02363800,1.89000000
2018-02-26 04:22:25,0.02363800,1.93000000
2018-02-26 04:22:25,0.02363800,2.16000000
2018-02-26 04:22:27,0.02361400,0.09000000
2018-02-26 04:22:27,0.02363000,0.08000000
2018-02-26 04:22:27,0.02361600,0.09000000
2018-02-26 04:22:27,0.02363000,0.10000000
2018-02-26 04:22:27,0.02361600,0.09000000
2018-02-26 04:22:28,0.02361600,0.09000000
2018-02-26 04:22:28,0.02363000,0.08000000
2018-02-26 04:22:29,0.02363000,0.10000000
2018-02-26 04:22:29,0.02363100,0.08000000
2018-02-26 04:22:29,0.02363100,0.10000000
2018-02-26 04:22:29,0.02363600,0.08000000
2018-02-26 04:22:30,0.02362000,0.05000000
2018-02-26 04:22:30,0.02362000,0.09000000
2018-02-26 04:22:31,0.02362100,0.40000000
2018-02-26 04:22:31,0.02363200,0.09000000
2018-02-26 04:22:31,0.02363600,0.10000000
2018-02-26 04:22:31,0.02363200,0.09000000
2018-02-26 04:22:31,0.02363200,0.09000000
2018-02-26 04:22:32,0.02363600,0.09000000
2018-02-26 04:22:32,0.02363800,0.59000000
2018-02-26 04:22:32,0.02363800,0.20000000
2018-02-26 04:22:32,0.02363600,0.09000000
2018-02-26 04:22:32,0.02363800,3.61000000
2018-02-26 04:22:32,0.02363800,0.09000000
2018-02-26 04:22:32,0.02363800,0.09000000
2018-02-26 04:22:32,0.02364000,2.17000000
2018-02-26 04:22:33,0.02363800,0.48000000
2018-02-26 04:22:33,0.02363800,0.09000000
2018-02-26 04:22:33,0.02364000,0.26000000
2018-02-26 04:22:34,0.02364000,0.08000000
2018-02-26 04:22:34,0.02364000,2.06000000
2018-02-26 04:22:34,0.02364000,0.01000000
2018-02-26 04:22:34,0.02364500,2.06000000
2018-02-26 04:22:35,0.02364000,3.62000000
2018-02-26 04:22:35,0.02363900,6.37000000
2018-02-26 04:22:36,0.02363900,0.10000000
2018-02-26 04:22:36,0.02364000,0.08000000
2018-02-26 04:22:36,0.02364000,0.96000000
2018-02-26 04:22:38,0.02364000,0.50000000
2018-02-26 04:22:39,0.02364200,0.08000000
2018-02-26 04:22:39,0.02364200,0.51000000
2018-02-26 04:22:40,0.02364500,0.42000000
2018-02-26 04:22:40,0.02364500,0.10000000
2018-02-26 04:22:40,0.02364000,0.14000000
2018-02-26 04:22:41,0.02364000,0.36000000
2018-02-26 04:22:43,0.02363800,0.91000000
2018-02-26 04:22:43,0.02363800,0.09000000
2018-02-26 04:22:45,0.02363800,0.04000000
2018-02-26 04:22:45,0.02364000,0.56000000
2018-02-26 04:22:45,0.02364000,0.08000000
2018-02-26 04:22:48,0.02363800,0.20000000
2018-02-26 04:22:48,0.02363800,0.09000000
2018-02-26 04:22:48,0.02364000,0.01000000
2018-02-26 04:22:48,0.02364000,0.09000000
2018-02-26 04:22:49,0.02364500,4.51000000
2018-02-26 04:22:49,0.02364000,1.00000000
2018-02-26 04:22:49,0.02364000,0.09000000
2018-02-26 04:22:52,0.02364500,9.45000000
2018-02-26 04:22:52,0.02364000,0.44000000
2018-02-26 04:22:52,0.02364500,4.21000000
2018-02-26 04:22:52,0.02364000,0.71000000
2018-02-26 04:22:52,0.02364000,0.09000000
2018-02-26 04:22:52,0.02364000,0.09000000
2018-02-26 04:22:53,0.02364000,0.70000000
2018-02-26 04:22:54,0.02364200,0.10000000
2018-02-26 04:22:54,0.02364200,0.40000000
2018-02-26 04:22:54,0.02364500,49.42000000
2018-02-26 04:22:54,0.02364600,0.14000000
2018-02-26 04:22:54,0.02364600,0.09000000
2018-02-26 04:22:54,0.02364600,0.09000000
2018-02-26 04:22:54,0.02364600,0.09000000
2018-02-26 04:22:55,0.02364700,16.83000000
2018-02-26 04:22:57,0.02364700,14.04000000
2018-02-26 04:22:58,0.02364700,0.47000000
2018-02-26 04:22:58,0.02364700,0.01000000
2018-02-26 04:22:59,0.02365000,7.53000000
2018-02-26 04:23:02,0.02365000,0.08000000
2018-02-26 04:23:03,0.02364700,0.12000000
2018-02-26 04:23:03,0.02364700,0.09000000
2018-02-26 04:23:03,0.02364700,0.70000000
2018-02-26 04:23:03,0.02364700,1.74000000
2018-02-26 04:23:04,0.02364700,2.06000000
2018-02-26 04:23:05,0.02364800,0.37000000
2018-02-26 04:23:05,0.02364800,0.22000000
2018-02-26 04:23:05,0.02365000,0.01000000
2018-02-26 04:23:05,0.02365100,0.05000000
2018-02-26 04:23:05,0.02365200,0.09000000
2018-02-26 04:23:05,0.02365000,0.09000000
2018-02-26 04:23:05,0.02365000,0.09000000
2018-02-26 04:23:06,0.02365100,0.09000000
2018-02-26 04:23:06,0.02365100,0.08000000
2018-02-26 04:23:06,0.02365100,0.01000000
2018-02-26 04:23:06,0.02365200,0.10000000
2018-02-26 04:23:06,0.02365400,0.05000000
2018-02-26 04:23:06,0.02365500,1.00000000
2018-02-26 04:23:06,0.02365200,0.09000000
2018-02-26 04:23:06,0.02365400,0.08000000
2018-02-26 04:23:07,0.02365200,0.09000000
2018-02-26 04:23:07,0.02365200,0.08000000
2018-02-26 04:23:08,0.02365000,0.07000000
2018-02-26 04:23:08,0.02365000,0.09000000
2018-02-26 04:23:08,0.02365200,0.01000000
2018-02-26 04:23:08,0.02365400,0.10000000
2018-02-26 04:23:08,0.02365500,0.10000000
2018-02-26 04:23:08,0.02366000,0.28000000
2018-02-26 04:23:08,0.02365200,0.09000000
2018-02-26 04:23:09,0.02365200,0.08000000
2018-02-26 04:23:09,0.02365200,0.01000000
2018-02-26 04:23:09,0.02365000,0.07000000
2018-02-26 04:23:09,0.02365400,0.08000000
2018-02-26 04:23:09,0.02365000,0.09000000
2018-02-26 04:23:10,0.02365400,0.10000000
2018-02-26 04:23:10,0.02365000,0.09000000
2018-02-26 04:23:10,0.02365000,0.09000000
2018-02-26 04:23:10,0.02365400,0.08000000
2018-02-26 04:23:10,0.02365400,0.10000000
2018-02-26 04:23:10,0.02365500,0.08000000
2018-02-26 04:23:10,0.02365500,0.01000000
2018-02-26 04:23:10,0.02366000,0.10000000
2018-02-26 04:23:10,0.02366400,0.02000000
2018-02-26 04:23:11,0.02365500,0.09000000
2018-02-26 04:23:11,0.02365500,0.08000000
2018-02-26 04:23:13,0.02365500,0.01000000
2018-02-26 04:23:13,0.02366000,0.09000000
2018-02-26 04:23:13,0.02366000,0.09000000
2018-02-26 04:23:13,0.02366000,0.01000000
2018-02-26 04:23:13,0.02365200,0.51000000
2018-02-26 04:23:13,0.02365200,0.09000000
2018-02-26 04:23:17,0.02365800,0.50000000
2018-02-26 04:23:17,0.02366000,0.09000000
2018-02-26 04:23:17,0.02366000,0.09000000
2018-02-26 04:23:18,0.02366000,0.65000000
2018-02-26 04:23:20,0.02366000,0.82000000
2018-02-26 04:23:21,0.02366000,0.05000000
2018-02-26 04:23:22,0.02366400,0.69000000
2018-02-26 04:23:22,0.02366900,0.42000000
2018-02-26 04:23:22,0.02367000,0.95000000
2018-02-26 04:23:22,0.02367000,0.09000000
2018-02-26 04:23:22,0.02367000,0.09000000
2018-02-26 04:23:22,0.02367000,0.09000000
2018-02-26 04:23:22,0.02367300,0.07000000
2018-02-26 04:23:23,0.02367000,1.84000000
2018-02-26 04:23:23,0.02366400,7.18000000
2018-02-26 04:23:23,0.02366000,7.92000000
2018-02-26 04:23:23,0.02365200,2.38000000
2018-02-26 04:23:23,0.02365200,0.09000000
2018-02-26 04:23:23,0.02365300,3.96000000
2018-02-26 04:23:23,0.02365200,1.03000000
2018-02-26 04:23:23,0.02365200,0.09000000
2018-02-26 04:23:24,0.02365300,0.09000000
2018-02-26 04:23:24,0.02366000,0.09000000
2018-02-26 04:23:24,0.02366400,0.07000000
2018-02-26 04:23:24,0.02366400,0.02000000
2018-02-26 04:23:24,0.02366900,0.09000000
2018-02-26 04:23:24,0.02366900,0.09000000
2018-02-26 04:23:24,0.02366900,0.09000000
2018-02-26 04:23:27,0.02366900,0.09000000
2018-02-26 04:23:27,0.02367000,0.32000000
2018-02-26 04:23:27,0.02367300,0.01000000
2018-02-26 04:23:27,0.02365200,0.11000000
2018-02-26 04:23:27,0.02365200,0.09000000
2018-02-26 04:23:29,0.02367000,0.09000000
2018-02-26 04:23:29,0.02367300,0.16000000
2018-02-26 04:23:30,0.02367000,0.09000000
2018-02-26 04:23:30,0.02367300,0.10000000
2018-02-26 04:23:30,0.02367600,1.09000000
2018-02-26 04:23:30,0.02367700,1.62000000
2018-02-26 04:23:30,0.02367700,0.08000000
2018-02-26 04:23:30,0.02365200,0.40000000
2018-02-26 04:23:30,0.02365200,0.09000000
2018-02-26 04:23:31,0.02365400,0.55000000
2018-02-26 04:23:31,0.02365200,0.40000000
2018-02-26 04:23:31,0.02366900,0.09000000
2018-02-26 04:23:31,0.02366900,0.09000000
2018-02-26 04:23:31,0.02366900,0.09000000
2018-02-26 04:23:31,0.02367000,0.09000000
2018-02-26 04:23:31,0.02367300,0.09000000
2018-02-26 04:23:31,0.02367500,0.52000000
2018-02-26 04:23:33,0.02366900,0.43000000
2018-02-26 04:23:33,0.02365200,6.04000000
2018-02-26 04:23:33,0.02365200,0.09000000
2018-02-26 04:23:34,0.02366900,0.09000000
2018-02-26 04:23:34,0.02367000,0.09000000
2018-02-26 04:23:34,0.02367300,0.09000000
2018-02-26 04:23:34,0.02367500,0.28000000
2018-02-26 04:23:35,0.02365200,0.11000000
2018-02-26 04:23:35,0.02365200,0.09000000
2018-02-26 04:23:36,0.02365200,4.23000000
2018-02-26 04:23:36,0.02366900,0.42000000
2018-02-26 04:23:38,0.02366900,1.22000000
2018-02-26 04:23:38,0.02367000,1.34000000
2018-02-26 04:23:38,0.02367300,0.09000000
2018-02-26 04:23:38,0.02367300,0.09000000
2018-02-26 04:23:38,0.02367300,0.09000000
2018-02-26 04:23:38,0.02367300,0.11000000
2018-02-26 04:23:40,0.02367500,0.18000000
2018-02-26 04:23:40,0.02367600,0.09000000
2018-02-26 04:23:40,0.02367700,0.09000000
2018-02-26 04:23:40,0.02367800,0.06000000
2018-02-26 04:23:41,0.02367300,0.19000000
2018-02-26 04:23:41,0.02367300,0.09000000
2018-02-26 04:23:43,0.02367400,1.00000000
2018-02-26 04:23:43,0.02367400,0.09000000
2018-02-26 04:23:45,0.02367500,0.09000000
2018-02-26 04:23:45,0.02367600,0.09000000
2018-02-26 04:23:45,0.02367700,0.09000000
2018-02-26 04:23:45,0.02367800,0.15000000
2018-02-26 04:23:46,0.02367400,1.63000000
2018-02-26 04:23:46,0.02367400,0.09000000
2018-02-26 04:23:46,0.02367500,0.09000000
2018-02-26 04:23:46,0.02367500,0.09000000
2018-02-26 04:23:47,0.02367500,0.73000000
2018-02-26 04:23:47,0.02367400,1.19000000
2018-02-26 04:23:47,0.02367300,5.61000000
2018-02-26 04:23:47,0.02367000,10.05000000
2018-02-26 04:23:47,0.02365500,6.00000000
2018-02-26 04:23:47,0.02365400,7.12000000
2018-02-26 04:23:47,0.02365300,5.95000000
2018-02-26 04:23:47,0.02365200,38.52000000
2018-02-26 04:23:47,0.02365200,0.09000000
2018-02-26 04:23:48,0.02365300,0.09000000
2018-02-26 04:23:48,0.02365400,0.09000000
2018-02-26 04:23:48,0.02365500,0.09000000
2018-02-26 04:23:48,0.02367000,0.09000000
2018-02-26 04:23:48,0.02367300,0.06000000
2018-02-26 04:23:48,0.02365300,0.08000000
2018-02-26 04:23:49,0.02365300,0.01000000
2018-02-26 04:23:49,0.02365400,0.09000000
2018-02-26 04:23:49,0.02365500,0.09000000
2018-02-26 04:23:49,0.02367000,0.09000000
2018-02-26 04:23:49,0.02367300,0.03000000
2018-02-26 04:23:49,0.02367400,0.09000000
2018-02-26 04:23:49,0.02367500,22.60000000
2018-02-26 04:23:49,0.02365200,14.24000000
2018-02-26 04:23:49,0.02365200,4.45000000
2018-02-26 04:23:49,0.02365000,1.38000000
2018-02-26 04:23:50,0.02365300,0.09000000
2018-02-26 04:23:50,0.02365300,0.09000000
2018-02-26 04:23:50,0.02365300,0.09000000
2018-02-26 04:23:50,0.02365300,0.09000000
2018-02-26 04:23:50,0.02365300,1.64000000
2018-02-26 04:23:50,0.02365200,4.65000000
2018-02-26 04:23:50,0.02365100,5.01000000
2018-02-26 04:23:50,0.02365000,5.53000000
2018-02-26 04:23:50,0.02365000,3.99000000
2018-02-26 04:23:50,0.02365000,2.30000000
2018-02-26 04:23:50,0.02364900,0.73000000
2018-02-26 04:23:50,0.02364900,1.75000000
2018-02-26 04:23:50,0.02364900,0.09000000
2018-02-26 04:23:51,0.02365000,0.05000000
2018-02-26 04:23:51,0.02365000,0.13000000
2018-02-26 04:23:51,0.02365100,0.08000000
2018-02-26 04:23:51,0.02365000,0.55000000
2018-02-26 04:23:52,0.02365000,0.08000000
2018-02-26 04:23:52,0.02364900,2.43000000
2018-02-26 04:23:52,0.02364500,2.34000000
2018-02-26 04:23:52,0.02364500,0.09000000
2018-02-26 04:23:53,0.02364900,0.09000000
2018-02-26 04:23:53,0.02365000,0.01000000
2018-02-26 04:23:53,0.02365000,0.70000000
2018-02-26 04:23:53,0.02365000,0.09000000
2018-02-26 04:23:53,0.02365000,0.09000000
2018-02-26 04:23:54,0.02365100,0.10000000
2018-02-26 04:23:54,0.02365100,0.08000000
2018-02-26 04:23:54,0.02365100,0.01000000
2018-02-26 04:23:54,0.02365200,0.05000000
2018-02-26 04:23:54,0.02365000,0.43000000
2018-02-26 04:23:54,0.02365000,0.09000000
2018-02-26 04:23:54,0.02365200,0.13000000
2018-02-26 04:23:55,0.02365200,0.07000000
2018-02-26 04:23:57,0.02365000,23.67000000
2018-02-26 04:23:57,0.02365000,0.09000000
2018-02-26 04:23:57,0.02365000,3.13000000
2018-02-26 04:23:59,0.02365000,13.39000000
2018-02-26 04:24:00,0.02365200,0.02000000
2018-02-26 04:24:00,0.02365400,0.09000000
2018-02-26 04:24:00,0.02365500,0.08000000
2018-02-26 04:24:00,0.02365200,0.09000000
2018-02-26 04:24:00,0.02365400,0.09000000
2018-02-26 04:24:00,0.02365500,0.01000000
2018-02-26 04:24:00,0.02367000,0.09000000
2018-02-26 04:24:00,0.02367300,0.09000000
2018-02-26 04:24:00,0.02367400,0.60000000
2018-02-26 04:24:00,0.02365400,0.09000000
2018-02-26 04:24:01,0.02365400,0.18000000
2018-02-26 04:24:01,0.02365500,0.08000000
2018-02-26 04:24:01,0.02365100,0.21000000
2018-02-26 04:24:01,0.02365100,0.21000000
2018-02-26 04:24:01,0.02365100,0.80000000
2018-02-26 04:24:01,0.02365100,0.09000000
2018-02-26 04:24:01,0.02365100,4.69000000
2018-02-26 04:24:01,0.02365000,1.31000000
2018-02-26 04:24:01,0.02365000,0.09000000
2018-02-26 04:24:01,0.02365500,0.19000000
2018-02-26 04:24:01,0.02367000,0.08000000
2018-02-26 04:24:02,0.02365500,0.08000000
2018-02-26 04:24:02,0.02365500,0.05000000
2018-02-26 04:24:02,0.02365500,0.05000000
2018-02-26 04:24:03,0.02367000,0.10000000
2018-02-26 04:24:03,0.02367300,0.09000000
2018-02-26 04:24:03,0.02367400,0.68000000
2018-02-26 04:24:04,0.02365000,0.37000000
2018-02-26 04:24:05,0.02365000,0.09000000
2018-02-26 04:24:06,0.02367000,0.09000000
2018-02-26 04:24:06,0.02367000,0.09000000
2018-02-26 04:24:07,0.02367000,0.41000000
2018-02-26 04:24:07,0.02367000,0.99000000
2018-02-26 04:24:07,0.02367000,0.50000000
2018-02-26 04:24:07,0.02367000,0.96000000
2018-02-26 04:24:07,0.02367000,6.86000000
2018-02-26 04:24:07,0.02367000,1.50000000
2018-02-26 04:24:08,0.02367000,7.58000000
2018-02-26 04:24:08,0.02367000,1.22000000
2018-02-26 04:24:08,0.02367000,2.01000000
2018-02-26 04:24:08,0.02367000,6.90000000
2018-02-26 04:24:08,0.02367000,1.45000000
2018-02-26 04:24:09,0.02367000,1.77000000
2018-02-26 04:24:11,0.02367200,0.09000000
2018-02-26 04:24:12,0.02367000,8.49000000
2018-02-26 04:24:12,0.02367000,0.09000000
2018-02-26 04:24:12,0.02367000,41.85000000
2018-02-26 04:24:13,0.02366000,8.61000000
2018-02-26 04:24:13,0.02366000,2.05000000
2018-02-26 04:24:13,0.02366000,6.63000000
2018-02-26 04:24:16,0.02365700,0.45000000
2018-02-26 04:24:17,0.02365700,0.41000000
2018-02-26 04:24:17,0.02365700,0.18000000
2018-02-26 04:24:17,0.02365000,2.35000000
2018-02-26 04:24:17,0.02365000,0.09000000
2018-02-26 04:24:19,0.02365700,0.09000000
2018-02-26 04:24:19,0.02366000,0.01000000
2018-02-26 04:24:20,0.02365000,0.53000000
2018-02-26 04:24:20,0.02365000,0.09000000
2018-02-26 04:24:20,0.02365100,0.31000000
2018-02-26 04:24:23,0.02365000,0.33000000
2018-02-26 04:24:23,0.02365000,0.09000000
2018-02-26 04:24:23,0.02365000,7.09000000
2018-02-26 04:24:25,0.02365000,0.43000000
2018-02-26 04:24:26,0.02365000,1.00000000
2018-02-26 04:24:29,0.02365100,0.07000000
2018-02-26 04:24:30,0.02365100,0.20000000
2018-02-26 04:24:31,0.02365000,0.42000000
2018-02-26 04:24:31,0.02365000,2.57000000
2018-02-26 04:24:31,0.02365100,1.41000000
2018-02-26 04:24:31,0.02365700,0.09000000
2018-02-26 04:24:31,0.02366000,0.17000000
2018-02-26 04:24:31,0.02367000,0.13000000
2018-02-26 04:24:31,0.02367200,2.99000000
2018-02-26 04:24:31,0.02367300,12.64000000
2018-02-26 04:24:31,0.02365100,0.09000000
2018-02-26 04:24:31,0.02365100,0.13000000
2018-02-26 04:24:33,0.02364500,1.26000000
2018-02-26 04:24:34,0.02364500,0.09000000
2018-02-26 04:24:34,0.02365100,0.09000000
2018-02-26 04:24:34,0.02365700,0.09000000
2018-02-26 04:24:34,0.02366000,0.09000000
2018-02-26 04:24:34,0.02367000,0.15000000
2018-02-26 04:24:36,0.02364500,1.22000000
2018-02-26 04:24:36,0.02364500,0.07000000
2018-02-26 04:24:36,0.02364500,0.02000000
2018-02-26 04:24:37,0.02364600,3.32000000
2018-02-26 04:24:37,0.02364000,1.00000000
2018-02-26 04:24:37,0.02364000,0.09000000
2018-02-26 04:24:37,0.02364000,0.27000000
2018-02-26 04:24:38,0.02364000,1.65000000
2018-02-26 04:24:38,0.02364000,15.09000000
2018-02-26 04:24:38,0.02363800,1.43000000
2018-02-26 04:24:38,0.02362400,0.75000000
2018-02-26 04:24:38,0.02362400,0.09000000
2018-02-26 04:24:38,0.02363800,0.09000000
2018-02-26 04:24:38,0.02364600,0.09000000
2018-02-26 04:24:39,0.02365000,0.09000000
2018-02-26 04:24:39,0.02365000,0.09000000
2018-02-26 04:24:39,0.02365000,0.09000000
2018-02-26 04:24:40,0.02365000,0.16000000
2018-02-26 04:24:40,0.02362400,4.00000000
2018-02-26 04:24:40,0.02362400,0.09000000
2018-02-26 04:24:42,0.02365000,6.00000000
2018-02-26 04:24:42,0.02365100,2.30000000
2018-02-26 04:24:42,0.02365100,0.09000000
2018-02-26 04:24:42,0.02365100,0.09000000
2018-02-26 04:24:43,0.02365100,6.76000000
2018-02-26 04:24:43,0.02365200,0.05000000
2018-02-26 04:24:43,0.02365100,6.85000000
2018-02-26 04:24:44,0.02364400,9.81000000
2018-02-26 04:24:45,0.02364400,1.01000000
2018-02-26 04:24:46,0.02364100,0.41000000
2018-02-26 04:24:46,0.02364100,0.06000000
2018-02-26 04:24:46,0.02364100,0.09000000
2018-02-26 04:24:47,0.02364100,0.21000000
2018-02-26 04:24:47,0.02364100,1.46000000
2018-02-26 04:24:47,0.02364100,3.70000000
2018-02-26 04:24:47,0.02364100,0.74000000
2018-02-26 04:24:47,0.02364000,0.60000000
2018-02-26 04:24:47,0.02362400,0.13000000
2018-02-26 04:24:47,0.02362000,4.00000000
2018-02-26 04:24:47,0.02361600,3.96000000
2018-02-26 04:24:47,0.02361100,0.46000000
2018-02-26 04:24:47,0.02361000,22.53000000
2018-02-26 04:24:51,0.02360800,2.21000000
2018-02-26 04:24:51,0.02360700,0.21000000
2018-02-26 04:24:51,0.02360600,4.22000000
2018-02-26 04:24:52,0.02362400,0.09000000
2018-02-26 04:24:53,0.02362400,0.19000000
2018-02-26 04:24:54,0.02362400,8.49000000
2018-02-26 04:24:54,0.02360900,0.08000000
2018-02-26 04:24:54,0.02360800,2.00000000
2018-02-26 04:24:54,0.02360600,1.31000000
2018-02-26 04:24:55,0.02362500,0.22000000
2018-02-26 04:24:58,0.02360600,2.83000000
2018-02-26 04:25:00,0.02360600,0.01000000
2018-02-26 04:25:00,0.02360300,0.11000000
2018-02-26 04:25:00,0.02362500,0.09000000
2018-02-26 04:25:00,0.02363900,0.26000000
2018-02-26 04:25:02,0.02360700,0.22000000
2018-02-26 04:25:02,0.02363900,1.06000000
2018-02-26 04:25:02,0.02363900,1.06000000
2018-02-26 04:25:04,0.02360600,0.35000000
2018-02-26 04:25:05,0.02360600,0.27000000
2018-02-26 04:25:06,0.02363900,1.67000000
2018-02-26 04:25:06,0.02363900,1.29000000
2018-02-26 04:25:08,0.02363000,4.06000000
2018-02-26 04:25:08,0.02363000,1.80000000
2018-02-26 04:25:08,0.02363000,0.09000000
2018-02-26 04:25:08,0.02363000,2.23000000
2018-02-26 04:25:10,0.02363000,2.92000000
2018-02-26 04:25:11,0.02363000,0.84000000
2018-02-26 04:25:12,0.02363000,0.41000000
2018-02-26 04:25:12,0.02363000,0.20000000
2018-02-26 04:25:15,0.02363100,0.22000000
2018-02-26 04:25:15,0.02363000,0.17000000
2018-02-26 04:25:15,0.02363000,0.01000000
2018-02-26 04:25:17,0.02360700,2.11000000
2018-02-26 04:25:18,0.02360700,1.86000000
2018-02-26 04:25:18,0.02360600,5.40000000
2018-02-26 04:25:21,0.02360500,0.15000000
2018-02-26 04:25:21,0.02360300,0.15000000
2018-02-26 04:25:22,0.02360300,1.74000000
2018-02-26 04:25:22,0.02360200,0.89000000
2018-02-26 04:25:22,0.02360200,1.00000000
2018-02-26 04:25:22,0.02360200,2.18000000
2018-02-26 04:25:23,0.02360700,0.10000000
2018-02-26 04:25:23,0.02361900,0.70000000
2018-02-26 04:25:24,0.02361900,2.32000000
2018-02-26 04:25:24,0.02361900,0.95000000
2018-02-26 04:25:24,0.02362000,1.26000000
2018-02-26 04:25:24,0.02363000,2.02000000
2018-02-26 04:25:25,0.02360600,0.11000000
2018-02-26 04:25:25,0.02360600,0.35000000
2018-02-26 04:25:25,0.02360600,1.27000000
2018-02-26 04:25:25,0.02360600,0.34000000
2018-02-26 04:25:26,0.02360600,1.43000000
2018-02-26 04:25:27,0.02360600,0.94000000
2018-02-26 04:25:27,0.02360600,0.40000000
2018-02-26 04:25:28,0.02361700,4.41000000
2018-02-26 04:25:28,0.02361800,0.39000000
2018-02-26 04:25:28,0.02360600,0.17000000
2018-02-26 04:25:29,0.02360600,1.29000000
2018-02-26 04:25:29,0.02360200,13.44000000
2018-02-26 04:25:29,0.02360100,1.49000000
2018-02-26 04:25:29,0.02360000,23.01000000
2018-02-26 04:25:29,0.02360000,0.06000000
2018-02-26 04:25:29,0.02360000,0.22000000
2018-02-26 04:25:30,0.02360600,0.48000000
2018-02-26 04:25:31,0.02360700,0.13000000
2018-02-26 04:25:31,0.02360700,0.30000000
2018-02-26 04:25:31,0.02361800,0.09000000
2018-02-26 04:25:31,0.02361900,0.11000000
2018-02-26 04:25:31,0.02360600,0.11000000
2018-02-26 04:25:32,0.02360600,0.08000000
2018-02-26 04:25:32,0.02360600,0.23000000
2018-02-26 04:25:32,0.02360600,0.34000000
2018-02-26 04:25:32,0.02360600,0.46000000
2018-02-26 04:25:33,0.02360100,0.03000000
2018-02-26 04:25:33,0.02360600,9.02000000
2018-02-26 04:25:33,0.02360600,4.04000000
2018-02-26 04:25:33,0.02360100,9.58000000
2018-02-26 04:25:33,0.02360100,0.62000000
2018-02-26 04:25:33,0.02360000,0.29000000
2018-02-26 04:25:33,0.02360000,0.22000000
2018-02-26 04:25:33,0.02360600,0.99000000
2018-02-26 04:25:33,0.02360000,2.80000000
2018-02-26 04:25:33,0.02361900,0.31000000
2018-02-26 04:25:33,0.02363000,0.11000000
2018-02-26 04:25:34,0.02360000,76.05000000
2018-02-26 04:25:34,0.02359900,2.97000000
2018-02-26 04:25:34,0.02359700,3.58000000
2018-02-26 04:25:34,0.02359400,0.07000000
2018-02-26 04:25:34,0.02359100,1.02000000
2018-02-26 04:25:34,0.02359000,0.10000000
2018-02-26 04:25:34,0.02357500,5.42000000
2018-02-26 04:25:34,0.02356500,2.04000000
2018-02-26 04:25:34,0.02355800,0.21000000
2018-02-26 04:25:34,0.02355300,3.17000000
2018-02-26 04:25:34,0.02354100,0.46000000
2018-02-26 04:25:34,0.02350300,18.94000000
2018-02-26 04:25:34,0.02350200,13.00000000
2018-02-26 04:25:34,0.02350100,6.38000000
2018-02-26 04:25:34,0.02350000,24.82000000
2018-02-26 04:25:34,0.02349500,4.25000000
2018-02-26 04:25:34,0.02349200,3.00000000
2018-02-26 04:25:34,0.02348900,5.06000000
2018-02-26 04:25:34,0.02348800,2.00000000
2018-02-26 04:25:34,0.02347600,0.50000000
2018-02-26 04:25:34,0.02347400,0.95000000
2018-02-26 04:25:34,0.02347100,5.16000000
2018-02-26 04:25:34,0.02347000,3.28000000
2018-02-26 04:25:34,0.02346200,5.95000000
2018-02-26 04:25:34,0.02345800,4.00000000
2018-02-26 04:25:34,0.02345200,4.26000000
2018-02-26 04:25:34,0.02345000,30.99000000
2018-02-26 04:25:34,0.02344000,0.60000000
2018-02-26 04:25:34,0.02343900,0.31000000
2018-02-26 04:25:34,0.02343100,1.28000000
2018-02-26 04:25:34,0.02342900,63.95000000
2018-02-26 04:25:34,0.02341200,5.34000000
2018-02-26 04:25:34,0.02341100,15.33000000
2018-02-26 04:25:35,0.02359600,0.08000000
2018-02-26 04:25:36,0.02359400,0.23000000
2018-02-26 04:25:37,0.02353000,0.12000000
2018-02-26 04:25:39,0.02356900,0.10000000
2018-02-26 04:25:39,0.02355000,0.45000000
2018-02-26 04:25:39,0.02355000,0.10000000
2018-02-26 04:25:39,0.02353900,1.32000000
2018-02-26 04:25:39,0.02353000,0.84000000
2018-02-26 04:25:40,0.02353000,0.05000000
2018-02-26 04:25:41,0.02356800,1.50000000
2018-02-26 04:25:41,0.02356800,2.96000000
2018-02-26 04:25:41,0.02356900,1.71000000
2018-02-26 04:25:42,0.02356900,1.70000000
2018-02-26 04:25:42,0.02353000,0.53000000
2018-02-26 04:25:43,0.02356700,1.42000000
2018-02-26 04:25:43,0.02353000,0.96000000
2018-02-26 04:25:43,0.02353000,0.48000000
2018-02-26 04:25:43,0.02353000,0.41000000
2018-02-26 04:25:43,0.02353000,2.41000000
2018-02-26 04:25:43,0.02356700,0.89000000
2018-02-26 04:25:43,0.02353000,0.48000000
2018-02-26 04:25:43,0.02353000,0.40000000
2018-02-26 04:25:43,0.02353000,0.41000000
2018-02-26 04:25:43,0.02353000,0.40000000
2018-02-26 04:25:43,0.02353000,0.10000000
2018-02-26 04:25:44,0.02353000,0.14000000
2018-02-26 04:25:44,0.02353000,0.48000000
2018-02-26 04:25:44,0.02353000,1.50000000
2018-02-26 04:25:45,0.02352700,0.12000000
2018-02-26 04:25:45,0.02352700,0.73000000
2018-02-26 04:25:45,0.02352700,0.23000000
2018-02-26 04:25:45,0.02352700,0.50000000
2018-02-26 04:25:45,0.02352200,1.81000000
2018-02-26 04:25:45,0.02350800,2.00000000
2018-02-26 04:25:45,0.02350700,1.74000000
2018-02-26 04:25:46,0.02352700,4.78000000
2018-02-26 04:25:46,0.02350900,3.01000000
2018-02-26 04:25:46,0.02350700,1.38000000
2018-02-26 04:25:46,0.02350700,0.06000000
2018-02-26 04:25:46,0.02350700,0.18000000
2018-02-26 04:25:47,0.02355900,0.18000000
2018-02-26 04:25:47,0.02352700,0.14000000
2018-02-26 04:25:47,0.02350600,0.12000000
2018-02-26 04:25:47,0.02350600,15.87000000
2018-02-26 04:25:47,0.02350600,1.27000000
2018-02-26 04:25:47,0.02350600,0.65000000
2018-02-26 04:25:48,0.02350600,0.53000000
2018-02-26 04:25:48,0.02350600,1.10000000
2018-02-26 04:25:48,0.02350600,0.05000000
2018-02-26 04:25:48,0.02350600,1.10000000
2018-02-26 04:25:48,0.02350600,2.64000000
2018-02-26 04:25:48,0.02350600,1.31000000
2018-02-26 04:25:48,0.02350600,25.00000000
2018-02-26 04:25:48,0.02350600,0.09000000
2018-02-26 04:25:49,0.02350600,0.16000000
2018-02-26 04:25:49,0.02350600,0.17000000
2018-02-26 04:25:49,0.02350600,0.27000000
2018-02-26 04:25:49,0.02350600,0.27000000
2018-02-26 04:25:49,0.02349100,0.09000000
2018-02-26 04:25:49,0.02349000,7.66000000
2018-02-26 04:25:49,0.02350600,0.09000000
2018-02-26 04:25:52,0.02353000,3.63000000
2018-02-26 04:25:55,0.02350000,3.49000000
2018-02-26 04:25:55,0.02353000,5.71000000
2018-02-26 04:25:55,0.02349700,0.37000000
2018-02-26 04:25:58,0.02353000,1.88000000
2018-02-26 04:26:01,0.02350000,0.01000000
2018-02-26 04:26:02,0.02353000,0.31000000
2018-02-26 04:26:02,0.02350000,0.23000000
2018-02-26 04:26:03,0.02353000,0.48000000
2018-02-26 04:26:06,0.02350600,0.88000000
2018-02-26 04:26:06,0.02350000,0.02000000
2018-02-26 04:26:06,0.02349100,3.75000000
2018-02-26 04:26:06,0.02347600,10.33000000
2018-02-26 04:26:06,0.02347400,10.01000000
2018-02-26 04:26:06,0.02347100,0.12000000
2018-02-26 04:26:06,0.02346500,0.60000000
2018-02-26 04:26:06,0.02346400,2.22000000
2018-02-26 04:26:06,0.02346300,7.17000000
2018-02-26 04:26:07,0.02352900,1.63000000
2018-02-26 04:26:07,0.02347200,1.94000000
2018-02-26 04:26:07,0.02347000,8.05000000
2018-02-26 04:26:08,0.02352600,0.83000000
2018-02-26 04:26:09,0.02352300,0.58000000
2018-02-26 04:26:09,0.02352300,1.50000000
2018-02-26 04:26:10,0.02352000,0.05000000
2018-02-26 04:26:10,0.02352000,3.39000000
