DATE,PRICE,VOLUME
2018-02-25 02:00:02,0.02123000,2.73000000
2018-02-25 02:00:09,0.02123000,2.22000000
2018-02-25 02:00:12,0.02123800,0.14000000
2018-02-25 02:00:13,0.02123800,0.03000000
2018-02-25 02:00:13,0.02123800,0.17000000
2018-02-25 02:00:15,0.02123700,0.08000000
2018-02-25 02:00:15,0.02124000,1.93000000
2018-02-25 02:00:16,0.02123300,2.00000000
2018-02-25 02:00:20,0.02124000,1.69000000
2018-02-25 02:00:26,0.02124000,0.20000000
2018-02-25 02:00:29,0.02123200,1.00000000
2018-02-25 02:00:51,0.02124000,0.11000000
2018-02-25 02:00:53,0.02123200,0.01000000
2018-02-25 02:00:53,0.02124000,0.05000000
2018-02-25 02:00:54,0.02124000,0.15000000
2018-02-25 02:00:54,0.02124900,0.69000000
2018-02-25 02:00:57,0.02124100,0.05000000
2018-02-25 02:00:57,0.02124100,0.10000000
2018-02-25 02:01:07,0.02123800,0.94000000
2018-02-25 02:01:08,0.02123800,1.06000000
2018-02-25 02:01:08,0.02123200,1.04000000
2018-02-25 02:01:08,0.02123000,7.84000000
2018-02-25 02:01:08,0.02122900,4.97000000
2018-02-25 02:01:14,0.02122400,2.63000000
2018-02-25 02:01:16,0.02122400,0.37000000
2018-02-25 02:01:16,0.02121900,5.78000000
2018-02-25 02:01:16,0.02121700,8.13000000
2018-02-25 02:01:26,0.02124100,0.91000000
2018-02-25 02:01:50,0.02121900,0.94000000
2018-02-25 02:01:52,0.02121900,2.06000000
2018-02-25 02:01:56,0.02121700,0.94000000
2018-02-25 02:02:02,0.02121700,1.63000000
2018-02-25 02:02:02,0.02120100,1.25000000
2018-02-25 02:02:02,0.02120000,0.06000000
2018-02-25 02:02:02,0.02119900,0.10000000
2018-02-25 02:02:02,0.02119600,0.47000000
2018-02-25 02:02:02,0.02119500,2.91000000
2018-02-25 02:02:02,0.02117500,35.01000000
2018-02-25 02:02:02,0.02117700,0.11000000
2018-02-25 02:02:08,0.02121700,0.28000000
2018-02-25 02:02:10,0.02118000,6.99000000
2018-02-25 02:02:10,0.02121500,0.30000000
2018-02-25 02:02:10,0.02118000,0.07000000
2018-02-25 02:02:11,0.02121000,0.20000000
2018-02-25 02:02:15,0.02119200,0.30000000
2018-02-25 02:02:17,0.02119200,0.23000000
2018-02-25 02:02:17,0.02119200,0.01000000
2018-02-25 02:02:21,0.02118500,0.48000000
2018-02-25 02:02:21,0.02118500,1.41000000
2018-02-25 02:02:29,0.02118500,2.36000000
2018-02-25 02:02:29,0.02116500,0.91000000
2018-02-25 02:02:31,0.02118500,2.18000000
2018-02-25 02:02:31,0.02118900,0.18000000
2018-02-25 02:02:51,0.02118900,0.99000000
2018-02-25 02:02:52,0.02118900,0.05000000
2018-02-25 02:02:54,0.02117300,0.94000000
2018-02-25 02:02:54,0.02117200,0.05000000
2018-02-25 02:03:02,0.02118700,1.41000000
2018-02-25 02:03:02,0.02118700,1.41000000
2018-02-25 02:03:02,0.02118700,1.23000000
2018-02-25 02:03:02,0.02118900,1.10000000
2018-02-25 02:03:02,0.02116500,1.23000000
2018-02-25 02:03:03,0.02116500,1.10000000
2018-02-25 02:03:09,0.02118900,0.08000000
2018-02-25 02:03:09,0.02118900,0.08000000
2018-02-25 02:03:09,0.02118900,0.08000000
2018-02-25 02:03:10,0.02118900,0.08000000
2018-02-25 02:03:11,0.02118900,0.17000000
2018-02-25 02:03:11,0.02118900,1.41000000
2018-02-25 02:03:11,0.02118900,1.41000000
2018-02-25 02:03:11,0.02118900,1.41000000
2018-02-25 02:03:11,0.02118900,0.23000000
2018-02-25 02:03:11,0.02118900,5.75000000
2018-02-25 02:03:14,0.02120000,0.28000000
2018-02-25 02:03:14,0.02121000,0.20000000
2018-02-25 02:03:23,0.02119200,0.20000000
2018-02-25 02:03:23,0.02119000,5.13000000
2018-02-25 02:03:25,0.02118900,1.00000000
2018-02-25 02:03:27,0.02118900,0.24000000
2018-02-25 02:03:37,0.02118900,0.10000000
2018-02-25 02:03:38,0.02118900,5.21000000
2018-02-25 02:03:43,0.02118900,0.35000000
2018-02-25 02:03:50,0.02118900,0.40000000
2018-02-25 02:03:50,0.02118900,0.08000000
2018-02-25 02:03:54,0.02116900,0.21000000
2018-02-25 02:03:54,0.02116900,0.60000000
2018-02-25 02:03:54,0.02116900,2.00000000
2018-02-25 02:03:55,0.02116900,0.24000000
2018-02-25 02:03:59,0.02116900,0.24000000
2018-02-25 02:04:01,0.02116800,0.06000000
2018-02-25 02:04:05,0.02116800,1.41000000
2018-02-25 02:04:05,0.02116800,3.75000000
2018-02-25 02:04:05,0.02116300,1.41000000
2018-02-25 02:04:06,0.02116800,0.09000000
2018-02-25 02:04:06,0.02116800,0.14000000
2018-02-25 02:04:06,0.02116800,0.14000000
2018-02-25 02:04:06,0.02116800,0.14000000
2018-02-25 02:04:07,0.02116800,0.70000000
2018-02-25 02:04:07,0.02116800,0.05000000
2018-02-25 02:04:09,0.02116700,0.27000000
2018-02-25 02:04:09,0.02116700,0.08000000
2018-02-25 02:04:10,0.02116700,0.51000000
2018-02-25 02:04:10,0.02116800,0.12000000
2018-02-25 02:04:10,0.02116800,1.41000000
2018-02-25 02:04:13,0.02116800,1.41000000
2018-02-25 02:04:13,0.02116800,1.41000000
2018-02-25 02:04:13,0.02116800,0.12000000
2018-02-25 02:04:13,0.02116800,1.41000000
2018-02-25 02:04:13,0.02116800,0.67000000
2018-02-25 02:04:14,0.02116800,1.50000000
2018-02-25 02:04:15,0.02116800,0.12000000
2018-02-25 02:04:15,0.02116800,1.01000000
2018-02-25 02:04:16,0.02116800,0.11000000
2018-02-25 02:04:17,0.02116800,1.87000000
2018-02-25 02:04:17,0.02116800,0.09000000
2018-02-25 02:04:19,0.02116800,1.50000000
2018-02-25 02:04:23,0.02116800,0.24000000
2018-02-25 02:04:24,0.02116800,1.50000000
2018-02-25 02:04:27,0.02116800,2.36000000
2018-02-25 02:04:27,0.02116800,1.00000000
2018-02-25 02:04:28,0.02116300,1.17000000
2018-02-25 02:04:28,0.02116300,2.36000000
2018-02-25 02:04:29,0.02116300,0.05000000
2018-02-25 02:04:30,0.02116300,0.65000000
2018-02-25 02:04:30,0.02116800,3.05000000
2018-02-25 02:04:30,0.02116800,0.65000000
2018-02-25 02:04:30,0.02116700,2.36000000
2018-02-25 02:04:31,0.02116800,0.54000000
2018-02-25 02:04:34,0.02116800,0.48000000
2018-02-25 02:04:39,0.02115800,0.47000000
2018-02-25 02:04:40,0.02116800,0.38000000
2018-02-25 02:04:40,0.02116800,0.38000000
2018-02-25 02:04:40,0.02116800,0.07000000
2018-02-25 02:04:41,0.02116800,0.08000000
2018-02-25 02:04:42,0.02116800,0.17000000
2018-02-25 02:04:42,0.02116800,0.22000000
2018-02-25 02:04:42,0.02116800,0.24000000
2018-02-25 02:04:42,0.02116800,0.20000000
2018-02-25 02:04:42,0.02116800,4.45000000
2018-02-25 02:04:42,0.02116900,2.91000000
2018-02-25 02:04:42,0.02118900,0.11000000
2018-02-25 02:04:42,0.02119900,2.41000000
2018-02-25 02:04:42,0.02120000,7.59000000
2018-02-25 02:04:42,0.02121300,0.47000000
2018-02-25 02:04:42,0.02121600,3.90000000
2018-02-25 02:04:42,0.02121700,19.17000000
2018-02-25 02:04:43,0.02122800,1.61000000
2018-02-25 02:04:44,0.02118900,0.05000000
2018-02-25 02:04:45,0.02119000,0.28000000
2018-02-25 02:04:47,0.02119800,0.39000000
2018-02-25 02:05:00,0.02119900,0.49000000
2018-02-25 02:05:03,0.02119900,0.23000000
2018-02-25 02:05:03,0.02119800,3.28000000
2018-02-25 02:05:16,0.02119800,0.33000000
2018-02-25 02:05:16,0.02119800,1.00000000
2018-02-25 02:05:18,0.02121800,0.39000000
2018-02-25 02:05:26,0.02119800,0.36000000
2018-02-25 02:05:30,0.02121900,0.24000000
2018-02-25 02:05:30,0.02122000,2.41000000
2018-02-25 02:05:30,0.02119800,1.47000000
2018-02-25 02:05:30,0.02118700,0.47000000
2018-02-25 02:05:30,0.02118400,0.49000000
2018-02-25 02:05:30,0.02116900,1.61000000
2018-02-25 02:05:30,0.02117100,0.48000000
2018-02-25 02:05:32,0.02121800,0.44000000
2018-02-25 02:05:39,0.02119900,0.05000000
2018-02-25 02:05:39,0.02119900,0.19000000
2018-02-25 02:05:41,0.02119800,0.19000000
2018-02-25 02:05:44,0.02119800,1.29000000
2018-02-25 02:05:48,0.02121800,0.04000000
2018-02-25 02:05:48,0.02122000,0.19000000
2018-02-25 02:05:48,0.02124000,0.25000000
2018-02-25 02:05:49,0.02120300,4.54000000
2018-02-25 02:05:50,0.02120300,2.36000000
2018-02-25 02:06:22,0.02120300,2.33000000
2018-02-25 02:06:23,0.02120100,0.54000000
2018-02-25 02:06:23,0.02120100,23.62000000
2018-02-25 02:06:25,0.02119800,0.76000000
2018-02-25 02:06:26,0.02119800,2.89000000
2018-02-25 02:06:33,0.02121800,0.47000000
2018-02-25 02:06:34,0.02119800,0.11000000
2018-02-25 02:06:35,0.02119800,2.00000000
2018-02-25 02:06:38,0.02119800,0.46000000
2018-02-25 02:06:51,0.02119900,5.03000000
2018-02-25 02:06:52,0.02119900,0.71000000
2018-02-25 02:06:52,0.02119900,0.17000000
2018-02-25 02:06:52,0.02119900,0.68000000
2018-02-25 02:06:52,0.02120100,0.03000000
2018-02-25 02:06:57,0.02119800,0.10000000
2018-02-25 02:06:59,0.02120100,0.53000000
2018-02-25 02:06:59,0.02120100,0.36000000
2018-02-25 02:06:59,0.02120300,0.44000000
2018-02-25 02:06:59,0.02120900,0.83000000
2018-02-25 02:06:59,0.02120900,0.17000000
2018-02-25 02:07:01,0.02121000,0.49000000
2018-02-25 02:07:01,0.02119800,5.49000000
2018-02-25 02:07:01,0.02117100,1.63000000
2018-02-25 02:07:02,0.02121000,0.84000000
2018-02-25 02:07:15,0.02117600,1.00000000
2018-02-25 02:07:33,0.02119600,0.12000000
2018-02-25 02:07:40,0.02119200,0.10000000
2018-02-25 02:07:48,0.02119200,0.19000000
2018-02-25 02:07:50,0.02119200,0.58000000
2018-02-25 02:07:59,0.02117600,0.47000000
2018-02-25 02:08:01,0.02119200,0.01000000
2018-02-25 02:08:01,0.02119300,0.04000000
2018-02-25 02:08:02,0.02117600,2.27000000
2018-02-25 02:08:02,0.02117400,0.94000000
2018-02-25 02:08:02,0.02117100,4.92000000
2018-02-25 02:08:02,0.02117000,1.50000000
2018-02-25 02:08:02,0.02116900,1.30000000
2018-02-25 02:08:02,0.02116100,0.05000000
2018-02-25 02:08:02,0.02114900,6.59000000
2018-02-25 02:08:02,0.02114200,2.36000000
2018-02-25 02:08:02,0.02114000,1.17000000
2018-02-25 02:08:02,0.02113600,0.49000000
2018-02-25 02:08:02,0.02113100,3.92000000
2018-02-25 02:08:02,0.02112700,2.00000000
2018-02-25 02:08:02,0.02111800,0.08000000
2018-02-25 02:08:02,0.02110900,2.74000000
2018-02-25 02:08:02,0.02110800,9.43000000
2018-02-25 02:08:02,0.02110700,7.10000000
2018-02-25 02:08:02,0.02110500,1.02000000
2018-02-25 02:08:02,0.02110200,2.52000000
2018-02-25 02:08:02,0.02110100,3.27000000
2018-02-25 02:08:02,0.02110000,35.23000000
2018-02-25 02:08:02,0.02110000,0.85000000
2018-02-25 02:08:02,0.02117000,0.11000000
2018-02-25 02:08:02,0.02117000,0.12000000
2018-02-25 02:08:02,0.02117000,1.41000000
2018-02-25 02:08:02,0.02117000,2.14000000
2018-02-25 02:08:02,0.02117000,3.31000000
2018-02-25 02:08:03,0.02117500,3.00000000
2018-02-25 02:08:04,0.02117400,0.18000000
2018-02-25 02:08:06,0.02117400,0.95000000
2018-02-25 02:08:07,0.02117400,10.89000000
2018-02-25 02:08:08,0.02117100,0.49000000
2018-02-25 02:08:09,0.02117400,1.41000000
2018-02-25 02:08:09,0.02117400,0.92000000
2018-02-25 02:08:10,0.02117400,0.70000000
2018-02-25 02:08:11,0.02117100,0.19000000
2018-02-25 02:08:12,0.02117400,1.13000000
2018-02-25 02:08:12,0.02117100,0.82000000
2018-02-25 02:08:15,0.02117400,1.77000000
2018-02-25 02:08:15,0.02117400,1.00000000
2018-02-25 02:08:19,0.02117400,0.21000000
2018-02-25 02:08:19,0.02117400,5.00000000
2018-02-25 02:08:19,0.02117600,3.74000000
2018-02-25 02:08:21,0.02115100,0.14000000
2018-02-25 02:08:22,0.02115100,0.14000000
2018-02-25 02:08:22,0.02115100,0.02000000
2018-02-25 02:08:24,0.02117600,0.60000000
2018-02-25 02:08:38,0.02117600,0.13000000
2018-02-25 02:08:41,0.02119000,0.01000000
2018-02-25 02:08:45,0.02116100,0.23000000
2018-02-25 02:08:45,0.02114600,1.00000000
2018-02-25 02:08:45,0.02114000,0.10000000
2018-02-25 02:08:45,0.02113600,0.10000000
2018-02-25 02:08:45,0.02113100,38.56000000
2018-02-25 02:08:50,0.02115400,7.09000000
2018-02-25 02:08:50,0.02115400,0.94000000
2018-02-25 02:08:50,0.02115200,1.17000000
2018-02-25 02:08:51,0.02115200,0.55000000
2018-02-25 02:08:51,0.02115200,1.87000000
2018-02-25 02:08:51,0.02115200,0.25000000
2018-02-25 02:08:51,0.02115100,0.11000000
2018-02-25 02:08:51,0.02115100,0.39000000
2018-02-25 02:08:51,0.02114900,3.02000000
2018-02-25 02:08:51,0.02114900,0.23000000
2018-02-25 02:08:52,0.02118300,0.49000000
2018-02-25 02:08:52,0.02118700,0.01000000
2018-02-25 02:08:52,0.02118700,2.22000000
2018-02-25 02:09:00,0.02117600,0.76000000
2018-02-25 02:09:02,0.02117100,1.41000000
2018-02-25 02:09:02,0.02117100,1.41000000
2018-02-25 02:09:04,0.02116800,1.08000000
2018-02-25 02:09:05,0.02113800,1.99000000
2018-02-25 02:09:07,0.02117000,0.31000000
2018-02-25 02:09:09,0.02116500,0.05000000
2018-02-25 02:09:10,0.02116200,1.94000000
2018-02-25 02:09:10,0.02116900,7.19000000
2018-02-25 02:09:10,0.02117100,26.93000000
2018-02-25 02:09:10,0.02116100,18.51000000
2018-02-25 02:09:10,0.02116100,1.41000000
2018-02-25 02:09:10,0.02116100,2.44000000
2018-02-25 02:09:10,0.02116100,5.42000000
2018-02-25 02:09:10,0.02116200,4.35000000
2018-02-25 02:09:14,0.02116400,0.49000000
2018-02-25 02:09:15,0.02117100,1.50000000
2018-02-25 02:09:19,0.02118900,0.15000000
2018-02-25 02:09:21,0.02117100,0.10000000
2018-02-25 02:09:22,0.02117100,0.24000000
2018-02-25 02:09:22,0.02117100,0.99000000
2018-02-25 02:09:33,0.02117100,66.68000000
2018-02-25 02:09:33,0.02113600,0.10000000
2018-02-25 02:09:33,0.02113100,0.15000000
2018-02-25 02:09:33,0.02112600,4.35000000
2018-02-25 02:09:33,0.02112400,0.49000000
2018-02-25 02:09:33,0.02111800,0.10000000
2018-02-25 02:09:33,0.02110900,0.10000000
2018-02-25 02:09:33,0.02110800,0.10000000
2018-02-25 02:09:33,0.02110700,0.10000000
2018-02-25 02:09:33,0.02110500,0.10000000
2018-02-25 02:09:33,0.02110200,46.10000000
2018-02-25 02:09:33,0.02110100,0.10000000
2018-02-25 02:09:33,0.02110000,14.12000000
2018-02-25 02:09:33,0.02109000,4.99000000
2018-02-25 02:09:33,0.02108500,0.58000000
2018-02-25 02:09:33,0.02108200,9.50000000
2018-02-25 02:09:33,0.02108100,14.10000000
2018-02-25 02:09:33,0.02108000,2.56000000
2018-02-25 02:09:33,0.02107500,23.51000000
2018-02-25 02:09:33,0.02107400,0.23000000
2018-02-25 02:09:33,0.02107300,71.85000000
2018-02-25 02:09:34,0.02113700,7.10000000
2018-02-25 02:09:34,0.02113600,0.10000000
2018-02-25 02:09:34,0.02113600,0.80000000
2018-02-25 02:09:34,0.02113600,0.80000000
2018-02-25 02:09:34,0.02113600,0.80000000
2018-02-25 02:09:34,0.02113600,0.80000000
2018-02-25 02:09:34,0.02113600,0.80000000
2018-02-25 02:09:34,0.02113600,0.81000000
2018-02-25 02:09:34,0.02113600,0.61000000
2018-02-25 02:09:34,0.02113600,1.30000000
2018-02-25 02:09:34,0.02113600,0.14000000
2018-02-25 02:09:34,0.02113600,2.58000000
2018-02-25 02:09:34,0.02113500,3.67000000
2018-02-25 02:09:35,0.02113400,3.43000000
2018-02-25 02:09:35,0.02113600,8.40000000
2018-02-25 02:09:35,0.02113600,0.29000000
2018-02-25 02:09:35,0.02113600,0.94000000
2018-02-25 02:09:35,0.02113100,4.95000000
2018-02-25 02:09:36,0.02113100,0.19000000
2018-02-25 02:09:36,0.02113100,0.29000000
2018-02-25 02:09:36,0.02112600,0.10000000
2018-02-25 02:09:36,0.02112600,0.40000000
2018-02-25 02:09:36,0.02112600,21.53000000
2018-02-25 02:09:36,0.02112600,1.96000000
2018-02-25 02:09:36,0.02112600,0.81000000
2018-02-25 02:09:36,0.02112600,0.81000000
2018-02-25 02:09:36,0.02112600,0.81000000
2018-02-25 02:09:36,0.02112600,1.41000000
2018-02-25 02:09:36,0.02112600,0.60000000
2018-02-25 02:09:36,0.02112600,1.41000000
2018-02-25 02:09:37,0.02112600,1.41000000
2018-02-25 02:09:37,0.02112600,0.10000000
2018-02-25 02:09:37,0.02112600,0.67000000
2018-02-25 02:09:37,0.02112600,0.11000000
2018-02-25 02:09:37,0.02112600,1.41000000
2018-02-25 02:09:37,0.02112600,0.10000000
2018-02-25 02:09:37,0.02112600,1.41000000
2018-02-25 02:09:37,0.02112600,0.10000000
2018-02-25 02:09:37,0.02112600,1.41000000
2018-02-25 02:09:37,0.02112600,1.18000000
2018-02-25 02:09:37,0.02112600,0.10000000
2018-02-25 02:09:37,0.02112600,0.10000000
2018-02-25 02:09:37,0.02113600,0.45000000
2018-02-25 02:09:37,0.02112600,0.10000000
2018-02-25 02:09:37,0.02112400,0.10000000
2018-02-25 02:09:37,0.02112400,0.10000000
2018-02-25 02:09:37,0.02112400,0.10000000
2018-02-25 02:09:37,0.02112400,2.23000000
2018-02-25 02:09:37,0.02113600,21.77000000
2018-02-25 02:09:37,0.02113600,22.40000000
2018-02-25 02:09:37,0.02114100,1.60000000
2018-02-25 02:09:37,0.02113500,2.75000000
2018-02-25 02:09:37,0.02117900,0.47000000
2018-02-25 02:09:37,0.02118000,1.70000000
2018-02-25 02:09:40,0.02118000,0.01000000
2018-02-25 02:09:42,0.02118000,0.15000000
2018-02-25 02:09:43,0.02114300,0.74000000
2018-02-25 02:09:49,0.02114300,3.27000000
2018-02-25 02:09:52,0.02114300,0.33000000
2018-02-25 02:09:52,0.02117300,7.08000000
2018-02-25 02:09:58,0.02114100,0.06000000
2018-02-25 02:10:25,0.02114700,0.25000000
2018-02-25 02:10:26,0.02114700,4.53000000
2018-02-25 02:10:26,0.02116000,1.25000000
2018-02-25 02:10:26,0.02116100,0.88000000
2018-02-25 02:10:26,0.02114400,1.87000000
2018-02-25 02:10:28,0.02114700,0.12000000
2018-02-25 02:10:29,0.02114700,0.02000000
2018-02-25 02:10:29,0.02114400,4.50000000
2018-02-25 02:10:29,0.02114100,4.89000000
2018-02-25 02:10:29,0.02114100,0.27000000
2018-02-25 02:10:30,0.02116000,0.49000000
2018-02-25 02:10:31,0.02115500,1.53000000
2018-02-25 02:10:31,0.02116000,0.56000000
2018-02-25 02:10:32,0.02114100,4.98000000
2018-02-25 02:10:32,0.02113700,0.47000000
2018-02-25 02:10:32,0.02113600,0.10000000
2018-02-25 02:10:32,0.02113000,0.58000000
2018-02-25 02:10:32,0.02113000,1.38000000
2018-02-25 02:10:33,0.02113000,6.40000000
2018-02-25 02:10:34,0.02113000,2.37000000
2018-02-25 02:10:36,0.02113000,2.05000000
2018-02-25 02:10:36,0.02113000,2.37000000
2018-02-25 02:10:37,0.02113000,3.30000000
2018-02-25 02:10:37,0.02116400,6.70000000
2018-02-25 02:10:41,0.02115900,2.01000000
2018-02-25 02:10:44,0.02116700,1.23000000
2018-02-25 02:11:02,0.02116200,0.15000000
2018-02-25 02:11:02,0.02116200,1.72000000
2018-02-25 02:11:02,0.02116700,0.28000000
2018-02-25 02:11:06,0.02112600,0.49000000
2018-02-25 02:11:08,0.02116700,0.63000000
2018-02-25 02:11:45,0.02113700,6.58000000
2018-02-25 02:11:47,0.02113500,6.12000000
2018-02-25 02:11:47,0.02113500,0.96000000
2018-02-25 02:11:47,0.02113700,4.04000000
2018-02-25 02:11:47,0.02113700,0.10000000
2018-02-25 02:11:47,0.02113700,2.37000000
2018-02-25 02:11:48,0.02113700,5.00000000
2018-02-25 02:11:48,0.02113700,1.97000000
2018-02-25 02:11:48,0.02113700,1.18000000
2018-02-25 02:11:50,0.02113700,0.09000000
2018-02-25 02:11:52,0.02113700,0.15000000
2018-02-25 02:11:52,0.02113700,0.27000000
2018-02-25 02:11:52,0.02116700,0.22000000
2018-02-25 02:11:55,0.02113200,0.49000000
2018-02-25 02:11:56,0.02113500,0.06000000
2018-02-25 02:11:57,0.02113500,0.43000000
2018-02-25 02:11:57,0.02113700,1.51000000
2018-02-25 02:12:02,0.02113700,0.15000000
2018-02-25 02:12:02,0.02113700,0.87000000
2018-02-25 02:12:02,0.02116700,0.15000000
2018-02-25 02:12:10,0.02116700,0.47000000
2018-02-25 02:12:13,0.02113400,1.28000000
2018-02-25 02:12:15,0.02116700,3.21000000
2018-02-25 02:12:20,0.02113400,0.57000000
2018-02-25 02:12:24,0.02113400,1.01000000
2018-02-25 02:12:30,0.02114800,0.11000000
2018-02-25 02:12:31,0.02114800,1.88000000
2018-02-25 02:12:36,0.02114800,0.87000000
2018-02-25 02:12:36,0.02115000,0.97000000
2018-02-25 02:12:41,0.02115000,0.45000000
2018-02-25 02:12:49,0.02116700,0.49000000
2018-02-25 02:12:54,0.02116000,1.90000000
2018-02-25 02:12:55,0.02116000,2.36000000
2018-02-25 02:12:57,0.02116000,1.77000000
2018-02-25 02:12:57,0.02116700,0.59000000
2018-02-25 02:12:58,0.02116700,1.90000000
2018-02-25 02:12:58,0.02116700,4.35000000
2018-02-25 02:13:03,0.02116300,2.36000000
2018-02-25 02:13:04,0.02116300,1.68000000
2018-02-25 02:13:05,0.02116300,0.47000000
2018-02-25 02:13:07,0.02116300,0.37000000
2018-02-25 02:13:07,0.02116700,0.10000000
2018-02-25 02:13:19,0.02116700,0.08000000
2018-02-25 02:13:20,0.02116700,0.14000000
2018-02-25 02:13:20,0.02116700,0.11000000
2018-02-25 02:13:23,0.02116700,0.11000000
2018-02-25 02:13:27,0.02116700,0.11000000
2018-02-25 02:13:29,0.02116700,1.05000000
2018-02-25 02:13:29,0.02116700,1.05000000
2018-02-25 02:13:29,0.02116300,1.05000000
2018-02-25 02:13:34,0.02116700,0.50000000
2018-02-25 02:13:34,0.02116700,0.49000000
2018-02-25 02:13:37,0.02116700,0.11000000
2018-02-25 02:13:39,0.02116700,0.11000000
2018-02-25 02:13:44,0.02116300,1.76000000
2018-02-25 02:13:45,0.02115000,0.47000000
2018-02-25 02:13:46,0.02116300,0.94000000
2018-02-25 02:13:50,0.02115000,0.52000000
2018-02-25 02:13:50,0.02115000,0.03000000
2018-02-25 02:13:50,0.02116300,1.79000000
2018-02-25 02:13:50,0.02116700,1.14000000
2018-02-25 02:13:51,0.02116700,0.01000000
2018-02-25 02:13:51,0.02116800,0.11000000
2018-02-25 02:13:51,0.02116800,0.36000000
2018-02-25 02:13:51,0.02117300,0.86000000
2018-02-25 02:13:52,0.02117300,0.05000000
2018-02-25 02:13:52,0.02117300,0.51000000
2018-02-25 02:13:55,0.02117800,0.21000000
2018-02-25 02:13:59,0.02118900,0.38000000
2018-02-25 02:13:59,0.02119700,0.70000000
2018-02-25 02:13:59,0.02119800,0.36000000
2018-02-25 02:13:59,0.02119900,0.25000000
2018-02-25 02:14:00,0.02114800,6.48000000
2018-02-25 02:14:00,0.02119900,0.05000000
2018-02-25 02:14:01,0.02115400,7.06000000
2018-02-25 02:14:04,0.02117800,4.24000000
2018-02-25 02:14:05,0.02117800,0.07000000
2018-02-25 02:14:09,0.02117800,1.98000000
2018-02-25 02:14:09,0.02117800,1.41000000
2018-02-25 02:14:09,0.02117800,1.00000000
2018-02-25 02:14:11,0.02117800,5.36000000
2018-02-25 02:14:11,0.02117800,0.05000000
2018-02-25 02:14:12,0.02117800,0.11000000
2018-02-25 02:14:13,0.02117800,12.00000000
2018-02-25 02:14:13,0.02117800,0.64000000
2018-02-25 02:14:13,0.02117800,0.36000000
2018-02-25 02:14:13,0.02117800,0.08000000
2018-02-25 02:14:14,0.02117800,0.05000000
2018-02-25 02:14:14,0.02117800,0.49000000
2018-02-25 02:14:15,0.02117800,30.06000000
2018-02-25 02:14:15,0.02115200,0.47000000
2018-02-25 02:14:15,0.02114600,2.00000000
2018-02-25 02:14:16,0.02118400,0.79000000
2018-02-25 02:14:17,0.02114700,0.06000000
2018-02-25 02:14:17,0.02114300,2.00000000
2018-02-25 02:14:17,0.02112800,41.33000000
2018-02-25 02:14:22,0.02112800,0.10000000
2018-02-25 02:14:27,0.02114500,12.75000000
2018-02-25 02:14:27,0.02114700,41.33000000
2018-02-25 02:14:27,0.02115000,14.59000000
2018-02-25 02:14:27,0.02115000,0.01000000
2018-02-25 02:14:27,0.02118800,0.47000000
2018-02-25 02:14:27,0.02118900,0.55000000
2018-02-25 02:14:27,0.02119200,0.78000000
2018-02-25 02:14:29,0.02114600,0.06000000
2018-02-25 02:14:29,0.02113900,7.05000000
2018-02-25 02:14:29,0.02113700,2.44000000
2018-02-25 02:14:29,0.02113100,0.05000000
2018-02-25 02:14:29,0.02112900,2.47000000
2018-02-25 02:14:30,0.02112800,0.13000000
2018-02-25 02:14:30,0.02112900,0.47000000
2018-02-25 02:14:30,0.02112800,1.39000000
2018-02-25 02:14:30,0.02112700,0.52000000
2018-02-25 02:14:32,0.02116800,1.41000000
2018-02-25 02:14:32,0.02116800,5.64000000
2018-02-25 02:14:32,0.02117000,3.61000000
2018-02-25 02:14:33,0.02114600,0.81000000
2018-02-25 02:14:33,0.02113000,0.17000000
2018-02-25 02:14:35,0.02113500,0.17000000
2018-02-25 02:14:35,0.02113700,1.00000000
2018-02-25 02:14:35,0.02114000,1.41000000
2018-02-25 02:14:35,0.02114000,0.68000000
2018-02-25 02:14:36,0.02113600,0.35000000
2018-02-25 02:14:36,0.02113700,0.52000000
2018-02-25 02:14:36,0.02114100,0.89000000
2018-02-25 02:14:38,0.02114100,10.00000000
2018-02-25 02:14:46,0.02113600,2.38000000
2018-02-25 02:14:48,0.02113600,2.38000000
2018-02-25 02:14:50,0.02113600,2.30000000
2018-02-25 02:14:50,0.02113100,4.38000000
2018-02-25 02:14:50,0.02113000,2.87000000
2018-02-25 02:14:50,0.02116900,2.47000000
2018-02-25 02:14:50,0.02117000,12.53000000
2018-02-25 02:14:50,0.02113000,2.07000000
2018-02-25 02:14:52,0.02114700,1.73000000
2018-02-25 02:14:54,0.02114200,4.03000000
2018-02-25 02:14:55,0.02113900,1.73000000
2018-02-25 02:14:55,0.02113600,1.30000000
2018-02-25 02:14:55,0.02113800,0.21000000
2018-02-25 02:14:56,0.02113800,0.10000000
2018-02-25 02:14:57,0.02115000,1.70000000
2018-02-25 02:14:59,0.02113000,0.16000000
2018-02-25 02:15:08,0.02115000,0.06000000
2018-02-25 02:15:08,0.02117800,0.43000000
2018-02-25 02:15:12,0.02114900,1.12000000
2018-02-25 02:15:15,0.02114900,1.21000000
2018-02-25 02:15:15,0.02113100,4.00000000
2018-02-25 02:15:16,0.02115000,1.12000000
2018-02-25 02:15:18,0.02115000,1.72000000
2018-02-25 02:15:18,0.02115000,0.03000000
2018-02-25 02:15:19,0.02115000,0.11000000
2018-02-25 02:15:20,0.02115000,1.64000000
2018-02-25 02:15:20,0.02112700,0.39000000
2018-02-25 02:15:20,0.02112400,0.10000000
2018-02-25 02:15:20,0.02115000,0.23000000
2018-02-25 02:15:25,0.02115000,1.04000000
2018-02-25 02:15:27,0.02114000,0.35000000
2018-02-25 02:15:28,0.02114000,1.61000000
2018-02-25 02:15:32,0.02114000,0.11000000
2018-02-25 02:15:32,0.02114000,0.25000000
2018-02-25 02:15:33,0.02114000,1.58000000
2018-02-25 02:15:34,0.02114000,0.71000000
2018-02-25 02:15:38,0.02113000,14.60000000
2018-02-25 02:15:38,0.02112800,2.13000000
2018-02-25 02:15:38,0.02115000,1.55000000
2018-02-25 02:15:55,0.02115000,0.05000000
2018-02-25 02:15:56,0.02115000,0.60000000
2018-02-25 02:16:00,0.02115000,0.05000000
2018-02-25 02:16:02,0.02115000,0.29000000
2018-02-25 02:16:02,0.02115000,0.30000000
2018-02-25 02:16:02,0.02115000,0.16000000
2018-02-25 02:16:03,0.02115000,0.31000000
2018-02-25 02:16:03,0.02115000,0.31000000
2018-02-25 02:16:03,0.02112400,0.31000000
2018-02-25 02:16:03,0.02115000,0.56000000
2018-02-25 02:16:05,0.02115000,15.15000000
2018-02-25 02:16:05,0.02116000,0.56000000
2018-02-25 02:16:06,0.02116000,0.05000000
2018-02-25 02:16:07,0.02116000,0.05000000
2018-02-25 02:16:08,0.02116000,0.47000000
2018-02-25 02:16:08,0.02116000,0.11000000
2018-02-25 02:16:14,0.02115000,0.12000000
2018-02-25 02:16:14,0.02113100,0.05000000
2018-02-25 02:16:15,0.02115000,0.11000000
2018-02-25 02:16:16,0.02115000,0.01000000
2018-02-25 02:16:20,0.02112600,1.41000000
2018-02-25 02:16:21,0.02115900,0.86000000
2018-02-25 02:16:21,0.02116000,0.22000000
2018-02-25 02:16:23,0.02112900,0.20000000
2018-02-25 02:16:31,0.02112700,1.61000000
2018-02-25 02:16:31,0.02112600,2.00000000
2018-02-25 02:16:31,0.02112900,0.08000000
2018-02-25 02:16:32,0.02115000,0.46000000
2018-02-25 02:16:35,0.02115000,0.26000000
2018-02-25 02:16:40,0.02115000,0.27000000
2018-02-25 02:16:41,0.02113100,0.40000000
2018-02-25 02:16:42,0.02114000,14.60000000
2018-02-25 02:16:45,0.02115000,9.16000000
2018-02-25 02:16:54,0.02115600,0.49000000
2018-02-25 02:16:54,0.02113000,0.76000000
2018-02-25 02:16:54,0.02115600,0.12000000
2018-02-25 02:17:02,0.02114900,0.40000000
2018-02-25 02:17:02,0.02115100,0.43000000
2018-02-25 02:17:02,0.02115200,2.00000000
2018-02-25 02:17:02,0.02115400,0.23000000
2018-02-25 02:17:02,0.02115800,0.39000000
2018-02-25 02:17:06,0.02114900,15.89000000
2018-02-25 02:17:07,0.02115800,1.39000000
2018-02-25 02:17:10,0.02114900,2.56000000
2018-02-25 02:17:14,0.02115700,0.15000000
2018-02-25 02:17:14,0.02115800,0.08000000
2018-02-25 02:17:16,0.02114900,2.41000000
2018-02-25 02:17:31,0.02115800,8.14000000
2018-02-25 02:17:33,0.02114900,0.49000000
2018-02-25 02:17:39,0.02114900,1.79000000
2018-02-25 02:17:40,0.02115800,1.41000000
2018-02-25 02:17:40,0.02115800,1.69000000
2018-02-25 02:17:40,0.02115800,1.92000000
2018-02-25 02:17:40,0.02115800,0.22000000
2018-02-25 02:17:40,0.02115800,1.41000000
2018-02-25 02:17:41,0.02115800,0.80000000
2018-02-25 02:17:41,0.02115800,0.35000000
2018-02-25 02:17:41,0.02115800,0.81000000
2018-02-25 02:17:41,0.02115800,1.41000000
2018-02-25 02:17:41,0.02115800,1.14000000
2018-02-25 02:17:41,0.02115800,0.34000000
2018-02-25 02:17:41,0.02115800,0.23000000
2018-02-25 02:17:41,0.02115800,0.23000000
2018-02-25 02:17:42,0.02115800,9.03000000
2018-02-25 02:17:42,0.02115800,1.41000000
2018-02-25 02:17:42,0.02114900,1.41000000
2018-02-25 02:17:43,0.02115800,1.44000000
2018-02-25 02:17:47,0.02115800,0.96000000
2018-02-25 02:17:47,0.02115800,0.55000000
2018-02-25 02:17:47,0.02115800,0.96000000
2018-02-25 02:17:47,0.02115800,0.96000000
2018-02-25 02:17:53,0.02115800,19.28000000
2018-02-25 02:17:58,0.02115800,0.17000000
2018-02-25 02:17:58,0.02115800,0.99000000
2018-02-25 02:17:59,0.02115800,0.15000000
2018-02-25 02:17:59,0.02115800,0.16000000
2018-02-25 02:18:00,0.02115800,0.15000000
2018-02-25 02:18:01,0.02115800,0.07000000
2018-02-25 02:18:01,0.02115800,0.07000000
2018-02-25 02:18:01,0.02115800,0.07000000
2018-02-25 02:18:03,0.02115700,0.05000000
2018-02-25 02:18:04,0.02115700,3.16000000
2018-02-25 02:18:04,0.02115800,1.20000000
2018-02-25 02:18:06,0.02115800,0.69000000
2018-02-25 02:18:06,0.02115800,0.49000000
2018-02-25 02:18:08,0.02115800,1.41000000
2018-02-25 02:18:08,0.02115800,1.41000000
2018-02-25 02:18:08,0.02115800,0.59000000
2018-02-25 02:18:08,0.02115800,0.58000000
2018-02-25 02:18:08,0.02115000,1.41000000
2018-02-25 02:18:09,0.02115000,0.49000000
2018-02-25 02:18:10,0.02115800,0.05000000
2018-02-25 02:18:11,0.02115800,0.05000000
2018-02-25 02:18:11,0.02115800,0.67000000
2018-02-25 02:18:12,0.02115800,2.50000000
2018-02-25 02:18:13,0.02115800,0.13000000
2018-02-25 02:18:14,0.02115700,1.64000000
2018-02-25 02:18:15,0.02115700,0.01000000
2018-02-25 02:18:15,0.02115800,0.48000000
2018-02-25 02:18:16,0.02115800,12.90000000
2018-02-25 02:18:17,0.02115800,11.88000000
2018-02-25 02:18:17,0.02115900,7.41000000
2018-02-25 02:18:17,0.02115900,2.43000000
2018-02-25 02:18:18,0.02115900,0.90000000
2018-02-25 02:18:31,0.02115900,2.26000000
2018-02-25 02:18:36,0.02115900,23.56000000
2018-02-25 02:18:38,0.02116700,0.02000000
2018-02-25 02:18:44,0.02116700,0.04000000
2018-02-25 02:18:44,0.02116200,0.08000000
2018-02-25 02:18:45,0.02116200,0.73000000
2018-02-25 02:18:46,0.02116200,0.47000000
2018-02-25 02:18:47,0.02116200,0.43000000
2018-02-25 02:18:51,0.02116700,0.15000000
2018-02-25 02:18:55,0.02116300,0.50000000
2018-02-25 02:18:58,0.02116400,0.21000000
2018-02-25 02:19:01,0.02116400,0.24000000
2018-02-25 02:19:03,0.02116400,0.64000000
2018-02-25 02:19:24,0.02116700,0.13000000
2018-02-25 02:19:26,0.02116700,25.23000000
2018-02-25 02:19:26,0.02116500,6.00000000
2018-02-25 02:19:26,0.02116400,9.16000000
2018-02-25 02:19:26,0.02116300,14.66000000
2018-02-25 02:19:26,0.02116200,0.29000000
2018-02-25 02:19:26,0.02116100,3.00000000
2018-02-25 02:19:26,0.02115000,0.10000000
2018-02-25 02:19:26,0.02114900,0.45000000
2018-02-25 02:19:29,0.02116400,0.11000000
2018-02-25 02:19:29,0.02117900,0.36000000
2018-02-25 02:19:34,0.02117900,1.68000000
2018-02-25 02:19:49,0.02116700,0.06000000
2018-02-25 02:19:53,0.02116400,0.31000000
2018-02-25 02:19:53,0.02115200,3.00000000
2018-02-25 02:19:53,0.02115000,18.06000000
2018-02-25 02:19:58,0.02116400,0.49000000
2018-02-25 02:20:10,0.02116700,0.93000000
2018-02-25 02:20:14,0.02116400,2.51000000
2018-02-25 02:20:14,0.02115800,3.00000000
2018-02-25 02:20:14,0.02115000,1.34000000
2018-02-25 02:20:14,0.02114100,4.39000000
2018-02-25 02:20:14,0.02114000,0.14000000
2018-02-25 02:20:36,0.02114700,0.21000000
2018-02-25 02:20:47,0.02114700,0.45000000
2018-02-25 02:20:57,0.02116700,0.01000000
2018-02-25 02:20:57,0.02117900,0.01000000
2018-02-25 02:20:57,0.02119800,0.43000000
2018-02-25 02:21:02,0.02119800,0.44000000
2018-02-25 02:21:13,0.02116400,0.11000000
2018-02-25 02:21:15,0.02116700,4.28000000
2018-02-25 02:21:20,0.02116700,0.72000000
2018-02-25 02:21:20,0.02116700,0.49000000
2018-02-25 02:21:42,0.02116600,0.73000000
2018-02-25 02:21:44,0.02116600,0.48000000
2018-02-25 02:21:44,0.02116600,3.16000000
2018-02-25 02:21:44,0.02116500,2.33000000
2018-02-25 02:21:45,0.02116700,0.41000000
2018-02-25 02:21:48,0.02116600,5.99000000
2018-02-25 02:21:54,0.02116700,0.01000000
2018-02-25 02:21:57,0.02116700,2.10000000
2018-02-25 02:22:00,0.02116700,0.68000000
2018-02-25 02:22:03,0.02116700,0.26000000
2018-02-25 02:22:03,0.02116500,1.43000000
2018-02-25 02:22:11,0.02116500,0.79000000
2018-02-25 02:22:14,0.02116500,0.26000000
2018-02-25 02:22:17,0.02117900,4.37000000
2018-02-25 02:22:17,0.02118000,14.50000000
2018-02-25 02:22:17,0.02119000,5.43000000
2018-02-25 02:22:33,0.02118700,0.46000000
2018-02-25 02:22:33,0.02119000,12.76000000
2018-02-25 02:22:40,0.02116500,0.19000000
2018-02-25 02:22:42,0.02116300,0.49000000
2018-02-25 02:22:51,0.02116500,0.08000000
2018-02-25 02:22:57,0.02116500,0.07000000
2018-02-25 02:22:58,0.02116500,12.23000000
2018-02-25 02:22:58,0.02116300,0.47000000
2018-02-25 02:22:58,0.02116300,0.05000000
2018-02-25 02:23:02,0.02116300,0.01000000
2018-02-25 02:23:04,0.02116200,0.11000000
2018-02-25 02:23:05,0.02116300,0.05000000
2018-02-25 02:23:06,0.02116300,1.00000000
2018-02-25 02:23:08,0.02116300,0.51000000
2018-02-25 02:23:08,0.02116200,0.47000000
2018-02-25 02:23:08,0.02116300,0.04000000
2018-02-25 02:23:14,0.02116300,0.47000000
2018-02-25 02:23:16,0.02116500,1.17000000
2018-02-25 02:23:21,0.02116500,0.49000000
2018-02-25 02:23:22,0.02116500,0.47000000
2018-02-25 02:23:22,0.02116500,0.87000000
2018-02-25 02:23:22,0.02116300,10.41000000
2018-02-25 02:23:26,0.02116200,9.89000000
2018-02-25 02:23:28,0.02116200,1.35000000
2018-02-25 02:23:28,0.02116100,3.93000000
2018-02-25 02:23:28,0.02115800,4.62000000
2018-02-25 02:23:31,0.02118000,5.00000000
2018-02-25 02:23:35,0.02115800,0.24000000
2018-02-25 02:23:35,0.02118000,0.18000000
2018-02-25 02:23:41,0.02117700,0.51000000
2018-02-25 02:23:44,0.02118000,9.82000000
2018-02-25 02:23:44,0.02119000,0.07000000
2018-02-25 02:23:48,0.02116900,0.49000000
2018-02-25 02:23:54,0.02116400,0.11000000
2018-02-25 02:24:04,0.02116500,0.63000000
2018-02-25 02:24:06,0.02116300,1.26000000
2018-02-25 02:24:10,0.02116300,1.50000000
2018-02-25 02:24:12,0.02116300,4.29000000
2018-02-25 02:24:13,0.02116300,0.27000000
2018-02-25 02:24:14,0.02116300,2.65000000
2018-02-25 02:24:25,0.02116300,0.83000000
2018-02-25 02:24:25,0.02116300,1.96000000
2018-02-25 02:24:25,0.02115800,0.39000000
2018-02-25 02:24:25,0.02115600,0.65000000
2018-02-25 02:24:27,0.02115600,0.06000000
2018-02-25 02:24:35,0.02115600,1.03000000
2018-02-25 02:24:42,0.02116400,0.34000000
2018-02-25 02:24:42,0.02116500,1.31000000
2018-02-25 02:24:42,0.02118300,0.11000000
2018-02-25 02:24:42,0.02118400,0.50000000
2018-02-25 02:24:42,0.02118500,5.20000000
2018-02-25 02:24:44,0.02116400,0.12000000
2018-02-25 02:24:56,0.02115600,0.05000000
2018-02-25 02:24:56,0.02115600,0.05000000
2018-02-25 02:24:57,0.02115600,1.00000000
2018-02-25 02:24:58,0.02116300,0.49000000
2018-02-25 02:25:09,0.02115600,0.54000000
2018-02-25 02:25:10,0.02116100,0.49000000
2018-02-25 02:25:14,0.02115600,0.68000000
2018-02-25 02:25:17,0.02115600,0.34000000
2018-02-25 02:25:22,0.02115600,0.26000000
2018-02-25 02:25:25,0.02115600,0.53000000
2018-02-25 02:25:28,0.02115600,0.05000000
2018-02-25 02:25:28,0.02115600,0.05000000
2018-02-25 02:25:31,0.02116000,0.49000000
2018-02-25 02:25:31,0.02115600,1.41000000
2018-02-25 02:25:31,0.02115600,0.30000000
2018-02-25 02:25:32,0.02115000,2.06000000
2018-02-25 02:25:32,0.02114800,1.67000000
2018-02-25 02:25:33,0.02114800,0.47000000
2018-02-25 02:25:49,0.02115900,0.49000000
2018-02-25 02:25:51,0.02114800,0.61000000
2018-02-25 02:25:52,0.02114800,0.01000000
2018-02-25 02:25:53,0.02114700,0.47000000
2018-02-25 02:25:54,0.02114800,0.49000000
2018-02-25 02:25:55,0.02114700,0.75000000
2018-02-25 02:25:55,0.02113600,0.39000000
2018-02-25 02:25:55,0.02113600,0.25000000
2018-02-25 02:26:19,0.02113600,0.50000000
2018-02-25 02:26:32,0.02115000,0.26000000
2018-02-25 02:26:32,0.02115900,0.21000000
2018-02-25 02:26:35,0.02114100,0.49000000
2018-02-25 02:26:36,0.02114100,0.47000000
2018-02-25 02:26:38,0.02115800,1.13000000
2018-02-25 02:26:41,0.02115500,0.37000000
2018-02-25 02:26:44,0.02114100,0.53000000
2018-02-25 02:26:44,0.02113600,0.12000000
2018-02-25 02:27:02,0.02115400,0.24000000
2018-02-25 02:27:02,0.02115500,0.08000000
2018-02-25 02:27:02,0.02115800,0.17000000
2018-02-25 02:27:08,0.02115600,0.24000000
2018-02-25 02:27:08,0.02115800,0.25000000
2018-02-25 02:27:11,0.02115800,5.07000000
2018-02-25 02:27:13,0.02115800,0.10000000
2018-02-25 02:27:14,0.02115800,6.76000000
2018-02-25 02:27:16,0.02115800,0.11000000
2018-02-25 02:27:17,0.02115800,0.05000000
2018-02-25 02:27:17,0.02115800,0.49000000
2018-02-25 02:27:17,0.02115900,0.26000000
2018-02-25 02:27:17,0.02116000,0.20000000
2018-02-25 02:27:17,0.02116300,0.46000000
2018-02-25 02:27:17,0.02116400,2.78000000
2018-02-25 02:27:18,0.02115800,0.11000000
2018-02-25 02:27:21,0.02115800,4.46000000
2018-02-25 02:27:23,0.02115800,1.25000000
2018-02-25 02:27:25,0.02115800,0.35000000
2018-02-25 02:27:27,0.02115800,0.42000000
2018-02-25 02:27:28,0.02115800,0.11000000
2018-02-25 02:27:28,0.02115800,0.53000000
2018-02-25 02:27:30,0.02115800,0.11000000
2018-02-25 02:27:30,0.02115800,23.10000000
2018-02-25 02:27:32,0.02115800,0.13000000
2018-02-25 02:27:34,0.02115800,0.13000000
2018-02-25 02:27:37,0.02115800,2.72000000
2018-02-25 02:27:39,0.02115800,0.06000000
2018-02-25 02:27:39,0.02115800,0.11000000
2018-02-25 02:27:39,0.02115800,0.06000000
2018-02-25 02:27:40,0.02115800,0.33000000
2018-02-25 02:27:41,0.02115800,0.68000000
2018-02-25 02:27:44,0.02115800,0.19000000
2018-02-25 02:27:44,0.02115800,0.05000000
2018-02-25 02:27:44,0.02115800,0.11000000
2018-02-25 02:27:46,0.02115800,0.11000000
2018-02-25 02:27:46,0.02115800,0.11000000
2018-02-25 02:27:48,0.02115800,0.11000000
2018-02-25 02:27:50,0.02115800,0.54000000
2018-02-25 02:27:53,0.02115800,0.15000000
2018-02-25 02:27:53,0.02115800,0.23000000
2018-02-25 02:27:54,0.02115800,0.93000000
2018-02-25 02:27:55,0.02115800,0.11000000
2018-02-25 02:27:57,0.02115800,0.72000000
2018-02-25 02:27:57,0.02115800,0.11000000
2018-02-25 02:27:58,0.02115800,1.26000000
2018-02-25 02:27:59,0.02115800,0.20000000
2018-02-25 02:28:01,0.02115800,1.41000000
2018-02-25 02:28:01,0.02115800,1.41000000
2018-02-25 02:28:01,0.02115800,1.41000000
2018-02-25 02:28:01,0.02115800,0.11000000
2018-02-25 02:28:01,0.02115800,1.41000000
2018-02-25 02:28:02,0.02115800,0.12000000
2018-02-25 02:28:05,0.02113600,0.34000000
2018-02-25 02:28:05,0.02116300,0.23000000
2018-02-25 02:28:05,0.02116400,0.26000000
2018-02-25 02:28:07,0.02116400,0.12000000
2018-02-25 02:28:12,0.02113600,0.49000000
2018-02-25 02:28:15,0.02113600,0.47000000
2018-02-25 02:28:17,0.02113600,0.19000000
2018-02-25 02:28:23,0.02113600,1.91000000
2018-02-25 02:28:24,0.02113600,0.58000000
2018-02-25 02:28:24,0.02113600,0.01000000
2018-02-25 02:28:24,0.02116400,1.98000000
2018-02-25 02:28:24,0.02117800,3.23000000
2018-02-25 02:28:32,0.02113300,0.13000000
2018-02-25 02:28:34,0.02113300,0.11000000
2018-02-25 02:28:36,0.02113600,0.15000000
2018-02-25 02:28:41,0.02111800,0.50000000
2018-02-25 02:28:43,0.02111800,0.14000000
2018-02-25 02:28:43,0.02113200,0.09000000
2018-02-25 02:28:44,0.02113200,0.29000000
2018-02-25 02:28:46,0.02111800,0.11000000
2018-02-25 02:28:46,0.02111800,0.49000000
2018-02-25 02:28:46,0.02113200,0.01000000
2018-02-25 02:28:46,0.02113400,0.15000000
2018-02-25 02:28:48,0.02112000,1.58000000
2018-02-25 02:28:50,0.02112000,0.49000000
2018-02-25 02:28:55,0.02113600,8.50000000
2018-02-25 02:29:00,0.02113400,0.11000000
2018-02-25 02:29:01,0.02113400,0.06000000
2018-02-25 02:29:03,0.02113400,0.27000000
2018-02-25 02:29:07,0.02113400,0.11000000
2018-02-25 02:29:10,0.02113400,1.52000000
2018-02-25 02:29:10,0.02113600,0.06000000
2018-02-25 02:29:11,0.02113600,0.11000000
2018-02-25 02:29:14,0.02113400,0.09000000
2018-02-25 02:29:15,0.02113400,1.64000000
2018-02-25 02:29:15,0.02113600,2.94000000
2018-02-25 02:29:16,0.02113600,0.20000000
2018-02-25 02:29:18,0.02113600,0.01000000
2018-02-25 02:29:19,0.02111300,0.49000000
2018-02-25 02:29:19,0.02113700,0.93000000
2018-02-25 02:29:23,0.02113700,0.05000000
2018-02-25 02:29:23,0.02115800,0.10000000
2018-02-25 02:29:34,0.02115800,0.12000000
2018-02-25 02:29:34,0.02115800,0.08000000
2018-02-25 02:29:34,0.02115800,1.66000000
2018-02-25 02:29:34,0.02115800,0.01000000
2018-02-25 02:29:39,0.02112400,7.00000000
2018-02-25 02:29:43,0.02112400,0.01000000
2018-02-25 02:29:47,0.02112400,3.00000000
2018-02-25 02:29:47,0.02112400,0.08000000
2018-02-25 02:29:48,0.02112200,3.00000000
2018-02-25 02:29:48,0.02112200,4.08000000
2018-02-25 02:29:56,0.02112200,0.01000000
2018-02-25 02:29:56,0.02112400,1.37000000
2018-02-25 02:29:56,0.02112400,0.88000000
2018-02-25 02:29:56,0.02112400,1.01000000
2018-02-25 02:29:56,0.02112400,0.88000000
2018-02-25 02:29:56,0.02112400,0.13000000
2018-02-25 02:29:57,0.02111100,0.13000000
2018-02-25 02:29:57,0.02112400,1.89000000
2018-02-25 02:29:57,0.02111100,0.47000000
2018-02-25 02:30:01,0.02112000,0.96000000
2018-02-25 02:30:02,0.02112400,0.46000000
2018-02-25 02:30:13,0.02115500,0.49000000
2018-02-25 02:30:24,0.02115700,4.39000000
2018-02-25 02:30:24,0.02115800,0.98000000
2018-02-25 02:30:24,0.02116000,0.95000000
2018-02-25 02:30:28,0.02117000,0.49000000
2018-02-25 02:30:45,0.02115700,0.05000000
2018-02-25 02:30:45,0.02115700,0.19000000
2018-02-25 02:30:56,0.02115500,1.42000000
2018-02-25 02:31:00,0.02115500,5.14000000
2018-02-25 02:31:02,0.02115700,0.47000000
2018-02-25 02:31:04,0.02112900,1.50000000
2018-02-25 02:31:05,0.02115700,0.05000000
2018-02-25 02:31:28,0.02113200,0.07000000
2018-02-25 02:31:29,0.02113200,0.49000000
2018-02-25 02:31:38,0.02115000,12.90000000
2018-02-25 02:31:41,0.02113500,1.18000000
2018-02-25 02:31:43,0.02113500,4.15000000
2018-02-25 02:31:44,0.02113500,4.09000000
2018-02-25 02:31:46,0.02113500,0.11000000
2018-02-25 02:31:49,0.02113500,0.65000000
2018-02-25 02:31:51,0.02113300,0.22000000
2018-02-25 02:31:51,0.02113500,0.11000000
2018-02-25 02:31:56,0.02113500,0.11000000
2018-02-25 02:32:00,0.02113500,0.11000000
2018-02-25 02:32:05,0.02113500,6.44000000
2018-02-25 02:32:06,0.02115000,2.10000000
2018-02-25 02:32:11,0.02113500,0.19000000
2018-02-25 02:32:13,0.02114800,1.19000000
2018-02-25 02:32:14,0.02113300,0.05000000
2018-02-25 02:32:37,0.02113300,0.05000000
2018-02-25 02:32:42,0.02114700,0.24000000
2018-02-25 02:32:42,0.02115000,3.03000000
2018-02-25 02:32:42,0.02115000,5.12000000
2018-02-25 02:32:43,0.02115000,0.18000000
2018-02-25 02:32:44,0.02113300,0.47000000
2018-02-25 02:32:45,0.02115000,1.00000000
2018-02-25 02:32:45,0.02113300,0.82000000
2018-02-25 02:32:47,0.02113300,0.57000000
2018-02-25 02:32:51,0.02113300,0.01000000
2018-02-25 02:32:51,0.02113200,0.30000000
2018-02-25 02:32:51,0.02113500,1.00000000
2018-02-25 02:32:54,0.02115000,0.49000000
2018-02-25 02:32:56,0.02113300,0.23000000
2018-02-25 02:33:02,0.02113200,0.05000000
2018-02-25 02:33:08,0.02113300,0.40000000
2018-02-25 02:33:09,0.02113200,0.10000000
2018-02-25 02:33:09,0.02113200,1.20000000
2018-02-25 02:33:14,0.02113200,1.50000000
2018-02-25 02:33:14,0.02113200,1.95000000
2018-02-25 02:33:16,0.02113200,1.61000000
2018-02-25 02:33:17,0.02113200,0.93000000
2018-02-25 02:33:20,0.02113200,9.47000000
2018-02-25 02:33:30,0.02112900,0.40000000
2018-02-25 02:33:31,0.02112900,0.08000000
2018-02-25 02:33:33,0.02112900,0.49000000
2018-02-25 02:33:33,0.02112900,0.08000000
2018-02-25 02:33:35,0.02112900,2.95000000
2018-02-25 02:33:36,0.02113200,2.02000000
2018-02-25 02:33:36,0.02112900,0.47000000
2018-02-25 02:33:54,0.02115000,0.49000000
2018-02-25 02:33:55,0.02113100,0.41000000
2018-02-25 02:34:04,0.02113100,0.62000000
2018-02-25 02:34:15,0.02113200,0.85000000
2018-02-25 02:34:15,0.02113100,3.02000000
2018-02-25 02:34:18,0.02113100,9.19000000
2018-02-25 02:34:25,0.02113100,2.50000000
2018-02-25 02:34:27,0.02114800,0.06000000
2018-02-25 02:34:27,0.02114900,1.55000000
2018-02-25 02:34:30,0.02113100,14.49000000
2018-02-25 02:34:34,0.02112400,3.91000000
2018-02-25 02:34:38,0.02112400,6.58000000
2018-02-25 02:34:46,0.02112400,0.67000000
2018-02-25 02:34:47,0.02114800,0.59000000
2018-02-25 02:34:54,0.02112600,1.42000000
2018-02-25 02:34:54,0.02112600,0.59000000
2018-02-25 02:34:54,0.02112400,0.49000000
2018-02-25 02:34:56,0.02112600,1.18000000
2018-02-25 02:34:56,0.02112600,0.12000000
2018-02-25 02:34:58,0.02112600,0.94000000
2018-02-25 02:35:00,0.02112600,2.16000000
2018-02-25 02:35:04,0.02112600,0.17000000
2018-02-25 02:35:04,0.02112600,0.17000000
2018-02-25 02:35:05,0.02112600,0.05000000
2018-02-25 02:35:05,0.02112600,0.05000000
2018-02-25 02:35:06,0.02112600,0.11000000
2018-02-25 02:35:09,0.02112400,1.23000000
2018-02-25 02:35:12,0.02112400,0.48000000
2018-02-25 02:35:13,0.02112600,0.70000000
2018-02-25 02:35:16,0.02112500,0.53000000
2018-02-25 02:35:16,0.02112600,1.13000000
2018-02-25 02:35:20,0.02112600,3.26000000
2018-02-25 02:35:28,0.02112500,0.55000000
2018-02-25 02:35:28,0.02112600,0.51000000
2018-02-25 02:35:32,0.02112600,0.93000000
2018-02-25 02:35:34,0.02112600,0.28000000
2018-02-25 02:35:40,0.02112400,0.03000000
2018-02-25 02:35:44,0.02112400,0.01000000
2018-02-25 02:35:51,0.02112600,4.21000000
2018-02-25 02:35:55,0.02112600,0.52000000
2018-02-25 02:35:57,0.02112600,7.57000000
2018-02-25 02:36:02,0.02112400,2.00000000
2018-02-25 02:36:16,0.02114500,0.49000000
2018-02-25 02:36:16,0.02114500,1.17000000
2018-02-25 02:36:26,0.02114500,0.10000000
2018-02-25 02:36:26,0.02112600,0.36000000
2018-02-25 02:36:28,0.02114500,0.40000000
2018-02-25 02:36:29,0.02114500,0.75000000
2018-02-25 02:36:30,0.02114500,1.28000000
2018-02-25 02:36:31,0.02114500,6.15000000
2018-02-25 02:36:32,0.02114800,6.67000000
2018-02-25 02:36:41,0.02112600,1.49000000
2018-02-25 02:36:42,0.02112600,1.37000000
2018-02-25 02:36:42,0.02112600,0.01000000
2018-02-25 02:36:48,0.02114800,0.09000000
2018-02-25 02:36:59,0.02114800,1.03000000
2018-02-25 02:36:59,0.02114800,0.86000000
2018-02-25 02:37:01,0.02113000,0.12000000
2018-02-25 02:37:01,0.02112400,0.88000000
2018-02-25 02:37:04,0.02114000,0.49000000
2018-02-25 02:37:06,0.02114000,1.26000000
2018-02-25 02:37:06,0.02112600,0.23000000
2018-02-25 02:37:06,0.02112400,6.12000000
2018-02-25 02:37:07,0.02112400,0.47000000
2018-02-25 02:37:19,0.02112500,0.49000000
2018-02-25 02:37:21,0.02112500,0.47000000
2018-02-25 02:37:31,0.02114400,0.85000000
2018-02-25 02:37:38,0.02114300,0.67000000
2018-02-25 02:37:47,0.02114300,0.08000000
2018-02-25 02:37:47,0.02112500,0.79000000
2018-02-25 02:37:47,0.02112500,1.41000000
2018-02-25 02:37:47,0.02112500,1.41000000
2018-02-25 02:37:48,0.02112500,1.41000000
2018-02-25 02:37:48,0.02112500,0.48000000
2018-02-25 02:37:48,0.02112500,0.42000000
2018-02-25 02:37:48,0.02112500,0.01000000
2018-02-25 02:37:49,0.02114000,0.13000000
2018-02-25 02:37:49,0.02114300,0.01000000
2018-02-25 02:37:55,0.02114500,0.05000000
2018-02-25 02:37:58,0.02114500,0.01000000
2018-02-25 02:37:58,0.02114600,1.54000000
2018-02-25 02:37:59,0.02114300,1.00000000
2018-02-25 02:37:59,0.02114800,6.40000000
2018-02-25 02:38:02,0.02114300,0.49000000
2018-02-25 02:38:04,0.02114300,6.91000000
2018-02-25 02:38:04,0.02112400,192.38000000
2018-02-25 02:38:08,0.02112400,0.49000000
2018-02-25 02:38:14,0.02112500,6.10000000
2018-02-25 02:38:29,0.02112400,0.72000000
2018-02-25 02:38:36,0.02112400,0.47000000
2018-02-25 02:38:36,0.02111900,0.30000000
2018-02-25 02:38:38,0.02112400,0.71000000
2018-02-25 02:38:39,0.02111900,1.36000000
2018-02-25 02:38:42,0.02114400,0.47000000
2018-02-25 02:38:42,0.02114400,0.47000000
2018-02-25 02:38:43,0.02112400,0.11000000
2018-02-25 02:38:43,0.02112400,0.25000000
2018-02-25 02:38:43,0.02111900,0.40000000
2018-02-25 02:38:43,0.02111100,0.93000000
2018-02-25 02:38:43,0.02111000,1.66000000
2018-02-25 02:38:45,0.02111000,0.47000000
2018-02-25 02:38:45,0.02112400,0.65000000
2018-02-25 02:38:47,0.02114400,0.47000000
2018-02-25 02:38:48,0.02111200,7.07000000
2018-02-25 02:38:48,0.02111000,0.66000000
2018-02-25 02:38:48,0.02110500,0.56000000
2018-02-25 02:38:48,0.02110400,0.09000000
2018-02-25 02:38:48,0.02110100,0.24000000
2018-02-25 02:38:48,0.02109900,0.36000000
2018-02-25 02:38:48,0.02109700,0.07000000
2018-02-25 02:38:48,0.02109700,0.05000000
2018-02-25 02:38:49,0.02114200,0.11000000
2018-02-25 02:38:50,0.02111500,0.42000000
2018-02-25 02:38:52,0.02111900,0.14000000
2018-02-25 02:38:52,0.02111700,1.41000000
2018-02-25 02:38:52,0.02111700,1.41000000
2018-02-25 02:38:52,0.02111700,1.41000000
2018-02-25 02:38:52,0.02111700,1.41000000
2018-02-25 02:38:53,0.02111700,1.32000000
2018-02-25 02:38:53,0.02114100,2.50000000
2018-02-25 02:38:54,0.02112600,0.23000000
2018-02-25 02:38:57,0.02111300,0.24000000
2018-02-25 02:38:57,0.02110100,0.10000000
2018-02-25 02:38:57,0.02109900,0.10000000
2018-02-25 02:38:57,0.02109700,3.01000000
2018-02-25 02:38:58,0.02112500,0.47000000
2018-02-25 02:39:01,0.02112500,0.47000000
2018-02-25 02:39:04,0.02112500,1.27000000
2018-02-25 02:39:11,0.02112400,0.11000000
2018-02-25 02:39:30,0.02112100,0.47000000
2018-02-25 02:39:32,0.02112100,0.47000000
2018-02-25 02:39:37,0.02112000,0.47000000
2018-02-25 02:39:38,0.02110100,0.10000000
2018-02-25 02:39:42,0.02111800,2.50000000
2018-02-25 02:39:45,0.02111800,0.47000000
2018-02-25 02:39:45,0.02111800,0.47000000
2018-02-25 02:39:47,0.02110100,0.10000000
2018-02-25 02:39:48,0.02110100,4.12000000
2018-02-25 02:39:49,0.02110100,0.26000000
2018-02-25 02:39:53,0.02110100,0.87000000
2018-02-25 02:39:54,0.02110000,0.10000000
2018-02-25 02:39:56,0.02110000,0.05000000
2018-02-25 02:39:56,0.02110000,0.05000000
2018-02-25 02:39:56,0.02109900,0.10000000
2018-02-25 02:39:56,0.02109900,0.10000000
2018-02-25 02:39:58,0.02109700,1.01000000
2018-02-25 02:39:58,0.02108900,0.99000000
2018-02-25 02:40:01,0.02109800,47.38000000
2018-02-25 02:40:02,0.02109700,0.10000000
2018-02-25 02:40:02,0.02109800,13.71000000
2018-02-25 02:40:02,0.02108900,1.93000000
2018-02-25 02:40:05,0.02109800,0.84000000
2018-02-25 02:40:05,0.02109800,0.10000000
2018-02-25 02:40:08,0.02108900,2.00000000
2018-02-25 02:40:10,0.02109800,0.63000000
2018-02-25 02:40:10,0.02109800,0.10000000
2018-02-25 02:40:10,0.02109800,0.58000000
2018-02-25 02:40:11,0.02109800,0.10000000
2018-02-25 02:40:11,0.02109900,0.10000000
2018-02-25 02:40:11,0.02110100,0.76000000
2018-02-25 02:40:11,0.02110100,0.10000000
2018-02-25 02:40:13,0.02110100,0.11000000
2018-02-25 02:40:14,0.02110100,2.00000000
2018-02-25 02:40:17,0.02110100,0.18000000
2018-02-25 02:40:24,0.02110000,0.22000000
2018-02-25 02:40:24,0.02109900,0.10000000
2018-02-25 02:40:24,0.02108900,0.08000000
2018-02-25 02:40:26,0.02110100,2.72000000
2018-02-25 02:40:26,0.02110100,0.10000000
2018-02-25 02:40:36,0.02110100,1.36000000
2018-02-25 02:40:42,0.02110100,0.28000000
2018-02-25 02:40:46,0.02110000,6.95000000
2018-02-25 02:40:46,0.02110100,0.69000000
2018-02-25 02:40:46,0.02110100,0.10000000
2018-02-25 02:40:46,0.02110100,0.05000000
2018-02-25 02:40:47,0.02110100,0.05000000
2018-02-25 02:40:47,0.02110100,0.11000000
2018-02-25 02:40:50,0.02110100,0.47000000
2018-02-25 02:40:53,0.02110100,0.14000000
2018-02-25 02:40:59,0.02110100,2.25000000
2018-02-25 02:41:03,0.02110100,0.49000000
2018-02-25 02:41:04,0.02110100,0.08000000
2018-02-25 02:41:06,0.02110100,0.20000000
2018-02-25 02:41:06,0.02110100,0.10000000
2018-02-25 02:41:10,0.02110000,0.17000000
2018-02-25 02:41:11,0.02110100,0.15000000
2018-02-25 02:41:12,0.02110100,0.10000000
2018-02-25 02:41:20,0.02110000,1.94000000
2018-02-25 02:41:20,0.02110000,2.30000000
2018-02-25 02:41:20,0.02110000,1.42000000
2018-02-25 02:41:20,0.02110000,0.35000000
2018-02-25 02:41:20,0.02110000,8.44000000
2018-02-25 02:41:21,0.02110000,1.79000000
2018-02-25 02:41:24,0.02110000,0.49000000
2018-02-25 02:41:29,0.02110000,0.31000000
2018-02-25 02:41:29,0.02110100,0.78000000
2018-02-25 02:41:29,0.02110100,0.10000000
2018-02-25 02:41:31,0.02110100,0.47000000
2018-02-25 02:41:33,0.02110100,0.47000000
2018-02-25 02:41:34,0.02110100,0.27000000
2018-02-25 02:41:34,0.02110100,1.02000000
2018-02-25 02:41:35,0.02110000,1.42000000
2018-02-25 02:41:35,0.02110000,1.23000000
2018-02-25 02:41:38,0.02110000,0.52000000
2018-02-25 02:41:38,0.02109900,0.10000000
2018-02-25 02:41:39,0.02109900,0.10000000
2018-02-25 02:41:51,0.02108900,10.42000000
2018-02-25 02:41:54,0.02109900,1.97000000
2018-02-25 02:41:54,0.02109900,0.01000000
2018-02-25 02:41:55,0.02110000,0.46000000
2018-02-25 02:41:55,0.02110100,15.85000000
2018-02-25 02:41:55,0.02110100,0.10000000
2018-02-25 02:41:56,0.02110100,18.82000000
2018-02-25 02:42:00,0.02110000,0.10000000
2018-02-25 02:42:00,0.02109900,0.09000000
2018-02-25 02:42:01,0.02109400,0.10000000
2018-02-25 02:42:01,0.02109400,0.10000000
2018-02-25 02:42:01,0.02109400,0.10000000
2018-02-25 02:42:04,0.02108900,0.49000000
2018-02-25 02:42:07,0.02110100,0.55000000
2018-02-25 02:42:07,0.02110100,0.10000000
2018-02-25 02:42:10,0.02110100,0.49000000
2018-02-25 02:42:11,0.02110100,0.84000000
2018-02-25 02:42:14,0.02110100,0.30000000
2018-02-25 02:42:25,0.02110100,0.49000000
2018-02-25 02:42:26,0.02108900,4.29000000
2018-02-25 02:42:27,0.02108900,0.10000000
2018-02-25 02:42:29,0.02110100,2.87000000
2018-02-25 02:42:29,0.02110100,0.10000000
2018-02-25 02:42:39,0.02110100,0.56000000
2018-02-25 02:42:45,0.02108300,2.41000000
2018-02-25 02:42:49,0.02108300,0.11000000
2018-02-25 02:42:50,0.02108300,0.75000000
2018-02-25 02:42:51,0.02108300,0.10000000
2018-02-25 02:43:00,0.02108300,1.17000000
2018-02-25 02:43:01,0.02108600,0.70000000
2018-02-25 02:43:01,0.02110000,0.47000000
2018-02-25 02:43:01,0.02110000,0.10000000
2018-02-25 02:43:02,0.02108600,0.03000000
2018-02-25 02:43:03,0.02108600,0.08000000
2018-02-25 02:43:03,0.02108600,0.63000000
2018-02-25 02:43:04,0.02108600,1.16000000
2018-02-25 02:43:07,0.02108800,0.32000000
2018-02-25 02:43:07,0.02108800,0.08000000
2018-02-25 02:43:07,0.02108800,1.50000000
2018-02-25 02:43:07,0.02108300,4.91000000
2018-02-25 02:43:08,0.02108300,18.83000000
2018-02-25 02:43:10,0.02108300,0.11000000
2018-02-25 02:43:11,0.02108300,0.08000000
2018-02-25 02:43:13,0.02108300,0.28000000
2018-02-25 02:43:14,0.02108300,0.40000000
2018-02-25 02:43:14,0.02108300,0.11000000
2018-02-25 02:43:16,0.02108300,37.45000000
2018-02-25 02:43:27,0.02108600,0.17000000
2018-02-25 02:43:28,0.02108600,0.11000000
2018-02-25 02:43:28,0.02107000,0.16000000
2018-02-25 02:43:28,0.02107000,0.10000000
2018-02-25 02:43:29,0.02107000,0.47000000
2018-02-25 02:43:30,0.02107000,0.09000000
2018-02-25 02:43:32,0.02107000,0.47000000
2018-02-25 02:43:34,0.02107000,1.19000000
2018-02-25 02:43:35,0.02106400,0.09000000
2018-02-25 02:43:35,0.02107000,0.01000000
2018-02-25 02:43:35,0.02110000,2.54000000
2018-02-25 02:43:36,0.02110000,0.10000000
2018-02-25 02:43:38,0.02110000,0.05000000
2018-02-25 02:43:39,0.02110000,0.47000000
2018-02-25 02:43:40,0.02107000,0.10000000
2018-02-25 02:43:40,0.02110000,0.14000000
2018-02-25 02:43:40,0.02110000,0.10000000
2018-02-25 02:43:40,0.02110000,0.14000000
2018-02-25 02:43:40,0.02110000,0.24000000
2018-02-25 02:43:41,0.02110000,0.12000000
2018-02-25 02:43:41,0.02110000,0.36000000
2018-02-25 02:43:42,0.02110000,0.43000000
2018-02-25 02:43:42,0.02110000,0.14000000
2018-02-25 02:43:42,0.02110000,0.71000000
2018-02-25 02:43:44,0.02110000,0.14000000
2018-02-25 02:43:51,0.02109900,0.17000000
2018-02-25 02:43:51,0.02109900,0.10000000
2018-02-25 02:43:58,0.02109700,1.19000000
2018-02-25 02:43:58,0.02109700,0.10000000
2018-02-25 02:43:58,0.02109700,0.18000000
2018-02-25 02:43:59,0.02107000,0.10000000
2018-02-25 02:43:59,0.02106700,0.27000000
2018-02-25 02:43:59,0.02106600,0.12000000
2018-02-25 02:44:00,0.02109700,0.30000000
2018-02-25 02:44:00,0.02109700,0.10000000
2018-02-25 02:44:03,0.02107000,0.10000000
2018-02-25 02:44:03,0.02106700,1.87000000
2018-02-25 02:44:03,0.02106600,2.97000000
2018-02-25 02:44:05,0.02109600,0.09000000
2018-02-25 02:44:05,0.02109600,0.10000000
2018-02-25 02:44:08,0.02107000,0.10000000
2018-02-25 02:44:08,0.02106700,0.10000000
2018-02-25 02:44:08,0.02106600,0.10000000
2018-02-25 02:44:08,0.02106600,0.10000000
2018-02-25 02:44:08,0.02106600,0.10000000
2018-02-25 02:44:08,0.02106600,0.10000000
2018-02-25 02:44:11,0.02106600,0.06000000
2018-02-25 02:44:14,0.02106600,4.04000000
2018-02-25 02:44:16,0.02106600,0.10000000
2018-02-25 02:44:23,0.02106600,2.17000000
2018-02-25 02:44:23,0.02106600,0.11000000
2018-02-25 02:44:23,0.02106400,2.20000000
2018-02-25 02:44:25,0.02109600,0.24000000
2018-02-25 02:44:25,0.02110000,3.23000000
2018-02-25 02:44:25,0.02110100,1.78000000
2018-02-25 02:44:28,0.02106600,7.08000000
2018-02-25 02:44:28,0.02106400,1.58000000
2018-02-25 02:44:28,0.02106100,0.25000000
2018-02-25 02:44:28,0.02105900,1.73000000
2018-02-25 02:44:36,0.02106600,0.10000000
2018-02-25 02:44:38,0.02106600,0.10000000
2018-02-25 02:44:38,0.02106400,0.10000000
2018-02-25 02:44:38,0.02106400,0.10000000
2018-02-25 02:44:38,0.02106100,0.10000000
2018-02-25 02:44:38,0.02106100,0.10000000
2018-02-25 02:44:40,0.02109600,0.71000000
2018-02-25 02:44:41,0.02105900,1.22000000
2018-02-25 02:44:41,0.02105300,0.10000000
2018-02-25 02:44:41,0.02105200,0.10000000
2018-02-25 02:44:41,0.02105000,0.64000000
2018-02-25 02:44:43,0.02107100,0.47000000
2018-02-25 02:44:43,0.02107100,0.10000000
2018-02-25 02:44:47,0.02105900,0.10000000
2018-02-25 02:44:47,0.02105900,0.10000000
2018-02-25 02:44:50,0.02105600,5.60000000
2018-02-25 02:44:50,0.02105800,0.64000000
2018-02-25 02:44:51,0.02107300,0.05000000
2018-02-25 02:44:51,0.02107300,0.05000000
2018-02-25 02:44:53,0.02107300,0.05000000
2018-02-25 02:44:53,0.02109900,0.17000000
2018-02-25 02:45:05,0.02107300,1.19000000
2018-02-25 02:45:06,0.02106000,0.05000000
2018-02-25 02:45:06,0.02106000,0.10000000
2018-02-25 02:45:06,0.02105900,0.66000000
2018-02-25 02:45:06,0.02105900,5.00000000
2018-02-25 02:45:08,0.02105900,0.10000000
2018-02-25 02:45:08,0.02105800,1.12000000
2018-02-25 02:45:08,0.02105800,0.01000000
2018-02-25 02:45:11,0.02105800,0.10000000
2018-02-25 02:45:13,0.02107300,0.08000000
2018-02-25 02:45:13,0.02107300,0.10000000
2018-02-25 02:45:15,0.02105800,1.45000000
2018-02-25 02:45:19,0.02107100,0.47000000
2018-02-25 02:45:19,0.02107100,0.10000000
2018-02-25 02:45:22,0.02105800,2.75000000
2018-02-25 02:45:26,0.02107000,3.52000000
2018-02-25 02:45:26,0.02107000,0.11000000
2018-02-25 02:45:29,0.02105800,0.56000000
2018-02-25 02:45:30,0.02107200,0.92000000
2018-02-25 02:45:30,0.02107200,0.10000000
2018-02-25 02:45:33,0.02107200,0.10000000
2018-02-25 02:45:37,0.02107200,0.54000000
2018-02-25 02:45:42,0.02107300,1.00000000
2018-02-25 02:45:42,0.02107300,0.10000000
2018-02-25 02:45:42,0.02107100,0.11000000
2018-02-25 02:45:43,0.02107100,0.10000000
2018-02-25 02:45:43,0.02105800,1.01000000
2018-02-25 02:45:45,0.02107300,0.06000000
2018-02-25 02:45:45,0.02107300,0.10000000
2018-02-25 02:45:49,0.02107300,0.05000000
2018-02-25 02:45:56,0.02107200,0.11000000
2018-02-25 02:45:58,0.02107200,1.99000000
2018-02-25 02:46:00,0.02107200,1.00000000
2018-02-25 02:46:02,0.02105800,0.68000000
2018-02-25 02:46:04,0.02105800,0.21000000
2018-02-25 02:46:04,0.02107200,0.07000000
2018-02-25 02:46:04,0.02107200,0.10000000
2018-02-25 02:46:08,0.02107200,1.02000000
2018-02-25 02:46:08,0.02107200,0.09000000
2018-02-25 02:46:09,0.02107100,0.09000000
2018-02-25 02:46:09,0.02107100,0.10000000
2018-02-25 02:46:09,0.02107100,0.05000000
2018-02-25 02:46:09,0.02107200,0.01000000
2018-02-25 02:46:09,0.02107200,0.10000000
2018-02-25 02:46:11,0.02107200,0.22000000
2018-02-25 02:46:11,0.02107200,0.07000000
2018-02-25 02:46:11,0.02107200,0.15000000
2018-02-25 02:46:11,0.02107200,0.17000000
2018-02-25 02:46:16,0.02107200,0.10000000
2018-02-25 02:46:16,0.02107200,1.08000000
2018-02-25 02:46:16,0.02105800,0.31000000
2018-02-25 02:46:16,0.02105200,0.10000000
2018-02-25 02:46:16,0.02104900,1.36000000
2018-02-25 02:46:16,0.02104800,0.15000000
2018-02-25 02:46:16,0.02104800,0.05000000
2018-02-25 02:46:16,0.02104800,1.16000000
2018-02-25 02:46:18,0.02107300,0.15000000
2018-02-25 02:46:18,0.02107300,0.10000000
2018-02-25 02:46:28,0.02107300,0.19000000
2018-02-25 02:46:30,0.02107300,0.19000000
2018-02-25 02:46:33,0.02107300,1.00000000
2018-02-25 02:46:34,0.02106100,4.00000000
2018-02-25 02:46:34,0.02106100,0.10000000
2018-02-25 02:46:34,0.02106000,3.55000000
2018-02-25 02:46:35,0.02106000,0.10000000
2018-02-25 02:46:35,0.02107300,1.00000000
2018-02-25 02:46:35,0.02107300,0.10000000
2018-02-25 02:46:36,0.02106000,0.61000000
2018-02-25 02:46:37,0.02107300,0.20000000
2018-02-25 02:46:37,0.02107300,0.10000000
2018-02-25 02:46:42,0.02107300,0.03000000
2018-02-25 02:46:43,0.02107300,0.06000000
2018-02-25 02:46:43,0.02106200,0.09000000
2018-02-25 02:46:43,0.02106200,1.42000000
2018-02-25 02:46:43,0.02106200,1.42000000
2018-02-25 02:46:43,0.02106200,1.89000000
2018-02-25 02:46:44,0.02106200,1.42000000
2018-02-25 02:46:44,0.02106200,0.95000000
2018-02-25 02:46:44,0.02106100,1.42000000
2018-02-25 02:46:44,0.02106100,1.42000000
2018-02-25 02:46:44,0.02106100,0.26000000
2018-02-25 02:46:44,0.02106000,1.42000000
2018-02-25 02:46:44,0.02106000,1.42000000
2018-02-25 02:46:45,0.02106000,6.40000000
2018-02-25 02:46:47,0.02106000,15.75000000
2018-02-25 02:46:48,0.02107300,0.10000000
2018-02-25 02:46:48,0.02107200,0.10000000
2018-02-25 02:46:48,0.02107000,0.10000000
2018-02-25 02:46:49,0.02107000,0.10000000
2018-02-25 02:46:49,0.02107000,6.89000000
2018-02-25 02:46:49,0.02107200,0.79000000
2018-02-25 02:46:49,0.02110100,0.13000000
2018-02-25 02:46:49,0.02110200,0.47000000
2018-02-25 02:46:49,0.02110700,1.12000000
2018-02-25 02:46:54,0.02110700,0.06000000
2018-02-25 02:46:56,0.02110500,0.75000000
2018-02-25 02:46:57,0.02110500,0.13000000
2018-02-25 02:46:58,0.02110500,0.05000000
2018-02-25 02:46:58,0.02110600,0.11000000
2018-02-25 02:47:01,0.02110400,2.02000000
2018-02-25 02:47:12,0.02107200,0.10000000
2018-02-25 02:47:18,0.02107200,0.15000000
2018-02-25 02:47:18,0.02110400,4.49000000
2018-02-25 02:47:18,0.02110700,1.89000000
2018-02-25 02:47:18,0.02110700,0.46000000
2018-02-25 02:47:18,0.02110700,0.45000000
2018-02-25 02:47:18,0.02110700,8.37000000
2018-02-25 02:47:18,0.02110700,5.81000000
2018-02-25 02:47:18,0.02110700,40.14000000
2018-02-25 02:47:18,0.02110700,20.07000000
2018-02-25 02:47:18,0.02110700,0.41000000
2018-02-25 02:47:19,0.02110700,0.45000000
2018-02-25 02:47:19,0.02110700,4.30000000
2018-02-25 02:47:19,0.02110700,2.38000000
2018-02-25 02:47:19,0.02110700,1.00000000
2018-02-25 02:47:20,0.02110700,8.13000000
2018-02-25 02:47:20,0.02110700,8.14000000
2018-02-25 02:47:20,0.02106700,8.13000000
2018-02-25 02:47:20,0.02107000,0.47000000
2018-02-25 02:47:20,0.02107000,0.23000000
2018-02-25 02:47:21,0.02107600,3.32000000
2018-02-25 02:47:23,0.02108600,4.02000000
2018-02-25 02:47:23,0.02108800,0.35000000
2018-02-25 02:47:23,0.02110400,3.23000000
2018-02-25 02:47:27,0.02107900,0.15000000
2018-02-25 02:47:31,0.02110300,0.15000000
2018-02-25 02:47:31,0.02110500,0.23000000
2018-02-25 02:47:31,0.02111000,0.11000000
2018-02-25 02:47:31,0.02107900,0.10000000
2018-02-25 02:47:31,0.02107900,3.77000000
2018-02-25 02:47:33,0.02107700,0.11000000
2018-02-25 02:47:33,0.02107700,0.46000000
2018-02-25 02:47:34,0.02107600,0.10000000
2018-02-25 02:47:34,0.02107000,0.10000000
2018-02-25 02:47:34,0.02106700,0.03000000
2018-02-25 02:47:35,0.02107600,0.10000000
2018-02-25 02:47:35,0.02107600,0.01000000
2018-02-25 02:47:36,0.02107600,0.09000000
2018-02-25 02:47:36,0.02107000,0.10000000
2018-02-25 02:47:36,0.02106700,0.29000000
2018-02-25 02:47:36,0.02107700,0.09000000
2018-02-25 02:47:36,0.02107700,0.10000000
2018-02-25 02:47:37,0.02107700,0.14000000
2018-02-25 02:47:37,0.02107000,0.10000000
2018-02-25 02:47:37,0.02106700,4.43000000
2018-02-25 02:47:37,0.02107000,0.10000000
2018-02-25 02:47:37,0.02106700,0.23000000
2018-02-25 02:47:37,0.02107000,0.01000000
2018-02-25 02:47:38,0.02107000,0.19000000
2018-02-25 02:47:38,0.02106700,3.35000000
2018-02-25 02:47:38,0.02106700,0.10000000
2018-02-25 02:47:38,0.02106700,0.23000000
2018-02-25 02:47:38,0.02106700,3.30000000
2018-02-25 02:47:38,0.02106700,1.75000000
2018-02-25 02:47:39,0.02105800,0.10000000
2018-02-25 02:47:39,0.02105200,0.13000000
2018-02-25 02:47:39,0.02105200,0.07000000
2018-02-25 02:47:39,0.02106500,0.27000000
2018-02-25 02:47:39,0.02106500,0.10000000
2018-02-25 02:47:39,0.02105800,0.10000000
2018-02-25 02:47:39,0.02105200,0.10000000
2018-02-25 02:47:39,0.02104900,0.03000000
2018-02-25 02:47:39,0.02105800,0.10000000
2018-02-25 02:47:39,0.02104900,0.03000000
2018-02-25 02:47:39,0.02106500,0.34000000
2018-02-25 02:47:40,0.02106500,0.10000000
2018-02-25 02:47:40,0.02105800,0.10000000
2018-02-25 02:47:40,0.02106500,0.42000000
2018-02-25 02:47:40,0.02106500,0.10000000
2018-02-25 02:47:40,0.02105800,0.10000000
2018-02-25 02:47:41,0.02106500,0.64000000
2018-02-25 02:47:41,0.02106500,0.10000000
2018-02-25 02:47:42,0.02105800,0.10000000
2018-02-25 02:47:42,0.02105800,0.10000000
2018-02-25 02:47:43,0.02105200,0.10000000
2018-02-25 02:47:43,0.02105800,0.05000000
2018-02-25 02:47:43,0.02106500,0.09000000
2018-02-25 02:47:43,0.02106500,0.10000000
2018-02-25 02:47:43,0.02106500,0.10000000
2018-02-25 02:47:44,0.02105800,0.10000000
2018-02-25 02:47:44,0.02106500,0.61000000
2018-02-25 02:47:44,0.02106500,0.01000000
2018-02-25 02:47:45,0.02106500,0.09000000
2018-02-25 02:47:45,0.02105800,0.01000000
2018-02-25 02:47:45,0.02105800,0.19000000
2018-02-25 02:47:46,0.02105200,0.10000000
2018-02-25 02:47:48,0.02105200,0.10000000
2018-02-25 02:47:58,0.02105000,0.63000000
2018-02-25 02:47:58,0.02105000,0.10000000
2018-02-25 02:48:03,0.02104900,0.15000000
2018-02-25 02:48:03,0.02104900,0.19000000
2018-02-25 02:48:03,0.02104800,1.79000000
2018-02-25 02:48:03,0.02104800,0.10000000
2018-02-25 02:48:12,0.02104700,0.29000000
2018-02-25 02:48:12,0.02104500,12.71000000
2018-02-25 02:48:18,0.02104700,0.10000000
2018-02-25 02:48:18,0.02104600,0.07000000
2018-02-25 02:48:26,0.02104700,0.10000000
2018-02-25 02:48:26,0.02104600,2.40000000
2018-02-25 02:48:26,0.02104600,3.54000000
2018-02-25 02:48:26,0.02104500,1.26000000
2018-02-25 02:48:27,0.02104700,0.10000000
2018-02-25 02:48:27,0.02104600,0.10000000
2018-02-25 02:48:27,0.02104500,7.10000000
2018-02-25 02:48:27,0.02104700,0.10000000
2018-02-25 02:48:27,0.02104600,0.10000000
2018-02-25 02:48:27,0.02104500,7.10000000
2018-02-25 02:48:27,0.02104700,0.10000000
2018-02-25 02:48:27,0.02104600,0.10000000
2018-02-25 02:48:27,0.02104500,5.17000000
2018-02-25 02:48:28,0.02104700,0.10000000
2018-02-25 02:48:29,0.02104700,0.10000000
2018-02-25 02:48:29,0.02104600,0.10000000
2018-02-25 02:48:29,0.02104600,0.10000000
2018-02-25 02:48:30,0.02104600,0.47000000
2018-02-25 02:48:32,0.02104600,1.58000000
2018-02-25 02:48:32,0.02104500,7.94000000
2018-02-25 02:48:33,0.02104500,4.48000000
2018-02-25 02:48:34,0.02104500,4.48000000
2018-02-25 02:48:34,0.02104500,3.81000000
2018-02-25 02:48:35,0.02104300,0.10000000
2018-02-25 02:48:37,0.02104500,0.83000000
2018-02-25 02:48:37,0.02104500,0.10000000
2018-02-25 02:48:40,0.02104500,0.04000000
2018-02-25 02:48:42,0.02104700,0.23000000
2018-02-25 02:48:44,0.02106800,0.12000000
2018-02-25 02:48:44,0.02106800,0.10000000
2018-02-25 02:48:44,0.02106800,0.90000000
2018-02-25 02:48:45,0.02104900,0.58000000
2018-02-25 02:48:45,0.02104700,0.33000000
2018-02-25 02:48:45,0.02104300,0.83000000
2018-02-25 02:48:45,0.02104100,0.08000000
2018-02-25 02:48:45,0.02103600,0.80000000
2018-02-25 02:48:45,0.02103400,0.96000000
2018-02-25 02:48:45,0.02103300,0.94000000
2018-02-25 02:48:46,0.02104900,0.10000000
2018-02-25 02:48:46,0.02104700,0.10000000
2018-02-25 02:48:46,0.02104300,0.10000000
2018-02-25 02:48:46,0.02104100,0.10000000
2018-02-25 02:48:46,0.02103300,0.02000000
2018-02-25 02:48:46,0.02103200,0.05000000
2018-02-25 02:48:46,0.02103100,0.10000000
2018-02-25 02:48:46,0.02102800,1.01000000
2018-02-25 02:48:46,0.02102600,0.05000000
2018-02-25 02:48:46,0.02102400,0.13000000
2018-02-25 02:48:46,0.02102000,0.86000000
2018-02-25 02:48:46,0.02104300,0.50000000
2018-02-25 02:48:48,0.02105200,0.10000000
2018-02-25 02:48:51,0.02106700,0.11000000
2018-02-25 02:48:51,0.02106700,0.10000000
2018-02-25 02:48:55,0.02105200,0.10000000
2018-02-25 02:48:55,0.02104900,0.10000000
2018-02-25 02:48:55,0.02104700,0.10000000
2018-02-25 02:48:55,0.02104600,1.27000000
2018-02-25 02:48:55,0.02104400,0.50000000
2018-02-25 02:48:55,0.02104300,0.20000000
2018-02-25 02:48:55,0.02104100,0.10000000
2018-02-25 02:48:55,0.02103600,0.10000000
2018-02-25 02:48:55,0.02103400,0.10000000
2018-02-25 02:48:55,0.02103300,0.20000000
2018-02-25 02:48:55,0.02103200,0.10000000
2018-02-25 02:48:55,0.02103100,0.10000000
2018-02-25 02:48:55,0.02103000,1.42000000
2018-02-25 02:48:55,0.02103000,1.42000000
2018-02-25 02:48:55,0.02103000,0.68000000
2018-02-25 02:48:55,0.02103000,1.42000000
2018-02-25 02:48:55,0.02103000,8.11000000
2018-02-25 02:48:55,0.02103000,3.24000000
2018-02-25 02:48:55,0.02103000,0.87000000
2018-02-25 02:48:55,0.02103000,1.14000000
2018-02-25 02:48:55,0.02103000,0.10000000
2018-02-25 02:48:55,0.02103000,0.09000000
2018-02-25 02:48:55,0.02103000,1.42000000
2018-02-25 02:48:55,0.02103000,0.10000000
2018-02-25 02:48:55,0.02103000,0.15000000
2018-02-25 02:48:55,0.02103000,1.42000000
2018-02-25 02:48:55,0.02103000,1.42000000
2018-02-25 02:48:55,0.02103000,0.10000000
2018-02-25 02:48:55,0.02103000,5.21000000
2018-02-25 02:48:56,0.02104600,0.10000000
2018-02-25 02:48:56,0.02104400,0.10000000
2018-02-25 02:48:56,0.02104300,0.10000000
2018-02-25 02:48:56,0.02104100,0.10000000
2018-02-25 02:48:56,0.02103600,0.10000000
2018-02-25 02:48:56,0.02103400,0.10000000
2018-02-25 02:48:56,0.02103300,0.10000000
2018-02-25 02:48:56,0.02103100,0.75000000
2018-02-25 02:48:56,0.02105200,0.10000000
2018-02-25 02:49:07,0.02105200,0.10000000
2018-02-25 02:49:08,0.02105200,0.05000000
2018-02-25 02:49:08,0.02105200,0.05000000
2018-02-25 02:49:10,0.02105200,0.10000000
2018-02-25 02:49:11,0.02105200,0.13000000
2018-02-25 02:49:12,0.02105200,0.11000000
2018-02-25 02:49:16,0.02105200,0.11000000
2018-02-25 02:49:20,0.02105100,0.22000000
2018-02-25 02:49:20,0.02105200,2.62000000
2018-02-25 02:49:22,0.02105700,0.48000000
2018-02-25 02:49:22,0.02105700,0.01000000
2018-02-25 02:49:22,0.02105900,4.41000000
2018-02-25 02:49:23,0.02106000,18.76000000
2018-02-25 02:49:23,0.02106000,0.10000000
2018-02-25 02:49:26,0.02106000,1.13000000
2018-02-25 02:49:32,0.02106000,0.01000000
2018-02-25 02:49:32,0.02106800,0.46000000
2018-02-25 02:49:33,0.02106800,0.61000000
2018-02-25 02:49:33,0.02105900,0.10000000
2018-02-25 02:49:34,0.02105900,0.72000000
2018-02-25 02:49:34,0.02105900,0.11000000
2018-02-25 02:49:35,0.02105900,0.07000000
2018-02-25 02:49:35,0.02106800,0.40000000
2018-02-25 02:49:36,0.02106800,0.47000000
2018-02-25 02:49:37,0.02105700,0.09000000
2018-02-25 02:49:37,0.02105200,0.18000000
2018-02-25 02:49:37,0.02105200,0.10000000
2018-02-25 02:49:38,0.02105200,1.69000000
2018-02-25 02:49:46,0.02105100,0.57000000
2018-02-25 02:49:46,0.02104600,0.10000000
2018-02-25 02:49:46,0.02104400,0.10000000
2018-02-25 02:49:46,0.02104300,0.10000000
2018-02-25 02:49:46,0.02104300,1.42000000
2018-02-25 02:49:46,0.02104300,0.10000000
2018-02-25 02:49:46,0.02104300,1.42000000
2018-02-25 02:49:46,0.02104300,0.10000000
2018-02-25 02:49:46,0.02104300,0.55000000
2018-02-25 02:49:46,0.02104300,0.10000000
2018-02-25 02:49:46,0.02104300,0.10000000
2018-02-25 02:49:47,0.02104300,0.21000000
2018-02-25 02:49:52,0.02104200,0.09000000
2018-02-25 02:49:52,0.02104200,0.10000000
2018-02-25 02:49:52,0.02104200,0.14000000
2018-02-25 02:49:54,0.02104300,47.51000000
2018-02-25 02:49:54,0.02104300,0.10000000
2018-02-25 02:49:55,0.02104300,0.05000000
2018-02-25 02:49:55,0.02104100,0.10000000
2018-02-25 02:49:55,0.02103600,0.10000000
2018-02-25 02:49:55,0.02103400,0.10000000
2018-02-25 02:49:55,0.02103300,0.10000000
2018-02-25 02:49:55,0.02103200,0.10000000
2018-02-25 02:49:55,0.02103100,0.01000000
2018-02-25 02:49:56,0.02104300,47.51000000
2018-02-25 02:49:56,0.02104300,0.10000000
2018-02-25 02:49:58,0.02104300,43.72000000
2018-02-25 02:50:06,0.02105200,2.00000000
2018-02-25 02:50:06,0.02105200,0.10000000
2018-02-25 02:50:06,0.02104100,0.10000000
2018-02-25 02:50:06,0.02103600,0.10000000
2018-02-25 02:50:06,0.02103400,0.10000000
2018-02-25 02:50:06,0.02103300,0.10000000
2018-02-25 02:50:06,0.02103200,0.10000000
2018-02-25 02:50:06,0.02103100,0.20000000
2018-02-25 02:50:06,0.02102200,4.41000000
2018-02-25 02:50:06,0.02102000,0.11000000
2018-02-25 02:50:08,0.02105200,1.02000000
2018-02-25 02:50:11,0.02105200,0.10000000
2018-02-25 02:50:11,0.02104100,0.10000000
2018-02-25 02:50:11,0.02103600,0.10000000
2018-02-25 02:50:11,0.02103400,0.10000000
2018-02-25 02:50:11,0.02103300,0.09000000
2018-02-25 02:50:11,0.02106700,4.43000000
2018-02-25 02:50:11,0.02106800,20.57000000
2018-02-25 02:50:13,0.02104100,0.10000000
2018-02-25 02:50:13,0.02103900,4.43000000
2018-02-25 02:50:13,0.02103600,0.10000000
2018-02-25 02:50:13,0.02103400,0.24000000
2018-02-25 02:50:14,0.02106800,0.24000000
2018-02-25 02:50:25,0.02106700,1.06000000
2018-02-25 02:50:39,0.02104100,0.10000000
2018-02-25 02:50:39,0.02103900,0.10000000
2018-02-25 02:50:39,0.02103600,0.10000000
2018-02-25 02:50:39,0.02103400,0.20000000
2018-02-25 02:50:39,0.02103300,0.11000000
2018-02-25 02:50:39,0.02103200,0.10000000
2018-02-25 02:50:39,0.02103100,0.20000000
2018-02-25 02:50:39,0.02102200,1.16000000
2018-02-25 02:50:39,0.02102000,3.17000000
2018-02-25 02:50:41,0.02105200,0.10000000
2018-02-25 02:50:42,0.02106600,0.21000000
2018-02-25 02:50:42,0.02106700,0.18000000
2018-02-25 02:50:43,0.02105200,0.10000000
2018-02-25 02:50:43,0.02104300,0.12000000
2018-02-25 02:50:43,0.02104300,0.10000000
2018-02-25 02:50:44,0.02104300,0.05000000
2018-02-25 02:50:45,0.02106700,0.47000000
2018-02-25 02:50:46,0.02106700,0.12000000
2018-02-25 02:50:46,0.02106700,0.86000000
2018-02-25 02:50:46,0.02106700,1.42000000
2018-02-25 02:50:46,0.02106700,1.38000000
2018-02-25 02:50:47,0.02106800,4.32000000
2018-02-25 02:50:47,0.02106800,4.33000000
2018-02-25 02:50:51,0.02106800,0.05000000
2018-02-25 02:50:51,0.02106800,0.11000000
2018-02-25 02:50:55,0.02106800,0.11000000
2018-02-25 02:50:55,0.02106800,0.36000000
2018-02-25 02:50:57,0.02106800,6.63000000
2018-02-25 02:50:59,0.02106800,0.11000000
2018-02-25 02:51:01,0.02106500,0.17000000
2018-02-25 02:51:02,0.02106800,0.94000000
2018-02-25 02:51:02,0.02106800,0.11000000
2018-02-25 02:51:05,0.02106800,0.17000000
2018-02-25 02:51:05,0.02107000,0.32000000
2018-02-25 02:51:08,0.02107000,0.11000000
2018-02-25 02:51:12,0.02107000,4.36000000
2018-02-25 02:51:12,0.02107300,0.10000000
2018-02-25 02:51:12,0.02107600,0.24000000
2018-02-25 02:51:12,0.02107900,0.13000000
2018-02-25 02:51:12,0.02107900,0.02000000
2018-02-25 02:51:12,0.02108400,0.45000000
2018-02-25 02:51:18,0.02106800,0.23000000
2018-02-25 02:51:18,0.02106800,0.01000000
2018-02-25 02:51:20,0.02109900,0.10000000
2018-02-25 02:51:20,0.02107000,0.49000000
2018-02-25 02:51:22,0.02107000,0.51000000
2018-02-25 02:51:24,0.02107000,0.12000000
2018-02-25 02:51:24,0.02106800,0.49000000
2018-02-25 02:51:24,0.02105300,0.34000000
2018-02-25 02:51:26,0.02106900,0.10000000
2018-02-25 02:51:26,0.02106900,0.23000000
2018-02-25 02:51:28,0.02106900,0.01000000
2018-02-25 02:51:28,0.02110000,1.19000000
2018-02-25 02:51:28,0.02105200,0.10000000
2018-02-25 02:51:34,0.02107300,0.07000000
2018-02-25 02:51:37,0.02105100,0.71000000
2018-02-25 02:51:38,0.02107300,0.03000000
2018-02-25 02:51:39,0.02109900,0.65000000
2018-02-25 02:51:39,0.02109900,0.06000000
2018-02-25 02:51:39,0.02110000,0.41000000
2018-02-25 02:51:40,0.02107300,0.15000000
2018-02-25 02:51:40,0.02107300,0.16000000
2018-02-25 02:51:40,0.02107000,0.15000000
2018-02-25 02:51:40,0.02107000,0.11000000
2018-02-25 02:51:40,0.02107000,0.06000000
2018-02-25 02:51:40,0.02107000,0.51000000
2018-02-25 02:51:40,0.02107100,0.17000000
2018-02-25 02:51:40,0.02105200,0.14000000
2018-02-25 02:51:42,0.02109900,0.14000000
2018-02-25 02:51:42,0.02110000,3.68000000
2018-02-25 02:51:43,0.02110000,0.62000000
2018-02-25 02:51:43,0.02111000,2.25000000
2018-02-25 02:51:45,0.02111000,0.95000000
2018-02-25 02:51:46,0.02111000,2.38000000
2018-02-25 02:51:46,0.02107200,2.18000000
2018-02-25 02:51:49,0.02111000,1.23000000
2018-02-25 02:51:50,0.02111000,0.12000000
2018-02-25 02:51:51,0.02111000,3.06000000
2018-02-25 02:51:52,0.02107800,4.89000000
2018-02-25 02:51:52,0.02107600,0.47000000
2018-02-25 02:51:52,0.02107300,5.41000000
2018-02-25 02:51:52,0.02107000,5.70000000
2018-02-25 02:51:52,0.02105500,23.48000000
2018-02-25 02:51:53,0.02110900,7.07000000
2018-02-25 02:51:53,0.02107800,0.14000000
2018-02-25 02:51:53,0.02107800,0.01000000
2018-02-25 02:51:57,0.02110800,6.28000000
2018-02-25 02:51:58,0.02106600,0.67000000
2018-02-25 02:51:58,0.02110800,0.47000000
2018-02-25 02:51:58,0.02107800,0.48000000
2018-02-25 02:51:58,0.02107800,0.09000000
2018-02-25 02:52:00,0.02106400,0.24000000
2018-02-25 02:52:05,0.02105800,0.99000000
2018-02-25 02:52:05,0.02107600,0.66000000
2018-02-25 02:52:07,0.02105800,1.50000000
2018-02-25 02:52:12,0.02105600,1.14000000
2018-02-25 02:52:17,0.02105500,0.09000000
2018-02-25 02:52:17,0.02105500,0.10000000
2018-02-25 02:52:18,0.02107800,0.17000000
2018-02-25 02:52:21,0.02105300,1.10000000
2018-02-25 02:52:29,0.02109700,0.11000000
2018-02-25 02:52:30,0.02108400,0.48000000
2018-02-25 02:52:32,0.02108400,0.01000000
2018-02-25 02:52:32,0.02109200,0.46000000
2018-02-25 02:52:33,0.02108900,0.65000000
2018-02-25 02:52:33,0.02109400,0.15000000
2018-02-25 02:52:33,0.02109700,0.74000000
2018-02-25 02:52:38,0.02108400,1.03000000
2018-02-25 02:52:39,0.02109700,0.47000000
2018-02-25 02:52:40,0.02106400,0.42000000
2018-02-25 02:52:41,0.02109700,10.00000000
2018-02-25 02:52:42,0.02109500,0.42000000
2018-02-25 02:52:42,0.02109700,0.05000000
2018-02-25 02:52:45,0.02109700,0.47000000
2018-02-25 02:52:51,0.02109700,4.43000000
2018-02-25 02:52:51,0.02109700,0.14000000
2018-02-25 02:52:51,0.02109700,0.43000000
2018-02-25 02:52:51,0.02105800,0.14000000
2018-02-25 02:52:52,0.02109800,0.11000000
2018-02-25 02:52:54,0.02109600,0.14000000
2018-02-25 02:52:54,0.02109800,0.33000000
2018-02-25 02:52:56,0.02107000,0.23000000
2018-02-25 02:52:58,0.02107000,4.20000000
2018-02-25 02:53:00,0.02109800,0.49000000
2018-02-25 02:53:05,0.02109800,0.21000000
2018-02-25 02:53:05,0.02110800,0.39000000
2018-02-25 02:53:05,0.02111000,9.37000000
2018-02-25 02:53:06,0.02111000,0.03000000
2018-02-25 02:53:06,0.02107000,7.10000000
2018-02-25 02:53:07,0.02106800,6.20000000
2018-02-25 02:53:08,0.02106800,7.10000000
2018-02-25 02:53:10,0.02106800,0.23000000
2018-02-25 02:53:10,0.02107000,0.11000000
2018-02-25 02:53:14,0.02107000,0.11000000
2018-02-25 02:53:14,0.02107000,10.00000000
2018-02-25 02:53:16,0.02107000,0.37000000
2018-02-25 02:53:16,0.02107000,0.38000000
2018-02-25 02:53:16,0.02107000,1.42000000
2018-02-25 02:53:16,0.02107000,0.11000000
2018-02-25 02:53:16,0.02107000,1.42000000
2018-02-25 02:53:16,0.02107000,0.08000000
2018-02-25 02:53:18,0.02109900,0.49000000
2018-02-25 02:53:22,0.02107000,0.50000000
2018-02-25 02:53:23,0.02106800,0.01000000
2018-02-25 02:53:23,0.02105500,4.50000000
2018-02-25 02:53:23,0.02106900,0.23000000
2018-02-25 02:53:24,0.02106900,0.01000000
2018-02-25 02:53:25,0.02106900,0.23000000
2018-02-25 02:53:25,0.02105300,0.71000000
2018-02-25 02:53:26,0.02105300,3.35000000
2018-02-25 02:53:26,0.02105300,0.25000000
2018-02-25 02:53:27,0.02108800,0.47000000
2018-02-25 02:53:29,0.02105300,0.19000000
2018-02-25 02:53:29,0.02105200,0.10000000
2018-02-25 02:53:30,0.02105100,0.16000000
2018-02-25 02:53:30,0.02105100,0.93000000
2018-02-25 02:53:30,0.02105100,0.89000000
2018-02-25 02:53:31,0.02105100,1.06000000
2018-02-25 02:53:31,0.02105100,0.89000000
2018-02-25 02:53:32,0.02105300,3.60000000
2018-02-25 02:53:32,0.02107300,0.10000000
2018-02-25 02:53:32,0.02108700,6.30000000
2018-02-25 02:53:33,0.02103100,0.05000000
2018-02-25 02:53:33,0.02103100,0.15000000
2018-02-25 02:53:33,0.02102500,0.10000000
2018-02-25 02:53:33,0.02106300,0.50000000
2018-02-25 02:53:34,0.02102700,6.40000000
2018-02-25 02:53:34,0.02104900,0.10000000
2018-02-25 02:53:34,0.02104700,0.10000000
2018-02-25 02:53:35,0.02104700,0.10000000
2018-02-25 02:53:35,0.02102800,2.00000000
2018-02-25 02:53:35,0.02102700,0.10000000
2018-02-25 02:53:35,0.02102600,0.47000000
2018-02-25 02:53:35,0.02102500,0.10000000
2018-02-25 02:53:35,0.02102000,3.63000000
2018-02-25 02:53:35,0.02102800,0.10000000
2018-02-25 02:53:35,0.02102800,0.05000000
2018-02-25 02:53:35,0.02102800,0.05000000
2018-02-25 02:53:35,0.02102800,0.05000000
2018-02-25 02:53:35,0.02102800,1.66000000
2018-02-25 02:53:35,0.02104900,3.82000000
2018-02-25 02:53:35,0.02104800,0.10000000
2018-02-25 02:53:35,0.02104700,0.10000000
2018-02-25 02:53:36,0.02104700,0.10000000
2018-02-25 02:53:36,0.02102800,0.10000000
2018-02-25 02:53:36,0.02104400,1.12000000
2018-02-25 02:53:37,0.02104400,0.10000000
2018-02-25 02:53:37,0.02104400,0.81000000
2018-02-25 02:53:37,0.02104400,4.74000000
2018-02-25 02:53:38,0.02104400,0.38000000
2018-02-25 02:53:38,0.02104400,0.34000000
2018-02-25 02:53:38,0.02104400,1.18000000
2018-02-25 02:53:41,0.02102800,0.07000000
2018-02-25 02:53:41,0.02104400,0.01000000
2018-02-25 02:53:41,0.02104500,4.94000000
2018-02-25 02:53:41,0.02104900,0.01000000
2018-02-25 02:53:41,0.02105200,0.10000000
2018-02-25 02:53:47,0.02107000,1.42000000
2018-02-25 02:53:47,0.02107000,3.70000000
2018-02-25 02:53:47,0.02107000,0.45000000
2018-02-25 02:53:47,0.02107200,0.47000000
2018-02-25 02:53:47,0.02107000,0.12000000
2018-02-25 02:53:50,0.02104900,0.06000000
2018-02-25 02:53:50,0.02104900,0.04000000
2018-02-25 02:53:50,0.02104900,0.15000000
2018-02-25 02:53:50,0.02107000,1.20000000
2018-02-25 02:53:50,0.02107200,1.53000000
2018-02-25 02:53:50,0.02107300,0.10000000
2018-02-25 02:53:50,0.02108000,0.95000000
2018-02-25 02:53:50,0.02108400,2.00000000
2018-02-25 02:53:50,0.02109100,0.47000000
2018-02-25 02:53:50,0.02110000,1.91000000
2018-02-25 02:53:50,0.02110000,1.69000000
2018-02-25 02:53:52,0.02105400,0.19000000
2018-02-25 02:53:55,0.02105900,0.20000000
2018-02-25 02:53:55,0.02105900,2.37000000
2018-02-25 02:53:55,0.02109900,0.30000000
2018-02-25 02:53:55,0.02109900,0.14000000
2018-02-25 02:53:57,0.02105900,0.19000000
2018-02-25 02:53:58,0.02105900,4.32000000
2018-02-25 02:53:58,0.02105700,0.47000000
2018-02-25 02:53:59,0.02105700,3.91000000
2018-02-25 02:54:01,0.02105500,0.94000000
2018-02-25 02:54:04,0.02105700,2.70000000
2018-02-25 02:54:04,0.02109700,0.94000000
2018-02-25 02:54:04,0.02109900,6.36000000
2018-02-25 02:54:04,0.02105200,0.10000000
2018-02-25 02:54:13,0.02107000,0.10000000
2018-02-25 02:54:14,0.02104500,0.10000000
2018-02-25 02:54:15,0.02104500,0.10000000
2018-02-25 02:54:15,0.02104400,0.10000000
2018-02-25 02:54:15,0.02104200,2.00000000
2018-02-25 02:54:15,0.02103100,0.10000000
2018-02-25 02:54:15,0.02102800,0.08000000
2018-02-25 02:54:17,0.02104400,0.10000000
2018-02-25 02:54:17,0.02104400,0.10000000
2018-02-25 02:54:18,0.02104200,0.10000000
2018-02-25 02:54:18,0.02103100,0.10000000
2018-02-25 02:54:18,0.02102800,0.15000000
2018-02-25 02:54:18,0.02102700,0.10000000
2018-02-25 02:54:18,0.02102600,0.10000000
2018-02-25 02:54:18,0.02102500,0.10000000
2018-02-25 02:54:18,0.02102300,1.30000000
2018-02-25 02:54:19,0.02105100,4.85000000
2018-02-25 02:54:19,0.02105200,0.10000000
2018-02-25 02:54:19,0.02106900,4.13000000
2018-02-25 02:54:19,0.02107300,0.10000000
2018-02-25 02:54:19,0.02108700,0.47000000
2018-02-25 02:54:19,0.02109900,0.35000000
2018-02-25 02:54:19,0.02104200,0.10000000
2018-02-25 02:54:19,0.02103100,0.10000000
2018-02-25 02:54:19,0.02102800,0.10000000
2018-02-25 02:54:19,0.02102300,2.07000000
2018-02-25 02:54:20,0.02105400,6.62000000
2018-02-25 02:54:21,0.02105400,0.50000000
2018-02-25 02:54:21,0.02105200,0.21000000
2018-02-25 02:54:21,0.02105100,0.10000000
2018-02-25 02:54:21,0.02105100,0.10000000
2018-02-25 02:54:24,0.02104200,0.10000000
2018-02-25 02:54:24,0.02104200,0.10000000
2018-02-25 02:54:25,0.02103100,0.20000000
2018-02-25 02:54:25,0.02102800,0.10000000
2018-02-25 02:54:25,0.02102700,0.10000000
2018-02-25 02:54:25,0.02102600,0.10000000
2018-02-25 02:54:25,0.02102500,0.10000000
2018-02-25 02:54:25,0.02102400,0.02000000
2018-02-25 02:54:30,0.02103700,0.47000000
2018-02-25 02:54:30,0.02103100,0.10000000
2018-02-25 02:54:30,0.02102800,0.10000000
2018-02-25 02:54:30,0.02102700,0.10000000
2018-02-25 02:54:30,0.02102600,0.10000000
2018-02-25 02:54:30,0.02102500,0.10000000
2018-02-25 02:54:30,0.02102400,2.08000000
2018-02-25 02:54:30,0.02102300,0.20000000
2018-02-25 02:54:30,0.02102200,5.92000000
2018-02-25 02:54:30,0.02102000,2.57000000
2018-02-25 02:54:30,0.02101500,0.10000000
2018-02-25 02:54:30,0.02101400,2.00000000
2018-02-25 02:54:30,0.02101000,6.63000000
2018-02-25 02:54:30,0.02103700,0.10000000
2018-02-25 02:54:31,0.02103700,0.47000000
2018-02-25 02:54:32,0.02103100,0.10000000
2018-02-25 02:54:32,0.02102800,0.10000000
2018-02-25 02:54:32,0.02102700,0.10000000
2018-02-25 02:54:34,0.02103700,0.10000000
2018-02-25 02:54:34,0.02103100,0.10000000
2018-02-25 02:54:34,0.02103700,0.47000000
2018-02-25 02:54:34,0.02103700,0.10000000
2018-02-25 02:54:34,0.02102800,0.10000000
2018-02-25 02:54:34,0.02103100,0.10000000
2018-02-25 02:54:34,0.02103700,0.10000000
2018-02-25 02:54:34,0.02102700,0.10000000
2018-02-25 02:54:34,0.02102800,0.10000000
2018-02-25 02:54:35,0.02103700,0.10000000
2018-02-25 02:54:35,0.02103700,0.10000000
2018-02-25 02:54:35,0.02103100,0.10000000
2018-02-25 02:54:35,0.02103100,0.10000000
2018-02-25 02:54:36,0.02102800,0.10000000
2018-02-25 02:54:36,0.02102800,0.10000000
2018-02-25 02:54:37,0.02103700,3.00000000
2018-02-25 02:54:37,0.02103700,0.10000000
2018-02-25 02:54:37,0.02102700,0.10000000
2018-02-25 02:54:37,0.02102700,0.10000000
2018-02-25 02:54:37,0.02102600,0.10000000
2018-02-25 02:54:37,0.02102600,0.10000000
2018-02-25 02:54:37,0.02102500,0.10000000
2018-02-25 02:54:38,0.02102500,0.10000000
2018-02-25 02:54:38,0.02102400,0.10000000
2018-02-25 02:54:38,0.02102300,0.10000000
2018-02-25 02:54:38,0.02102400,0.10000000
2018-02-25 02:54:38,0.02102200,0.18000000
2018-02-25 02:54:38,0.02102300,0.10000000
2018-02-25 02:54:38,0.02102200,0.01000000
2018-02-25 02:54:38,0.02102200,0.10000000
2018-02-25 02:54:38,0.02103700,0.40000000
2018-02-25 02:54:38,0.02102400,0.10000000
2018-02-25 02:54:38,0.02102000,0.10000000
2018-02-25 02:54:38,0.02102200,0.10000000
2018-02-25 02:54:38,0.02103700,0.05000000
2018-02-25 02:54:38,0.02102300,0.10000000
2018-02-25 02:54:38,0.02102200,0.10000000
2018-02-25 02:54:38,0.02103700,0.10000000
2018-02-25 02:54:38,0.02101500,0.10000000
2018-02-25 02:54:39,0.02102400,0.10000000
2018-02-25 02:54:39,0.02102000,0.10000000
2018-02-25 02:54:39,0.02103100,0.10000000
2018-02-25 02:54:39,0.02102200,0.10000000
2018-02-25 02:54:39,0.02102200,0.10000000
2018-02-25 02:54:39,0.02101000,1.42000000
2018-02-25 02:54:39,0.02101000,8.59000000
2018-02-25 02:54:39,0.02100900,0.05000000
2018-02-25 02:54:39,0.02103400,0.10000000
2018-02-25 02:54:39,0.02103100,0.10000000
2018-02-25 02:54:40,0.02102400,0.10000000
2018-02-25 02:54:40,0.02103300,2.47000000
2018-02-25 02:54:40,0.02103700,1.00000000
2018-02-25 02:54:40,0.02104200,0.11000000
2018-02-25 02:54:40,0.02104200,1.15000000
2018-02-25 02:54:40,0.02104200,0.15000000
2018-02-25 02:54:40,0.02104200,1.42000000
2018-02-25 02:54:40,0.02104200,1.42000000
2018-02-25 02:54:40,0.02104200,1.42000000
2018-02-25 02:54:40,0.02104200,0.85000000
2018-02-25 02:54:40,0.02104200,0.01000000
2018-02-25 02:54:40,0.02103400,0.10000000
2018-02-25 02:54:40,0.02104200,0.10000000
2018-02-25 02:54:41,0.02103700,0.10000000
2018-02-25 02:54:41,0.02103300,0.10000000
2018-02-25 02:54:41,0.02103200,0.24000000
2018-02-25 02:54:41,0.02103100,0.10000000
2018-02-25 02:54:41,0.02102400,0.10000000
2018-02-25 02:54:43,0.02102200,0.07000000
2018-02-25 02:54:43,0.02103100,0.10000000
2018-02-25 02:54:43,0.02103100,0.10000000
2018-02-25 02:54:43,0.02103100,0.10000000
2018-02-25 02:54:43,0.02103100,0.10000000
2018-02-25 02:54:43,0.02103100,0.10000000
2018-02-25 02:54:43,0.02103100,0.10000000
2018-02-25 02:54:44,0.02103200,0.47000000
2018-02-25 02:54:44,0.02103000,0.10000000
2018-02-25 02:54:44,0.02103000,0.10000000
2018-02-25 02:54:48,0.02102400,0.10000000
2018-02-25 02:54:48,0.02102200,0.18000000
2018-02-25 02:54:48,0.02102000,0.10000000
2018-02-25 02:54:48,0.02102400,0.10000000
2018-02-25 02:54:48,0.02102200,0.10000000
2018-02-25 02:54:48,0.02101500,0.10000000
2018-02-25 02:54:48,0.02102000,0.10000000
2018-02-25 02:54:48,0.02102400,0.10000000
2018-02-25 02:54:48,0.02102200,0.10000000
2018-02-25 02:54:54,0.02103200,0.06000000
2018-02-25 02:54:54,0.02103200,0.10000000
2018-02-25 02:54:56,0.02103200,0.09000000
2018-02-25 02:54:56,0.02103200,0.08000000
2018-02-25 02:54:57,0.02103200,0.05000000
2018-02-25 02:54:58,0.02103200,0.05000000
2018-02-25 02:54:58,0.02103200,1.62000000
2018-02-25 02:55:07,0.02103200,0.05000000
2018-02-25 02:55:07,0.02103200,0.05000000
2018-02-25 02:55:08,0.02103200,0.14000000
2018-02-25 02:55:09,0.02103200,0.64000000
2018-02-25 02:55:18,0.02102600,1.90000000
2018-02-25 02:55:19,0.02103200,0.09000000
2018-02-25 02:55:19,0.02103200,0.10000000
2018-02-25 02:55:20,0.02102600,0.10000000
2018-02-25 02:55:20,0.02102600,0.10000000
2018-02-25 02:55:22,0.02102400,0.10000000
2018-02-25 02:55:22,0.02102200,0.10000000
2018-02-25 02:55:22,0.02102000,0.10000000
2018-02-25 02:55:22,0.02101500,0.10000000
2018-02-25 02:55:22,0.02101400,0.09000000
2018-02-25 02:55:36,0.02102600,0.47000000
2018-02-25 02:55:36,0.02102600,0.10000000
2018-02-25 02:55:37,0.02102400,0.10000000
2018-02-25 02:55:37,0.02102200,0.10000000
2018-02-25 02:55:38,0.02102400,0.10000000
2018-02-25 02:55:39,0.02102400,0.10000000
2018-02-25 02:55:40,0.02102200,0.10000000
2018-02-25 02:55:43,0.02102200,0.10000000
2018-02-25 02:55:50,0.02102400,0.10000000
2018-02-25 02:55:50,0.02102400,4.08000000
2018-02-25 02:55:52,0.02102400,1.99000000
2018-02-25 02:55:52,0.02102400,0.58000000
2018-02-25 02:55:53,0.02102400,0.05000000
2018-02-25 02:55:56,0.02102400,1.03000000
2018-02-25 02:55:56,0.02102400,0.05000000
2018-02-25 02:55:57,0.02102400,4.82000000
2018-02-25 02:56:03,0.02102200,1.28000000
2018-02-25 02:56:03,0.02102100,0.10000000
2018-02-25 02:56:03,0.02102000,0.10000000
2018-02-25 02:56:03,0.02101500,0.10000000
2018-02-25 02:56:03,0.02102100,0.10000000
2018-02-25 02:56:03,0.02101400,0.10000000
2018-02-25 02:56:03,0.02102000,0.10000000
2018-02-25 02:56:03,0.02101500,0.10000000
2018-02-25 02:56:03,0.02102100,0.10000000
2018-02-25 02:56:03,0.02101200,0.20000000
2018-02-25 02:56:03,0.02101400,0.10000000
2018-02-25 02:56:03,0.02102000,0.10000000
2018-02-25 02:56:03,0.02102100,0.10000000
2018-02-25 02:56:03,0.02101500,0.10000000
2018-02-25 02:56:04,0.02102100,0.10000000
2018-02-25 02:56:04,0.02102100,0.10000000
2018-02-25 02:56:05,0.02102100,0.23000000
2018-02-25 02:56:07,0.02102000,0.10000000
2018-02-25 02:56:10,0.02102000,0.10000000
2018-02-25 02:56:16,0.02101500,0.10000000
2018-02-25 02:56:17,0.02101500,0.10000000
2018-02-25 02:56:17,0.02101400,0.10000000
2018-02-25 02:56:18,0.02102000,0.39000000
2018-02-25 02:56:18,0.02102000,0.10000000
2018-02-25 02:56:18,0.02101400,0.10000000
2018-02-25 02:56:18,0.02101400,0.10000000
2018-02-25 02:56:19,0.02101200,0.10000000
2018-02-25 02:56:19,0.02101200,0.10000000
2018-02-25 02:56:23,0.02102000,0.14000000
2018-02-25 02:56:23,0.02102000,0.10000000
2018-02-25 02:56:23,0.02101000,0.23000000
2018-02-25 02:56:25,0.02101000,0.19000000
2018-02-25 02:56:28,0.02101000,0.19000000
2018-02-25 02:56:30,0.02102000,0.47000000
2018-02-25 02:56:30,0.02102000,0.10000000
2018-02-25 02:56:30,0.02101000,0.19000000
2018-02-25 02:56:30,0.02100800,0.81000000
2018-02-25 02:56:32,0.02101000,0.10000000
2018-02-25 02:56:32,0.02100800,0.40000000
2018-02-25 02:56:32,0.02101000,0.10000000
2018-02-25 02:56:41,0.02102000,0.05000000
2018-02-25 02:56:41,0.02102000,0.10000000
2018-02-25 02:56:42,0.02102000,0.11000000
2018-02-25 02:56:46,0.02102000,0.07000000
2018-02-25 02:56:47,0.02102000,6.07000000
2018-02-25 02:56:47,0.02101000,0.10000000
2018-02-25 02:56:47,0.02100800,0.10000000
2018-02-25 02:56:50,0.02102200,0.62000000
2018-02-25 02:56:50,0.02102200,0.10000000
2018-02-25 02:56:51,0.02102200,0.25000000
2018-02-25 02:56:51,0.02102400,0.28000000
2018-02-25 02:56:52,0.02102500,8.07000000
2018-02-25 02:56:52,0.02102500,0.10000000
2018-02-25 02:56:54,0.02102400,0.10000000
2018-02-25 02:56:54,0.02101000,0.10000000
2018-02-25 02:56:58,0.02102500,0.56000000
2018-02-25 02:56:58,0.02102500,0.10000000
2018-02-25 02:56:59,0.02102500,9.01000000
2018-02-25 02:56:59,0.02102500,25.58000000
2018-02-25 02:57:03,0.02102400,0.10000000
2018-02-25 02:57:04,0.02102500,0.01000000
2018-02-25 02:57:04,0.02102500,0.56000000
2018-02-25 02:57:04,0.02102400,0.10000000
2018-02-25 02:57:04,0.02102400,0.10000000
2018-02-25 02:57:11,0.02101000,0.10000000
2018-02-25 02:57:12,0.02101000,0.10000000
2018-02-25 02:57:13,0.02100800,1.77000000
2018-02-25 02:57:13,0.02100800,0.10000000
2018-02-25 02:57:14,0.02100600,0.05000000
2018-02-25 02:57:14,0.02102600,0.50000000
2018-02-25 02:57:14,0.02102600,0.10000000
2018-02-25 02:57:14,0.02100600,0.10000000
2018-02-25 02:57:15,0.02100600,0.10000000
2018-02-25 02:57:15,0.02100400,1.42000000
2018-02-25 02:57:15,0.02100400,0.58000000
2018-02-25 02:57:15,0.02100100,3.42000000
2018-02-25 02:57:15,0.02100400,0.10000000
2018-02-25 02:57:15,0.02100400,0.10000000
2018-02-25 02:57:16,0.02100100,12.77000000
2018-02-25 02:57:16,0.02100000,38.91000000
2018-02-25 02:57:16,0.02100000,2.88000000
2018-02-25 02:57:16,0.02100000,2.99000000
2018-02-25 02:57:16,0.02100000,0.17000000
2018-02-25 02:57:16,0.02100100,0.10000000
2018-02-25 02:57:16,0.02100000,18.81000000
2018-02-25 02:57:17,0.02100100,0.10000000
2018-02-25 02:57:17,0.02100100,0.10000000
2018-02-25 02:57:18,0.02100100,0.56000000
2018-02-25 02:57:20,0.02100100,0.01000000
2018-02-25 02:57:20,0.02100000,3.56000000
2018-02-25 02:57:21,0.02100000,1.42000000
2018-02-25 02:57:21,0.02100000,1.42000000
2018-02-25 02:57:21,0.02100000,1.42000000
2018-02-25 02:57:21,0.02100000,20.06000000
2018-02-25 02:57:22,0.02100000,26.16000000
2018-02-25 02:57:23,0.02102000,0.50000000
2018-02-25 02:57:23,0.02102000,0.10000000
2018-02-25 02:57:24,0.02100000,0.52000000
2018-02-25 02:57:24,0.02099500,0.19000000
2018-02-25 02:57:24,0.02100000,0.10000000
2018-02-25 02:57:25,0.02099500,0.08000000
2018-02-25 02:57:25,0.02099500,0.02000000
2018-02-25 02:57:25,0.02099400,0.08000000
2018-02-25 02:57:25,0.02100000,0.10000000
2018-02-25 02:57:26,0.02100000,0.10000000
2018-02-25 02:57:26,0.02100000,0.24000000
2018-02-25 02:57:29,0.02100000,0.08000000
2018-02-25 02:57:33,0.02102000,0.40000000
2018-02-25 02:57:33,0.02102000,0.01000000
2018-02-25 02:57:35,0.02102600,0.27000000
2018-02-25 02:57:36,0.02102600,0.10000000
2018-02-25 02:57:37,0.02102000,0.08000000
2018-02-25 02:57:38,0.02102000,0.05000000
2018-02-25 02:57:42,0.02102000,0.24000000
2018-02-25 02:57:51,0.02102900,0.09000000
2018-02-25 02:57:51,0.02102900,0.10000000
2018-02-25 02:57:55,0.02102000,0.48000000
2018-02-25 02:57:55,0.02102000,0.10000000
2018-02-25 02:57:56,0.02102000,3.33000000
2018-02-25 02:57:57,0.02102000,0.09000000
2018-02-25 02:58:00,0.02100800,0.18000000
2018-02-25 02:58:09,0.02101100,0.23000000
2018-02-25 02:58:09,0.02101100,0.10000000
2018-02-25 02:58:10,0.02101100,0.05000000
2018-02-25 02:58:12,0.02100800,0.10000000
2018-02-25 02:58:12,0.02100100,0.68000000
2018-02-25 02:58:12,0.02099500,0.10000000
2018-02-25 02:58:12,0.02099400,0.12000000
2018-02-25 02:58:12,0.02099300,0.47000000
2018-02-25 02:58:12,0.02099200,0.36000000
2018-02-25 02:58:12,0.02099100,0.45000000
2018-02-25 02:58:12,0.02099000,0.10000000
2018-02-25 02:58:14,0.02100800,0.05000000
2018-02-25 02:58:15,0.02100800,0.14000000
2018-02-25 02:58:15,0.02100800,0.01000000
2018-02-25 02:58:15,0.02100100,0.10000000
2018-02-25 02:58:15,0.02100000,2.27000000
2018-02-25 02:58:20,0.02100100,0.10000000
2018-02-25 02:58:20,0.02100000,0.10000000
2018-02-25 02:58:20,0.02099500,0.10000000
2018-02-25 02:58:20,0.02099400,0.10000000
2018-02-25 02:58:20,0.02099300,0.10000000
2018-02-25 02:58:20,0.02099200,0.07000000
2018-02-25 02:58:20,0.02101100,0.10000000
2018-02-25 02:58:20,0.02101100,0.10000000
2018-02-25 02:58:22,0.02101000,0.95000000
2018-02-25 02:58:23,0.02101000,0.10000000
2018-02-25 02:58:28,0.02100100,0.10000000
2018-02-25 02:58:29,0.02100100,0.10000000
2018-02-25 02:58:29,0.02100000,0.10000000
2018-02-25 02:58:29,0.02099900,0.10000000
2018-02-25 02:58:29,0.02099900,0.10000000
2018-02-25 02:58:30,0.02099500,0.10000000
2018-02-25 02:58:30,0.02099400,0.10000000
2018-02-25 02:58:30,0.02099300,0.10000000
2018-02-25 02:58:30,0.02099200,0.13000000
2018-02-25 02:58:30,0.02099100,0.07000000
2018-02-25 02:58:30,0.02101600,0.47000000
2018-02-25 02:58:30,0.02101600,0.10000000
2018-02-25 02:58:31,0.02099500,0.10000000
2018-02-25 02:58:31,0.02099500,0.10000000
2018-02-25 02:58:32,0.02099400,0.10000000
2018-02-25 02:58:32,0.02099400,0.10000000
2018-02-25 02:58:35,0.02099400,0.05000000
2018-02-25 02:58:35,0.02099400,0.19000000
2018-02-25 02:58:35,0.02099300,0.10000000
2018-02-25 02:58:35,0.02099300,0.09000000
2018-02-25 02:58:40,0.02099400,0.24000000
2018-02-25 02:58:41,0.02099400,0.10000000
2018-02-25 02:58:43,0.02100600,1.00000000
2018-02-25 02:58:43,0.02100600,0.10000000
2018-02-25 02:58:47,0.02100000,0.70000000
2018-02-25 02:58:47,0.02099900,0.10000000
2018-02-25 02:58:47,0.02099300,0.01000000
2018-02-25 02:58:47,0.02099200,0.10000000
2018-02-25 02:58:47,0.02099100,0.13000000
2018-02-25 02:58:47,0.02099000,0.10000000
2018-02-25 02:58:47,0.02098900,0.10000000
2018-02-25 02:58:47,0.02098200,0.01000000
2018-02-25 02:58:47,0.02099900,0.10000000
2018-02-25 02:58:47,0.02098200,2.04000000
2018-02-25 02:58:47,0.02099900,0.10000000
2018-02-25 02:58:48,0.02099900,0.10000000
2018-02-25 02:58:51,0.02099900,0.30000000
2018-02-25 02:58:51,0.02099900,0.40000000
2018-02-25 02:58:53,0.02100500,0.09000000
2018-02-25 02:58:53,0.02100500,0.10000000
2018-02-25 02:58:54,0.02099300,0.10000000
2018-02-25 02:58:54,0.02100000,1.42000000
2018-02-25 02:58:54,0.02100000,1.42000000
2018-02-25 02:58:54,0.02100000,0.07000000
2018-02-25 02:58:54,0.02100000,1.42000000
2018-02-25 02:58:54,0.02100000,1.42000000
2018-02-25 02:58:54,0.02100000,1.42000000
2018-02-25 02:58:55,0.02100000,1.42000000
2018-02-25 02:58:55,0.02100000,1.42000000
2018-02-25 02:58:55,0.02100000,1.42000000
2018-02-25 02:58:55,0.02100000,0.45000000
2018-02-25 02:58:56,0.02099300,0.10000000
2018-02-25 02:58:56,0.02099300,0.10000000
2018-02-25 02:58:57,0.02100000,0.70000000
2018-02-25 02:58:57,0.02100000,0.10000000
2018-02-25 02:58:58,0.02099900,0.65000000
2018-02-25 02:58:58,0.02100000,0.34000000
2018-02-25 02:58:58,0.02100700,0.09000000
2018-02-25 02:58:58,0.02100700,0.10000000
2018-02-25 02:58:59,0.02100000,0.10000000
2018-02-25 02:59:01,0.02100800,0.49000000
2018-02-25 02:59:01,0.02100800,0.10000000
2018-02-25 02:59:03,0.02100900,0.83000000
2018-02-25 02:59:03,0.02100900,0.10000000
2018-02-25 02:59:05,0.02100500,0.05000000
2018-02-25 02:59:05,0.02100500,0.26000000
2018-02-25 02:59:06,0.02100900,0.70000000
2018-02-25 02:59:06,0.02100900,0.10000000
2018-02-25 02:59:07,0.02100900,0.09000000
2018-02-25 02:59:19,0.02101000,0.99000000
2018-02-25 02:59:19,0.02101000,0.10000000
2018-02-25 02:59:20,0.02100000,0.07000000
2018-02-25 02:59:27,0.02100900,0.47000000
2018-02-25 02:59:27,0.02100900,0.10000000
2018-02-25 02:59:28,0.02100000,0.20000000
2018-02-25 02:59:29,0.02100900,0.80000000
2018-02-25 02:59:29,0.02100900,0.10000000
2018-02-25 02:59:29,0.02100900,0.47000000
2018-02-25 02:59:33,0.02100000,0.50000000
2018-02-25 02:59:34,0.02100900,1.13000000
2018-02-25 02:59:34,0.02101000,7.56000000
2018-02-25 02:59:35,0.02101000,3.81000000
2018-02-25 02:59:35,0.02101000,1.96000000
2018-02-25 02:59:40,0.02101600,0.60000000
2018-02-25 02:59:43,0.02101600,0.09000000
2018-02-25 02:59:45,0.02101000,0.01000000
2018-02-25 02:59:45,0.02100900,0.49000000
2018-02-25 02:59:45,0.02100900,0.01000000
2018-02-25 02:59:45,0.02100000,0.15000000
2018-02-25 02:59:45,0.02099900,0.10000000
2018-02-25 02:59:45,0.02099300,0.24000000
2018-02-25 02:59:46,0.02101600,2.56000000
2018-02-25 02:59:46,0.02100900,0.10000000
2018-02-25 02:59:47,0.02100900,0.10000000
2018-02-25 02:59:47,0.02100000,0.05000000
2018-02-25 02:59:55,0.02100000,0.14000000
2018-02-25 02:59:55,0.02101000,0.60000000
2018-02-25 02:59:55,0.02100000,0.01000000
2018-02-25 02:59:55,0.02100000,0.10000000
2018-02-25 02:59:55,0.02100000,0.04000000
2018-02-25 02:59:56,0.02100000,0.05000000
