DATE,PRICE,VOLUME
2018-03-01 01:00:00,0.01968400,8.35000000
2018-03-01 01:00:01,0.01968400,1.48000000
2018-03-01 01:00:05,0.01968400,0.40000000
2018-03-01 01:00:05,0.01968400,4.80000000
2018-03-01 01:00:08,0.01968400,0.30000000
2018-03-01 01:00:13,0.01968400,0.11000000
2018-03-01 01:00:16,0.01968400,3.54000000
2018-03-01 01:00:17,0.01968800,0.46000000
2018-03-01 01:00:26,0.01968400,7.16000000
2018-03-01 01:00:35,0.01968800,8.60000000
2018-03-01 01:00:35,0.01968400,1.39000000
2018-03-01 01:00:37,0.01968900,0.10000000
2018-03-01 01:00:46,0.01968400,1.34000000
2018-03-01 01:00:46,0.01968400,1.18000000
2018-03-01 01:00:51,0.01968400,0.88000000
2018-03-01 01:00:52,0.01968400,0.53000000
2018-03-01 01:00:53,0.01968400,0.11000000
2018-03-01 01:00:58,0.01968400,0.01000000
2018-03-01 01:01:04,0.01964900,0.95000000
2018-03-01 01:01:07,0.01967900,0.50000000
2018-03-01 01:01:29,0.01965000,1.00000000
2018-03-01 01:01:29,0.01964900,18.99000000
2018-03-01 01:01:30,0.01964900,1.31000000
2018-03-01 01:01:30,0.01964300,4.51000000
2018-03-01 01:01:32,0.01964500,0.44000000
2018-03-01 01:01:34,0.01964500,1.99000000
2018-03-01 01:01:36,0.01964300,0.53000000
2018-03-01 01:01:36,0.01963700,0.47000000
2018-03-01 01:01:37,0.01967100,2.43000000
2018-03-01 01:01:41,0.01966900,0.11000000
2018-03-01 01:01:41,0.01963100,0.18000000
2018-03-01 01:01:41,0.01961700,0.10000000
2018-03-01 01:01:42,0.01962200,2.17000000
2018-03-01 01:01:52,0.01963900,0.25000000
2018-03-01 01:01:52,0.01963800,0.12000000
2018-03-01 01:01:52,0.01963800,1.80000000
2018-03-01 01:01:52,0.01964000,15.89000000
2018-03-01 01:01:52,0.01966000,2.17000000
2018-03-01 01:01:54,0.01966000,1.14000000
2018-03-01 01:01:54,0.01966100,0.36000000
2018-03-01 01:01:56,0.01966100,0.41000000
2018-03-01 01:01:58,0.01966100,0.01000000
2018-03-01 01:01:58,0.01967000,1.49000000
2018-03-01 01:01:59,0.01967000,0.53000000
2018-03-01 01:01:59,0.01967100,0.23000000
2018-03-01 01:02:04,0.01966100,1.50000000
2018-03-01 01:02:04,0.01962300,0.25000000
2018-03-01 01:02:07,0.01966100,4.83000000
2018-03-01 01:02:08,0.01962300,0.25000000
2018-03-01 01:02:08,0.01962300,9.35000000
2018-03-01 01:02:08,0.01962300,0.53000000
2018-03-01 01:02:08,0.01962300,11.81000000
2018-03-01 01:02:09,0.01962300,0.01000000
2018-03-01 01:02:09,0.01965800,1.50000000
2018-03-01 01:02:12,0.01962300,14.43000000
2018-03-01 01:02:12,0.01964900,0.69000000
2018-03-01 01:02:13,0.01964800,0.08000000
2018-03-01 01:02:13,0.01964600,0.22000000
2018-03-01 01:02:13,0.01964600,2.93000000
2018-03-01 01:02:15,0.01964000,0.11000000
2018-03-01 01:02:20,0.01963700,3.05000000
2018-03-01 01:02:22,0.01962300,0.10000000
2018-03-01 01:02:28,0.01963700,0.11000000
2018-03-01 01:02:30,0.01963700,1.52000000
2018-03-01 01:02:35,0.01962500,1.88000000
2018-03-01 01:02:35,0.01962500,6.71000000
2018-03-01 01:02:35,0.01962300,0.30000000
2018-03-01 01:02:35,0.01962100,1.97000000
2018-03-01 01:02:38,0.01962300,0.39000000
2018-03-01 01:02:39,0.01962300,0.95000000
2018-03-01 01:02:39,0.01963700,8.50000000
2018-03-01 01:02:39,0.01963700,4.98000000
2018-03-01 01:02:45,0.01963500,5.62000000
2018-03-01 01:02:46,0.01963500,0.11000000
2018-03-01 01:02:50,0.01963500,2.52000000
2018-03-01 01:02:51,0.01963500,0.01000000
2018-03-01 01:02:51,0.01965900,0.90000000
2018-03-01 01:02:51,0.01966000,0.17000000
2018-03-01 01:02:51,0.01966100,1.97000000
2018-03-01 01:03:01,0.01963700,0.25000000
2018-03-01 01:03:09,0.01963700,0.38000000
2018-03-01 01:03:46,0.01962400,0.50000000
2018-03-01 01:03:51,0.01962400,0.34000000
2018-03-01 01:03:51,0.01962100,0.05000000
2018-03-01 01:03:52,0.01963500,0.09000000
2018-03-01 01:03:53,0.01963500,1.00000000
2018-03-01 01:03:58,0.01961200,0.60000000
2018-03-01 01:04:02,0.01961300,5.08000000
2018-03-01 01:04:02,0.01961300,1.45000000
2018-03-01 01:04:02,0.01961300,0.01000000
2018-03-01 01:04:02,0.01961200,0.01000000
2018-03-01 01:04:02,0.01960700,0.08000000
2018-03-01 01:04:02,0.01960500,4.97000000
2018-03-01 01:04:04,0.01963400,4.41000000
2018-03-01 01:04:04,0.01963500,0.03000000
2018-03-01 01:04:09,0.01963200,0.36000000
2018-03-01 01:04:13,0.01963200,4.61000000
2018-03-01 01:04:13,0.01963300,0.29000000
2018-03-01 01:04:19,0.01961400,0.29000000
2018-03-01 01:04:19,0.01961200,0.59000000
2018-03-01 01:04:19,0.01960500,8.18000000
2018-03-01 01:04:34,0.01962600,2.33000000
2018-03-01 01:04:35,0.01960400,1.90000000
2018-03-01 01:04:35,0.01960200,1.58000000
2018-03-01 01:04:41,0.01960400,0.09000000
2018-03-01 01:04:47,0.01962300,2.34000000
2018-03-01 01:04:49,0.01962100,1.12000000
2018-03-01 01:04:54,0.01962400,0.91000000
2018-03-01 01:04:55,0.01961800,0.11000000
2018-03-01 01:04:56,0.01961800,0.05000000
2018-03-01 01:04:56,0.01961800,0.42000000
2018-03-01 01:05:02,0.01961900,0.40000000
2018-03-01 01:05:02,0.01962000,4.66000000
2018-03-01 01:05:04,0.01961800,0.01000000
2018-03-01 01:05:06,0.01961800,1.09000000
2018-03-01 01:05:06,0.01960400,2.14000000
2018-03-01 01:05:12,0.01962100,0.18000000
2018-03-01 01:05:13,0.01962100,0.07000000
2018-03-01 01:05:19,0.01962100,0.25000000
2018-03-01 01:05:45,0.01960600,0.47000000
2018-03-01 01:05:49,0.01962100,0.25000000
2018-03-01 01:05:56,0.01962100,1.10000000
2018-03-01 01:05:56,0.01962100,2.32000000
2018-03-01 01:05:56,0.01962200,0.41000000
2018-03-01 01:05:56,0.01963200,2.11000000
2018-03-01 01:06:03,0.01963100,0.25000000
2018-03-01 01:06:16,0.01963100,0.32000000
2018-03-01 01:06:17,0.01960700,0.32000000
2018-03-01 01:06:17,0.01960400,0.20000000
2018-03-01 01:06:17,0.01960200,3.46000000
2018-03-01 01:06:28,0.01963100,0.24000000
2018-03-01 01:06:29,0.01963100,0.45000000
2018-03-01 01:06:29,0.01963200,0.16000000
2018-03-01 01:06:39,0.01963200,0.09000000
2018-03-01 01:07:04,0.01960200,0.61000000
2018-03-01 01:07:27,0.01960200,0.56000000
2018-03-01 01:07:27,0.01960200,10.00000000
2018-03-01 01:07:28,0.01960200,0.99000000
2018-03-01 01:07:28,0.01960200,0.99000000
2018-03-01 01:07:28,0.01960200,1.53000000
2018-03-01 01:07:28,0.01960200,17.55000000
2018-03-01 01:07:31,0.01963100,4.41000000
2018-03-01 01:07:31,0.01963200,1.46000000
2018-03-01 01:07:31,0.01963500,10.18000000
2018-03-01 01:07:31,0.01963700,3.31000000
2018-03-01 01:07:36,0.01960900,4.41000000
2018-03-01 01:07:37,0.01960700,0.11000000
2018-03-01 01:07:39,0.01960700,2.27000000
2018-03-01 01:07:39,0.01960200,0.45000000
2018-03-01 01:07:42,0.01961000,0.06000000
2018-03-01 01:07:42,0.01960300,0.56000000
2018-03-01 01:07:42,0.01960200,0.30000000
2018-03-01 01:07:52,0.01960300,1.45000000
2018-03-01 01:08:05,0.01963200,1.00000000
2018-03-01 01:08:10,0.01960400,1.00000000
2018-03-01 01:08:10,0.01960300,6.84000000
2018-03-01 01:08:12,0.01960300,1.57000000
2018-03-01 01:08:12,0.01960200,2.52000000
2018-03-01 01:08:13,0.01960200,0.01000000
2018-03-01 01:08:14,0.01960200,0.49000000
2018-03-01 01:08:17,0.01960000,5.90000000
2018-03-01 01:08:17,0.01960200,1.31000000
2018-03-01 01:08:19,0.01960200,5.78000000
2018-03-01 01:08:19,0.01963100,0.60000000
2018-03-01 01:08:19,0.01963200,0.06000000
2018-03-01 01:08:19,0.01963400,4.41000000
2018-03-01 01:08:19,0.01963500,2.71000000
2018-03-01 01:08:20,0.01963500,1.50000000
2018-03-01 01:08:27,0.01963400,0.05000000
2018-03-01 01:08:33,0.01960100,0.95000000
2018-03-01 01:08:40,0.01960100,4.05000000
2018-03-01 01:08:41,0.01960300,2.91000000
2018-03-01 01:08:46,0.01963300,1.23000000
2018-03-01 01:08:56,0.01960100,0.44000000
2018-03-01 01:08:59,0.01960100,0.49000000
2018-03-01 01:09:00,0.01963400,9.00000000
2018-03-01 01:09:04,0.01963300,4.41000000
2018-03-01 01:09:04,0.01963400,0.70000000
2018-03-01 01:09:07,0.01960100,0.42000000
2018-03-01 01:09:10,0.01960100,2.66000000
2018-03-01 01:09:10,0.01960100,1.64000000
2018-03-01 01:09:10,0.01960000,1.02000000
2018-03-01 01:09:12,0.01960000,0.51000000
2018-03-01 01:09:18,0.01960000,12.61000000
2018-03-01 01:09:18,0.01958900,16.00000000
2018-03-01 01:09:18,0.01958800,9.33000000
2018-03-01 01:09:18,0.01958700,4.96000000
2018-03-01 01:09:18,0.01959600,0.14000000
2018-03-01 01:09:21,0.01960000,3.68000000
2018-03-01 01:09:22,0.01960000,0.08000000
2018-03-01 01:09:24,0.01960000,0.48000000
2018-03-01 01:09:25,0.01960000,4.28000000
2018-03-01 01:09:25,0.01958700,3.39000000
2018-03-01 01:09:25,0.01956200,1.52000000
2018-03-01 01:09:26,0.01956400,5.07000000
2018-03-01 01:09:26,0.01956300,10.77000000
2018-03-01 01:09:26,0.01956200,0.82000000
2018-03-01 01:09:33,0.01959400,3.40000000
2018-03-01 01:09:33,0.01959400,1.67000000
2018-03-01 01:09:33,0.01959600,0.44000000
2018-03-01 01:09:33,0.01959300,1.00000000
2018-03-01 01:09:35,0.01958800,10.32000000
2018-03-01 01:09:36,0.01958800,1.47000000
2018-03-01 01:09:38,0.01959700,0.56000000
2018-03-01 01:09:38,0.01959800,0.76000000
2018-03-01 01:09:44,0.01960000,0.49000000
2018-03-01 01:09:44,0.01961400,1.01000000
2018-03-01 01:09:47,0.01959800,1.00000000
2018-03-01 01:09:48,0.01961500,5.48000000
2018-03-01 01:09:49,0.01961500,2.61000000
2018-03-01 01:09:56,0.01959800,13.04000000
2018-03-01 01:09:57,0.01961500,0.94000000
2018-03-01 01:09:58,0.01959900,8.15000000
2018-03-01 01:10:09,0.01961500,1.50000000
2018-03-01 01:10:17,0.01960100,3.08000000
2018-03-01 01:10:25,0.01959900,0.25000000
2018-03-01 01:10:25,0.01961400,0.86000000
2018-03-01 01:10:25,0.01961500,3.01000000
2018-03-01 01:10:27,0.01960100,0.17000000
2018-03-01 01:10:28,0.01960100,0.42000000
2018-03-01 01:10:28,0.01961500,1.08000000
2018-03-01 01:10:32,0.01961500,5.78000000
2018-03-01 01:10:39,0.01961400,0.09000000
2018-03-01 01:10:40,0.01960100,2.14000000
2018-03-01 01:10:41,0.01960100,1.19000000
2018-03-01 01:10:42,0.01959900,0.42000000
2018-03-01 01:10:45,0.01961400,10.00000000
2018-03-01 01:10:47,0.01961400,10.00000000
2018-03-01 01:10:50,0.01961400,2.06000000
2018-03-01 01:10:58,0.01960000,0.17000000
2018-03-01 01:10:58,0.01959900,0.01000000
2018-03-01 01:10:58,0.01959800,0.07000000
2018-03-01 01:10:59,0.01961300,0.52000000
2018-03-01 01:10:59,0.01961400,0.98000000
2018-03-01 01:11:03,0.01959800,3.79000000
2018-03-01 01:11:06,0.01961300,0.23000000
2018-03-01 01:11:06,0.01961400,9.77000000
2018-03-01 01:11:08,0.01961400,10.00000000
2018-03-01 01:11:10,0.01959900,0.86000000
2018-03-01 01:11:10,0.01959900,0.53000000
2018-03-01 01:11:13,0.01960900,2.95000000
2018-03-01 01:11:13,0.01961400,0.05000000
2018-03-01 01:11:20,0.01959900,0.46000000
2018-03-01 01:11:24,0.01959900,1.50000000
2018-03-01 01:11:27,0.01959900,0.17000000
2018-03-01 01:11:28,0.01959900,0.97000000
2018-03-01 01:11:28,0.01961400,7.00000000
2018-03-01 01:11:29,0.01961400,0.79000000
2018-03-01 01:11:30,0.01961400,1.50000000
2018-03-01 01:11:37,0.01961200,8.80000000
2018-03-01 01:11:37,0.01961300,0.61000000
2018-03-01 01:11:37,0.01961400,0.59000000
2018-03-01 01:11:38,0.01961400,3.00000000
2018-03-01 01:11:39,0.01961400,8.04000000
2018-03-01 01:11:42,0.01961400,3.33000000
2018-03-01 01:11:43,0.01961400,5.05000000
2018-03-01 01:11:52,0.01960000,1.00000000
2018-03-01 01:11:56,0.01960000,0.15000000
2018-03-01 01:11:58,0.01960000,4.04000000
2018-03-01 01:12:02,0.01960000,1.00000000
2018-03-01 01:12:02,0.01961400,9.60000000
2018-03-01 01:12:04,0.01961400,1.50000000
2018-03-01 01:12:09,0.01961400,0.50000000
2018-03-01 01:12:13,0.01961400,8.18000000
2018-03-01 01:12:13,0.01961500,6.91000000
2018-03-01 01:12:16,0.01961500,0.13000000
2018-03-01 01:12:22,0.01960000,4.07000000
2018-03-01 01:12:30,0.01961500,0.50000000
2018-03-01 01:12:33,0.01960000,0.12000000
2018-03-01 01:12:35,0.01961400,0.50000000
2018-03-01 01:12:35,0.01960000,21.33000000
2018-03-01 01:12:37,0.01960000,0.61000000
2018-03-01 01:12:43,0.01958900,1.01000000
2018-03-01 01:12:43,0.01957100,4.02000000
2018-03-01 01:12:49,0.01959900,0.11000000
2018-03-01 01:12:58,0.01959900,0.46000000
2018-03-01 01:13:02,0.01959700,4.01000000
2018-03-01 01:13:04,0.01959700,0.01000000
2018-03-01 01:13:04,0.01959800,4.41000000
2018-03-01 01:13:04,0.01960000,0.11000000
2018-03-01 01:13:07,0.01960000,11.81000000
2018-03-01 01:13:12,0.01959900,3.92000000
2018-03-01 01:13:12,0.01958000,0.57000000
2018-03-01 01:13:12,0.01957800,4.41000000
2018-03-01 01:13:12,0.01956600,1.60000000
2018-03-01 01:13:12,0.01956500,1.60000000
2018-03-01 01:13:12,0.01956400,2.76000000
2018-03-01 01:13:12,0.01955900,0.60000000
2018-03-01 01:13:12,0.01955700,5.57000000
2018-03-01 01:13:20,0.01959700,0.46000000
2018-03-01 01:13:20,0.01959700,0.11000000
2018-03-01 01:13:20,0.01959700,0.11000000
2018-03-01 01:13:23,0.01959700,0.18000000
2018-03-01 01:13:24,0.01959700,0.44000000
2018-03-01 01:13:32,0.01959700,0.11000000
2018-03-01 01:13:40,0.01959600,0.13000000
2018-03-01 01:13:40,0.01959600,0.50000000
2018-03-01 01:13:40,0.01959600,0.61000000
2018-03-01 01:13:40,0.01959600,0.53000000
2018-03-01 01:13:40,0.01959600,0.48000000
2018-03-01 01:13:42,0.01959600,1.79000000
2018-03-01 01:13:42,0.01956300,11.83000000
2018-03-01 01:13:43,0.01959700,2.06000000
2018-03-01 01:13:47,0.01959700,2.43000000
2018-03-01 01:13:49,0.01957300,0.25000000
2018-03-01 01:13:49,0.01957100,3.72000000
2018-03-01 01:13:50,0.01956900,5.11000000
2018-03-01 01:13:50,0.01956500,11.33000000
2018-03-01 01:13:50,0.01956000,3.55000000
2018-03-01 01:13:51,0.01956200,0.32000000
2018-03-01 01:13:51,0.01956100,11.33000000
2018-03-01 01:13:51,0.01956000,5.18000000
2018-03-01 01:13:51,0.01955700,0.61000000
2018-03-01 01:13:54,0.01959800,0.60000000
2018-03-01 01:13:55,0.01959800,0.01000000
2018-03-01 01:13:55,0.01959900,0.40000000
2018-03-01 01:13:55,0.01959900,0.53000000
2018-03-01 01:13:56,0.01959900,0.54000000
2018-03-01 01:13:56,0.01959900,0.53000000
2018-03-01 01:13:57,0.01959900,4.40000000
2018-03-01 01:14:00,0.01959600,5.86000000
2018-03-01 01:14:00,0.01959600,3.11000000
2018-03-01 01:14:00,0.01959600,0.50000000
2018-03-01 01:14:00,0.01959600,5.05000000
2018-03-01 01:14:03,0.01959600,0.12000000
2018-03-01 01:14:03,0.01959600,0.11000000
2018-03-01 01:14:04,0.01957100,0.25000000
2018-03-01 01:14:04,0.01956700,0.73000000
2018-03-01 01:14:07,0.01959600,0.11000000
2018-03-01 01:14:07,0.01959600,0.12000000
2018-03-01 01:14:07,0.01959600,0.12000000
2018-03-01 01:14:07,0.01959600,0.38000000
2018-03-01 01:14:07,0.01959800,1.00000000
2018-03-01 01:14:07,0.01959900,0.84000000
2018-03-01 01:14:08,0.01959900,0.77000000
2018-03-01 01:14:08,0.01959900,0.69000000
2018-03-01 01:14:08,0.01960000,0.41000000
2018-03-01 01:14:08,0.01960000,1.09000000
2018-03-01 01:14:11,0.01960000,3.18000000
2018-03-01 01:14:11,0.01960000,0.77000000
2018-03-01 01:14:11,0.01960000,0.50000000
2018-03-01 01:14:12,0.01960000,3.35000000
2018-03-01 01:14:12,0.01960000,0.11000000
2018-03-01 01:14:14,0.01960000,0.14000000
2018-03-01 01:14:18,0.01959700,0.46000000
2018-03-01 01:14:18,0.01959700,0.54000000
2018-03-01 01:14:18,0.01960000,9.47000000
2018-03-01 01:14:19,0.01960000,1.60000000
2018-03-01 01:14:22,0.01960000,8.94000000
2018-03-01 01:14:23,0.01961400,0.11000000
2018-03-01 01:14:25,0.01960000,0.22000000
2018-03-01 01:14:26,0.01960000,4.29000000
2018-03-01 01:14:31,0.01961400,0.11000000
2018-03-01 01:14:37,0.01960000,0.25000000
2018-03-01 01:14:40,0.01961400,0.11000000
2018-03-01 01:14:43,0.01961400,5.80000000
2018-03-01 01:14:51,0.01960000,2.50000000
2018-03-01 01:14:51,0.01957900,0.25000000
2018-03-01 01:14:51,0.01957500,3.68000000
2018-03-01 01:14:51,0.01957300,1.00000000
2018-03-01 01:14:51,0.01956700,1.10000000
2018-03-01 01:14:51,0.01956300,5.96000000
2018-03-01 01:14:51,0.01956200,5.51000000
2018-03-01 01:14:52,0.01960000,0.25000000
2018-03-01 01:14:53,0.01960000,0.05000000
2018-03-01 01:14:59,0.01960800,1.50000000
2018-03-01 01:15:03,0.01957100,0.06000000
2018-03-01 01:15:04,0.01960800,0.77000000
2018-03-01 01:15:20,0.01957700,0.16000000
2018-03-01 01:15:21,0.01960700,0.25000000
2018-03-01 01:15:30,0.01959200,0.40000000
2018-03-01 01:15:30,0.01959200,0.23000000
2018-03-01 01:15:31,0.01960500,0.51000000
2018-03-01 01:15:36,0.01960500,1.05000000
2018-03-01 01:15:37,0.01960700,0.50000000
2018-03-01 01:15:37,0.01960800,1.00000000
2018-03-01 01:15:42,0.01960800,0.11000000
2018-03-01 01:15:45,0.01958400,0.67000000
2018-03-01 01:15:45,0.01958400,1.69000000
2018-03-01 01:15:45,0.01960800,0.50000000
2018-03-01 01:15:46,0.01960700,0.35000000
2018-03-01 01:15:46,0.01960700,0.14000000
2018-03-01 01:15:50,0.01960800,0.48000000
2018-03-01 01:15:55,0.01960600,0.50000000
2018-03-01 01:15:56,0.01960700,0.11000000
2018-03-01 01:15:57,0.01957400,0.25000000
2018-03-01 01:15:57,0.01960700,0.89000000
2018-03-01 01:15:57,0.01960800,0.61000000
2018-03-01 01:16:01,0.01960800,0.02000000
2018-03-01 01:16:01,0.01960900,1.48000000
2018-03-01 01:16:13,0.01959100,0.51000000
2018-03-01 01:16:13,0.01959100,0.30000000
2018-03-01 01:16:15,0.01959100,0.50000000
2018-03-01 01:16:16,0.01960100,0.10000000
2018-03-01 01:16:16,0.01961000,1.24000000
2018-03-01 01:16:16,0.01959200,1.55000000
2018-03-01 01:16:16,0.01959200,1.49000000
2018-03-01 01:16:18,0.01960900,0.08000000
2018-03-01 01:16:21,0.01960700,1.00000000
2018-03-01 01:16:21,0.01960900,0.50000000
2018-03-01 01:16:26,0.01959700,0.23000000
2018-03-01 01:16:26,0.01960900,0.42000000
2018-03-01 01:16:27,0.01961000,4.12000000
2018-03-01 01:16:27,0.01959400,0.91000000
2018-03-01 01:16:27,0.01959400,0.58000000
2018-03-01 01:16:32,0.01959400,0.25000000
2018-03-01 01:16:35,0.01959400,0.25000000
2018-03-01 01:16:38,0.01959400,0.25000000
2018-03-01 01:16:40,0.01961000,0.65000000
2018-03-01 01:16:40,0.01961300,0.85000000
2018-03-01 01:16:43,0.01961300,1.69000000
2018-03-01 01:16:47,0.01961300,3.00000000
2018-03-01 01:16:52,0.01961300,3.37000000
2018-03-01 01:16:53,0.01961300,1.50000000
2018-03-01 01:16:55,0.01959600,0.10000000
2018-03-01 01:16:57,0.01961300,0.81000000
2018-03-01 01:16:58,0.01961300,20.78000000
2018-03-01 01:16:58,0.01961300,1.50000000
2018-03-01 01:17:01,0.01959300,1.12000000
2018-03-01 01:17:03,0.01961300,0.11000000
2018-03-01 01:17:04,0.01961300,12.51000000
2018-03-01 01:17:04,0.01961400,27.17000000
2018-03-01 01:17:04,0.01961400,0.01000000
2018-03-01 01:17:08,0.01961500,7.00000000
2018-03-01 01:17:09,0.01961400,0.27000000
2018-03-01 01:17:09,0.01961400,1.03000000
2018-03-01 01:17:10,0.01959500,1.48000000
2018-03-01 01:17:18,0.01961300,0.40000000
2018-03-01 01:17:20,0.01961300,0.11000000
2018-03-01 01:17:21,0.01959200,0.50000000
2018-03-01 01:17:26,0.01961300,1.50000000
2018-03-01 01:17:27,0.01961300,0.40000000
2018-03-01 01:17:30,0.01961300,0.50000000
2018-03-01 01:17:32,0.01961300,0.11000000
2018-03-01 01:17:33,0.01961300,0.35000000
2018-03-01 01:17:33,0.01961500,1.15000000
2018-03-01 01:17:37,0.01961500,1.10000000
2018-03-01 01:17:43,0.01960900,0.11000000
2018-03-01 01:17:43,0.01959200,7.67000000
2018-03-01 01:17:43,0.01959200,0.05000000
2018-03-01 01:17:57,0.01961500,0.86000000
2018-03-01 01:18:07,0.01959400,1.00000000
2018-03-01 01:18:07,0.01959200,1.58000000
2018-03-01 01:18:15,0.01959300,0.07000000
2018-03-01 01:18:19,0.01959500,0.50000000
2018-03-01 01:18:19,0.01959400,0.30000000
2018-03-01 01:18:22,0.01961500,0.01000000
2018-03-01 01:18:22,0.01962500,0.06000000
2018-03-01 01:18:26,0.01962500,0.23000000
2018-03-01 01:18:27,0.01962500,0.65000000
2018-03-01 01:18:27,0.01962700,0.48000000
2018-03-01 01:18:27,0.01962800,0.38000000
2018-03-01 01:18:28,0.01962800,9.18000000
2018-03-01 01:18:29,0.01959400,0.20000000
2018-03-01 01:18:29,0.01962500,0.53000000
2018-03-01 01:18:30,0.01959400,1.79000000
2018-03-01 01:18:31,0.01962500,1.02000000
2018-03-01 01:18:41,0.01962500,0.41000000
2018-03-01 01:18:42,0.01962500,0.53000000
2018-03-01 01:18:46,0.01962500,0.46000000
2018-03-01 01:18:47,0.01962500,0.01000000
2018-03-01 01:18:48,0.01962700,0.25000000
2018-03-01 01:18:53,0.01962800,1.91000000
2018-03-01 01:18:53,0.01962800,3.52000000
2018-03-01 01:18:56,0.01962500,0.06000000
2018-03-01 01:18:59,0.01962500,0.04000000
2018-03-01 01:18:59,0.01962800,0.01000000
2018-03-01 01:18:59,0.01963500,0.44000000
2018-03-01 01:19:01,0.01962900,4.80000000
2018-03-01 01:19:04,0.01962300,2.00000000
2018-03-01 01:19:08,0.01962500,0.25000000
2018-03-01 01:19:11,0.01960000,1.00000000
2018-03-01 01:19:11,0.01960000,2.04000000
2018-03-01 01:19:12,0.01960000,0.20000000
2018-03-01 01:19:12,0.01960000,2.37000000
2018-03-01 01:19:12,0.01962300,2.24000000
2018-03-01 01:19:12,0.01959200,0.30000000
2018-03-01 01:19:15,0.01963500,0.32000000
2018-03-01 01:19:17,0.01959800,0.56000000
2018-03-01 01:19:21,0.01959800,1.53000000
2018-03-01 01:19:23,0.01959800,3.01000000
2018-03-01 01:19:23,0.01959600,0.50000000
2018-03-01 01:19:23,0.01959300,0.59000000
2018-03-01 01:19:24,0.01959300,15.62000000
2018-03-01 01:19:24,0.01959200,45.29000000
2018-03-01 01:19:24,0.01959000,5.10000000
2018-03-01 01:19:24,0.01959200,12.67000000
2018-03-01 01:19:24,0.01959200,1.00000000
2018-03-01 01:19:24,0.01959200,0.30000000
2018-03-01 01:19:24,0.01959200,1.60000000
2018-03-01 01:19:24,0.01959200,2.00000000
2018-03-01 01:19:25,0.01959200,32.92000000
2018-03-01 01:19:25,0.01959200,1.00000000
2018-03-01 01:19:26,0.01959200,0.83000000
2018-03-01 01:19:26,0.01959200,2.04000000
2018-03-01 01:19:26,0.01959200,4.73000000
2018-03-01 01:19:26,0.01959200,7.96000000
2018-03-01 01:19:26,0.01963400,9.74000000
2018-03-01 01:19:26,0.01963400,0.38000000
2018-03-01 01:19:31,0.01960900,5.88000000
2018-03-01 01:19:31,0.01961000,0.97000000
2018-03-01 01:19:47,0.01960000,0.25000000
2018-03-01 01:19:48,0.01961000,6.44000000
2018-03-01 01:19:48,0.01961300,0.23000000
2018-03-01 01:19:51,0.01963400,2.18000000
2018-03-01 01:19:51,0.01963500,5.11000000
2018-03-01 01:19:51,0.01964000,0.50000000
2018-03-01 01:19:51,0.01964000,2.15000000
2018-03-01 01:19:52,0.01964100,0.50000000
2018-03-01 01:19:54,0.01963500,3.89000000
2018-03-01 01:19:54,0.01963400,4.36000000
2018-03-01 01:19:54,0.01959500,0.25000000
2018-03-01 01:19:54,0.01959000,6.77000000
2018-03-01 01:19:55,0.01960600,0.16000000
2018-03-01 01:19:55,0.01960200,0.04000000
2018-03-01 01:19:55,0.01964000,0.12000000
2018-03-01 01:19:56,0.01964000,1.50000000
2018-03-01 01:20:01,0.01964000,2.29000000
2018-03-01 01:20:01,0.01964000,0.42000000
2018-03-01 01:20:01,0.01964000,6.95000000
2018-03-01 01:20:01,0.01961100,4.45000000
2018-03-01 01:20:01,0.01961000,1.34000000
2018-03-01 01:20:02,0.01961000,0.08000000
2018-03-01 01:20:07,0.01964000,0.11000000
2018-03-01 01:20:09,0.01964000,4.57000000
2018-03-01 01:20:10,0.01964100,0.11000000
2018-03-01 01:20:26,0.01961400,0.21000000
2018-03-01 01:20:26,0.01960800,0.03000000
2018-03-01 01:20:28,0.01964000,0.06000000
2018-03-01 01:20:36,0.01960600,1.30000000
2018-03-01 01:20:39,0.01960000,0.19000000
2018-03-01 01:20:39,0.01961000,0.11000000
2018-03-01 01:20:40,0.01959100,0.40000000
2018-03-01 01:20:40,0.01957500,2.18000000
2018-03-01 01:20:40,0.01961000,0.06000000
2018-03-01 01:20:41,0.01956900,0.10000000
2018-03-01 01:20:41,0.01956800,0.25000000
2018-03-01 01:20:41,0.01956200,0.60000000
2018-03-01 01:20:41,0.01956100,0.05000000
2018-03-01 01:20:42,0.01961000,0.06000000
2018-03-01 01:20:43,0.01961000,0.11000000
2018-03-01 01:20:44,0.01961000,0.42000000
2018-03-01 01:20:45,0.01957700,0.25000000
2018-03-01 01:20:45,0.01957000,0.30000000
2018-03-01 01:20:47,0.01961000,0.10000000
2018-03-01 01:20:47,0.01961000,1.50000000
2018-03-01 01:20:57,0.01959300,1.00000000
2018-03-01 01:20:57,0.01958700,1.44000000
2018-03-01 01:20:57,0.01957500,0.25000000
2018-03-01 01:20:57,0.01957400,2.33000000
2018-03-01 01:20:57,0.01962000,0.27000000
2018-03-01 01:21:01,0.01961300,0.10000000
2018-03-01 01:21:03,0.01960900,0.90000000
2018-03-01 01:21:03,0.01961000,0.38000000
2018-03-01 01:21:05,0.01961000,0.12000000
2018-03-01 01:21:10,0.01961000,0.13000000
2018-03-01 01:21:15,0.01961000,0.10000000
2018-03-01 01:21:25,0.01960900,1.50000000
2018-03-01 01:21:25,0.01960900,0.11000000
2018-03-01 01:21:26,0.01958200,0.47000000
2018-03-01 01:21:30,0.01960900,1.50000000
2018-03-01 01:21:31,0.01960800,0.80000000
2018-03-01 01:21:33,0.01960700,0.10000000
2018-03-01 01:21:37,0.01960700,4.39000000
2018-03-01 01:21:39,0.01960700,0.10000000
2018-03-01 01:21:39,0.01960700,0.10000000
2018-03-01 01:21:39,0.01960700,0.40000000
2018-03-01 01:21:41,0.01960700,0.66000000
2018-03-01 01:21:42,0.01960900,0.69000000
2018-03-01 01:21:46,0.01960900,0.10000000
2018-03-01 01:21:47,0.01960900,0.30000000
2018-03-01 01:21:48,0.01959000,0.80000000
2018-03-01 01:21:55,0.01960900,2.13000000
2018-03-01 01:21:55,0.01961000,9.70000000
2018-03-01 01:21:55,0.01961800,1.74000000
2018-03-01 01:21:55,0.01962000,3.53000000
2018-03-01 01:21:58,0.01958300,0.48000000
2018-03-01 01:21:59,0.01958300,2.41000000
2018-03-01 01:22:03,0.01958300,1.56000000
2018-03-01 01:22:03,0.01958300,0.30000000
2018-03-01 01:22:03,0.01958300,0.30000000
2018-03-01 01:22:04,0.01958300,0.42000000
2018-03-01 01:22:04,0.01958300,8.05000000
2018-03-01 01:22:04,0.01958300,1.96000000
2018-03-01 01:22:04,0.01960900,0.47000000
2018-03-01 01:22:06,0.01960900,0.17000000
2018-03-01 01:22:06,0.01962000,1.77000000
2018-03-01 01:22:13,0.01962000,0.24000000
2018-03-01 01:22:14,0.01962000,1.20000000
2018-03-01 01:22:15,0.01962000,0.11000000
2018-03-01 01:22:16,0.01962000,4.46000000
2018-03-01 01:22:18,0.01960700,1.97000000
2018-03-01 01:22:18,0.01958800,2.53000000
2018-03-01 01:22:18,0.01958200,3.83000000
2018-03-01 01:22:18,0.01958100,1.60000000
2018-03-01 01:22:18,0.01958000,1.73000000
2018-03-01 01:22:20,0.01960600,0.15000000
2018-03-01 01:22:20,0.01960700,1.35000000
2018-03-01 01:22:21,0.01960700,0.10000000
2018-03-01 01:22:21,0.01960700,0.10000000
2018-03-01 01:22:23,0.01958100,0.65000000
2018-03-01 01:22:25,0.01958100,2.55000000
2018-03-01 01:22:27,0.01960700,0.10000000
2018-03-01 01:22:28,0.01960700,1.38000000
2018-03-01 01:22:28,0.01960900,0.09000000
2018-03-01 01:22:28,0.01960000,1.18000000
2018-03-01 01:22:28,0.01960900,0.32000000
2018-03-01 01:22:32,0.01960700,0.10000000
2018-03-01 01:22:32,0.01960700,0.94000000
2018-03-01 01:22:32,0.01960800,4.34000000
2018-03-01 01:22:34,0.01961000,0.31000000
2018-03-01 01:22:36,0.01960700,0.50000000
2018-03-01 01:22:37,0.01960700,0.10000000
2018-03-01 01:22:38,0.01960700,1.50000000
2018-03-01 01:22:42,0.01958200,0.41000000
2018-03-01 01:22:42,0.01958100,2.59000000
2018-03-01 01:22:42,0.01960700,0.50000000
2018-03-01 01:22:44,0.01958200,0.22000000
2018-03-01 01:22:44,0.01958100,1.75000000
2018-03-01 01:22:44,0.01958100,0.92000000
2018-03-01 01:22:44,0.01960700,0.60000000
2018-03-01 01:22:44,0.01961000,3.06000000
2018-03-01 01:22:45,0.01961000,0.50000000
2018-03-01 01:22:50,0.01958000,0.08000000
2018-03-01 01:22:51,0.01958000,2.22000000
2018-03-01 01:22:55,0.01960900,0.50000000
2018-03-01 01:22:55,0.01960900,3.95000000
2018-03-01 01:22:55,0.01961000,3.89000000
2018-03-01 01:22:56,0.01961000,1.76000000
2018-03-01 01:23:06,0.01958100,2.20000000
2018-03-01 01:23:07,0.01961000,3.65000000
2018-03-01 01:23:12,0.01961000,0.16000000
2018-03-01 01:23:15,0.01961000,4.16000000
2018-03-01 01:23:15,0.01961000,16.00000000
2018-03-01 01:23:16,0.01961000,31.72000000
2018-03-01 01:23:16,0.01961900,2.04000000
2018-03-01 01:23:16,0.01962000,3.00000000
2018-03-01 01:23:16,0.01962300,1.53000000
2018-03-01 01:23:16,0.01963800,5.70000000
2018-03-01 01:23:16,0.01964000,20.30000000
2018-03-01 01:23:16,0.01958300,5.05000000
2018-03-01 01:23:17,0.01958600,5.05000000
2018-03-01 01:23:18,0.01958900,1.00000000
2018-03-01 01:23:19,0.01959200,2.04000000
2018-03-01 01:23:19,0.01963400,10.10000000
2018-03-01 01:23:19,0.01963600,2.00000000
2018-03-01 01:23:19,0.01963900,3.70000000
2018-03-01 01:23:19,0.01964000,0.90000000
2018-03-01 01:23:21,0.01959700,5.05000000
2018-03-01 01:23:22,0.01959800,2.00000000
2018-03-01 01:23:24,0.01958900,2.25000000
2018-03-01 01:23:25,0.01962500,0.45000000
2018-03-01 01:23:28,0.01961600,0.50000000
2018-03-01 01:23:32,0.01961300,0.50000000
2018-03-01 01:23:32,0.01961300,0.50000000
2018-03-01 01:23:37,0.01958700,1.00000000
2018-03-01 01:23:43,0.01958200,0.80000000
2018-03-01 01:23:43,0.01958000,2.17000000
2018-03-01 01:23:43,0.01960400,2.08000000
2018-03-01 01:23:44,0.01960400,1.02000000
2018-03-01 01:23:45,0.01960400,3.04000000
2018-03-01 01:23:46,0.01960400,0.48000000
2018-03-01 01:23:48,0.01961500,1.00000000
2018-03-01 01:23:48,0.01961600,0.13000000
2018-03-01 01:23:48,0.01963300,2.04000000
2018-03-01 01:23:48,0.01963900,0.77000000
2018-03-01 01:23:54,0.01960600,0.77000000
2018-03-01 01:23:54,0.01960400,0.40000000
2018-03-01 01:23:55,0.01960400,0.11000000
2018-03-01 01:23:55,0.01960400,0.08000000
2018-03-01 01:24:12,0.01961300,1.98000000
2018-03-01 01:24:14,0.01961300,0.24000000
2018-03-01 01:24:15,0.01961300,0.99000000
2018-03-01 01:24:16,0.01961300,3.77000000
2018-03-01 01:24:17,0.01963700,0.80000000
2018-03-01 01:24:17,0.01963800,0.70000000
2018-03-01 01:24:23,0.01961300,0.70000000
2018-03-01 01:24:23,0.01961300,0.12000000
2018-03-01 01:24:28,0.01961300,0.18000000
2018-03-01 01:24:28,0.01963700,0.26000000
2018-03-01 01:24:28,0.01963700,0.10000000
2018-03-01 01:24:29,0.01960400,0.12000000
2018-03-01 01:24:36,0.01963700,0.50000000
2018-03-01 01:24:38,0.01963600,4.45000000
2018-03-01 01:24:38,0.01963900,2.66000000
2018-03-01 01:24:44,0.01961400,4.45000000
2018-03-01 01:24:44,0.01961600,0.50000000
2018-03-01 01:24:45,0.01963900,1.00000000
2018-03-01 01:24:47,0.01963800,1.42000000
2018-03-01 01:24:51,0.01960400,0.06000000
2018-03-01 01:25:03,0.01963900,5.27000000
2018-03-01 01:25:03,0.01964000,1.82000000
2018-03-01 01:25:04,0.01964100,10.24000000
2018-03-01 01:25:05,0.01964400,2.40000000
2018-03-01 01:25:12,0.01961300,1.59000000
2018-03-01 01:25:17,0.01961300,0.27000000
2018-03-01 01:25:24,0.01960800,4.54000000
2018-03-01 01:25:34,0.01963800,1.00000000
2018-03-01 01:25:34,0.01963900,0.58000000
2018-03-01 01:25:38,0.01963600,0.50000000
2018-03-01 01:25:44,0.01963600,0.50000000
2018-03-01 01:25:51,0.01963000,0.07000000
2018-03-01 01:25:54,0.01962300,4.41000000
2018-03-01 01:25:56,0.01960400,0.14000000
2018-03-01 01:26:05,0.01960400,0.99000000
2018-03-01 01:26:15,0.01960400,0.35000000
2018-03-01 01:26:23,0.01960400,4.85000000
2018-03-01 01:26:29,0.01960500,1.04000000
2018-03-01 01:26:32,0.01960500,0.92000000
2018-03-01 01:26:34,0.01960500,4.00000000
2018-03-01 01:26:38,0.01962400,0.49000000
2018-03-01 01:26:38,0.01962600,0.01000000
2018-03-01 01:26:46,0.01962700,3.83000000
2018-03-01 01:26:46,0.01962800,1.06000000
2018-03-01 01:26:46,0.01960500,0.25000000
2018-03-01 01:26:48,0.01960800,1.00000000
2018-03-01 01:26:48,0.01960700,2.45000000
2018-03-01 01:26:48,0.01960500,4.74000000
2018-03-01 01:26:51,0.01960500,2.21000000
2018-03-01 01:26:51,0.01960500,7.61000000
2018-03-01 01:26:52,0.01960500,0.55000000
2018-03-01 01:26:54,0.01960500,2.58000000
2018-03-01 01:26:58,0.01961600,0.06000000
2018-03-01 01:26:58,0.01960500,3.44000000
2018-03-01 01:27:03,0.01961000,0.11000000
2018-03-01 01:27:04,0.01961000,0.25000000
2018-03-01 01:27:09,0.01961000,0.10000000
2018-03-01 01:27:09,0.01960500,0.10000000
2018-03-01 01:27:09,0.01962300,2.71000000
2018-03-01 01:27:09,0.01962600,0.90000000
2018-03-01 01:27:09,0.01962700,0.99000000
2018-03-01 01:27:11,0.01960600,0.98000000
2018-03-01 01:27:11,0.01960700,16.00000000
2018-03-01 01:27:17,0.01960700,0.52000000
2018-03-01 01:27:17,0.01960700,0.44000000
2018-03-01 01:27:20,0.01963200,0.99000000
2018-03-01 01:27:20,0.01963300,5.45000000
2018-03-01 01:27:21,0.01961200,0.42000000
2018-03-01 01:27:21,0.01960500,0.01000000
2018-03-01 01:27:27,0.01960600,0.26000000
2018-03-01 01:27:28,0.01960600,2.58000000
2018-03-01 01:27:28,0.01960500,0.13000000
2018-03-01 01:27:31,0.01962200,5.48000000
2018-03-01 01:27:34,0.01962100,0.50000000
2018-03-01 01:27:35,0.01962100,1.34000000
2018-03-01 01:27:35,0.01963900,5.07000000
2018-03-01 01:27:35,0.01964000,3.67000000
2018-03-01 01:27:41,0.01960600,0.13000000
2018-03-01 01:27:43,0.01960600,8.16000000
2018-03-01 01:27:43,0.01960500,1.84000000
2018-03-01 01:27:47,0.01960600,0.42000000
2018-03-01 01:27:50,0.01960600,1.12000000
2018-03-01 01:28:03,0.01960600,1.36000000
2018-03-01 01:28:05,0.01963200,1.71000000
2018-03-01 01:28:07,0.01960600,5.75000000
2018-03-01 01:28:07,0.01960600,0.57000000
2018-03-01 01:28:12,0.01960600,0.84000000
2018-03-01 01:28:15,0.01960600,0.50000000
2018-03-01 01:28:21,0.01960600,3.00000000
2018-03-01 01:28:21,0.01960600,4.00000000
2018-03-01 01:28:22,0.01960600,2.12000000
2018-03-01 01:28:24,0.01963100,0.42000000
2018-03-01 01:28:24,0.01963200,2.71000000
2018-03-01 01:28:24,0.01963300,1.00000000
2018-03-01 01:28:24,0.01964200,0.65000000
2018-03-01 01:28:25,0.01960700,0.20000000
2018-03-01 01:28:28,0.01960900,0.19000000
2018-03-01 01:28:30,0.01961100,2.50000000
2018-03-01 01:28:32,0.01964100,1.00000000
2018-03-01 01:28:32,0.01964200,1.55000000
2018-03-01 01:28:32,0.01964200,3.06000000
2018-03-01 01:28:32,0.01964400,3.47000000
2018-03-01 01:28:33,0.01961100,0.47000000
2018-03-01 01:28:34,0.01964400,0.08000000
2018-03-01 01:28:42,0.01961100,0.17000000
2018-03-01 01:28:43,0.01961100,0.81000000
2018-03-01 01:28:43,0.01961100,0.01000000
2018-03-01 01:28:51,0.01961100,2.35000000
2018-03-01 01:28:51,0.01961100,3.73000000
2018-03-01 01:28:51,0.01961000,9.56000000
2018-03-01 01:28:51,0.01960700,0.70000000
2018-03-01 01:28:54,0.01960800,0.47000000
2018-03-01 01:29:02,0.01960800,0.35000000
2018-03-01 01:29:09,0.01960800,0.26000000
2018-03-01 01:29:12,0.01960800,1.20000000
2018-03-01 01:29:12,0.01960700,0.49000000
2018-03-01 01:29:12,0.01960600,0.35000000
2018-03-01 01:29:12,0.01960600,1.96000000
2018-03-01 01:29:12,0.01960600,0.82000000
2018-03-01 01:29:13,0.01960600,4.41000000
2018-03-01 01:29:13,0.01960600,0.20000000
2018-03-01 01:29:14,0.01960600,0.28000000
2018-03-01 01:29:15,0.01960600,3.08000000
2018-03-01 01:29:15,0.01960600,2.62000000
2018-03-01 01:29:18,0.01960600,2.54000000
2018-03-01 01:29:21,0.01963000,0.08000000
2018-03-01 01:29:26,0.01960500,0.75000000
2018-03-01 01:29:30,0.01960500,0.25000000
2018-03-01 01:29:36,0.01960500,0.61000000
2018-03-01 01:29:37,0.01962700,0.09000000
2018-03-01 01:29:37,0.01962800,0.06000000
2018-03-01 01:29:41,0.01960500,3.17000000
2018-03-01 01:29:43,0.01962500,0.14000000
2018-03-01 01:29:45,0.01960500,5.37000000
2018-03-01 01:29:47,0.01962500,1.00000000
2018-03-01 01:29:49,0.01960500,1.34000000
2018-03-01 01:29:50,0.01960500,1.22000000
2018-03-01 01:30:11,0.01960700,0.49000000
2018-03-01 01:30:16,0.01960800,0.17000000
2018-03-01 01:30:16,0.01960700,0.28000000
2018-03-01 01:30:16,0.01960600,4.56000000
2018-03-01 01:30:19,0.01960900,0.17000000
2018-03-01 01:30:20,0.01960600,6.97000000
2018-03-01 01:30:29,0.01960600,0.06000000
2018-03-01 01:30:30,0.01960600,1.78000000
2018-03-01 01:30:31,0.01960600,0.06000000
2018-03-01 01:30:32,0.01960700,0.68000000
2018-03-01 01:30:32,0.01962300,0.01000000
2018-03-01 01:30:34,0.01962300,0.11000000
2018-03-01 01:30:36,0.01960600,0.55000000
2018-03-01 01:30:37,0.01960600,1.00000000
2018-03-01 01:30:39,0.01960600,6.92000000
2018-03-01 01:30:39,0.01960500,3.07000000
2018-03-01 01:30:42,0.01960500,0.20000000
2018-03-01 01:30:43,0.01960700,1.00000000
2018-03-01 01:30:44,0.01962100,0.21000000
2018-03-01 01:30:45,0.01960700,0.35000000
2018-03-01 01:30:47,0.01960600,1.00000000
2018-03-01 01:30:48,0.01962100,0.75000000
2018-03-01 01:30:48,0.01962200,0.75000000
2018-03-01 01:30:48,0.01962200,0.79000000
2018-03-01 01:30:54,0.01958800,0.14000000
2018-03-01 01:31:08,0.01961000,0.02000000
2018-03-01 01:31:09,0.01960900,0.48000000
2018-03-01 01:31:09,0.01961000,1.02000000
2018-03-01 01:31:09,0.01961000,0.48000000
2018-03-01 01:31:16,0.01961000,0.45000000
2018-03-01 01:31:21,0.01960900,2.55000000
2018-03-01 01:31:23,0.01960900,0.17000000
2018-03-01 01:31:23,0.01961000,1.27000000
2018-03-01 01:31:24,0.01961000,0.45000000
2018-03-01 01:31:24,0.01959100,1.36000000
2018-03-01 01:31:24,0.01957400,2.45000000
2018-03-01 01:31:24,0.01957100,2.04000000
2018-03-01 01:31:24,0.01956000,4.41000000
2018-03-01 01:31:24,0.01955900,15.26000000
2018-03-01 01:31:30,0.01960200,1.50000000
2018-03-01 01:31:30,0.01960100,1.96000000
2018-03-01 01:31:31,0.01960000,1.02000000
2018-03-01 01:31:35,0.01957000,0.90000000
2018-03-01 01:31:35,0.01955700,0.09000000
2018-03-01 01:31:35,0.01955600,1.61000000
2018-03-01 01:31:35,0.01960000,4.34000000
2018-03-01 01:31:35,0.01960100,9.56000000
2018-03-01 01:31:36,0.01960100,3.74000000
2018-03-01 01:31:37,0.01960000,0.51000000
2018-03-01 01:31:37,0.01960000,0.50000000
2018-03-01 01:31:39,0.01959900,0.50000000
2018-03-01 01:31:45,0.01959900,8.58000000
2018-03-01 01:31:50,0.01960100,0.18000000
2018-03-01 01:31:55,0.01960000,25.00000000
2018-03-01 01:31:56,0.01957000,0.69000000
2018-03-01 01:31:56,0.01957000,2.04000000
2018-03-01 01:31:58,0.01957000,0.12000000
2018-03-01 01:31:59,0.01957000,0.08000000
2018-03-01 01:32:00,0.01960000,5.56000000
2018-03-01 01:32:05,0.01959800,0.16000000
2018-03-01 01:32:07,0.01959800,2.42000000
2018-03-01 01:32:07,0.01960000,2.73000000
2018-03-01 01:32:11,0.01960100,1.50000000
2018-03-01 01:32:18,0.01960100,0.93000000
2018-03-01 01:32:18,0.01960900,0.57000000
2018-03-01 01:32:19,0.01960900,0.93000000
2018-03-01 01:32:21,0.01959900,0.35000000
2018-03-01 01:32:22,0.01959900,0.30000000
2018-03-01 01:32:23,0.01960900,0.30000000
2018-03-01 01:32:23,0.01957200,0.59000000
2018-03-01 01:32:28,0.01957500,0.41000000
2018-03-01 01:32:29,0.01960600,0.28000000
2018-03-01 01:32:30,0.01960600,0.31000000
2018-03-01 01:32:30,0.01960700,0.72000000
2018-03-01 01:32:30,0.01960900,0.47000000
2018-03-01 01:32:30,0.01957300,2.68000000
2018-03-01 01:32:30,0.01956900,0.60000000
2018-03-01 01:32:30,0.01956300,1.87000000
2018-03-01 01:32:30,0.01956200,2.58000000
2018-03-01 01:32:30,0.01956000,0.12000000
2018-03-01 01:32:30,0.01955900,0.96000000
2018-03-01 01:32:30,0.01955600,4.49000000
2018-03-01 01:32:33,0.01960800,5.71000000
2018-03-01 01:32:34,0.01959900,1.50000000
2018-03-01 01:32:34,0.01959900,0.37000000
2018-03-01 01:32:34,0.01960000,14.23000000
2018-03-01 01:32:34,0.01960900,0.79000000
2018-03-01 01:32:34,0.01961000,0.32000000
2018-03-01 01:32:34,0.01961300,0.39000000
2018-03-01 01:32:40,0.01958000,2.25000000
2018-03-01 01:32:40,0.01958000,1.21000000
2018-03-01 01:32:41,0.01961500,0.05000000
2018-03-01 01:32:45,0.01961000,0.95000000
2018-03-01 01:32:46,0.01960800,0.55000000
2018-03-01 01:32:54,0.01960000,0.96000000
2018-03-01 01:32:54,0.01960700,0.55000000
2018-03-01 01:32:57,0.01957400,2.48000000
2018-03-01 01:32:58,0.01960400,0.62000000
2018-03-01 01:32:59,0.01960400,0.33000000
2018-03-01 01:32:59,0.01960500,0.47000000
2018-03-01 01:32:59,0.01960600,0.70000000
2018-03-01 01:33:04,0.01960700,0.60000000
2018-03-01 01:33:04,0.01961000,0.90000000
2018-03-01 01:33:10,0.01957700,3.02000000
2018-03-01 01:33:10,0.01957600,0.90000000
2018-03-01 01:33:10,0.01957400,0.05000000
2018-03-01 01:33:13,0.01959900,0.14000000
2018-03-01 01:33:13,0.01960900,4.41000000
2018-03-01 01:33:13,0.01961000,2.90000000
2018-03-01 01:33:13,0.01961300,2.73000000
2018-03-01 01:33:13,0.01961200,1.00000000
2018-03-01 01:33:13,0.01961300,0.50000000
2018-03-01 01:33:19,0.01960900,1.50000000
2018-03-01 01:33:19,0.01958700,1.00000000
2018-03-01 01:33:19,0.01958600,1.50000000
2018-03-01 01:33:20,0.01958500,2.87000000
2018-03-01 01:33:20,0.01958600,2.45000000
2018-03-01 01:33:20,0.01958600,0.46000000
2018-03-01 01:33:20,0.01958500,1.99000000
2018-03-01 01:33:24,0.01958500,0.20000000
2018-03-01 01:33:24,0.01961000,0.29000000
2018-03-01 01:33:24,0.01961200,1.21000000
2018-03-01 01:33:26,0.01958600,0.20000000
2018-03-01 01:33:28,0.01958600,0.20000000
2018-03-01 01:33:29,0.01957700,0.19000000
2018-03-01 01:33:32,0.01961000,0.19000000
2018-03-01 01:33:32,0.01961200,0.31000000
2018-03-01 01:33:32,0.01960400,0.11000000
2018-03-01 01:33:33,0.01961300,0.14000000
2018-03-01 01:33:35,0.01960400,0.89000000
2018-03-01 01:33:35,0.01958600,0.81000000
2018-03-01 01:33:35,0.01957600,0.16000000
2018-03-01 01:33:37,0.01957700,0.36000000
2018-03-01 01:33:44,0.01960900,0.36000000
2018-03-01 01:33:44,0.01961100,1.14000000
2018-03-01 01:33:45,0.01958700,4.60000000
2018-03-01 01:33:45,0.01958700,3.31000000
2018-03-01 01:33:47,0.01958700,0.50000000
2018-03-01 01:33:50,0.01960800,0.93000000
2018-03-01 01:33:50,0.01961000,0.57000000
2018-03-01 01:33:58,0.01957700,0.05000000
2018-03-01 01:33:59,0.01960700,0.22000000
2018-03-01 01:34:04,0.01960800,1.50000000
2018-03-01 01:34:09,0.01959000,1.32000000
2018-03-01 01:34:09,0.01959000,0.65000000
2018-03-01 01:34:09,0.01960700,0.55000000
2018-03-01 01:34:09,0.01960800,0.30000000
2018-03-01 01:34:10,0.01960000,5.70000000
2018-03-01 01:34:11,0.01957700,0.08000000
2018-03-01 01:34:14,0.01957700,0.01000000
2018-03-01 01:34:14,0.01957500,0.02000000
2018-03-01 01:34:15,0.01958700,1.05000000
2018-03-01 01:34:16,0.01959200,0.56000000
2018-03-01 01:34:16,0.01960600,1.50000000
2018-03-01 01:34:18,0.01959200,0.39000000
2018-03-01 01:34:18,0.01958800,1.12000000
2018-03-01 01:34:18,0.01958700,1.05000000
2018-03-01 01:34:22,0.01958800,0.11000000
2018-03-01 01:34:22,0.01958800,0.71000000
2018-03-01 01:34:22,0.01960700,0.25000000
2018-03-01 01:34:22,0.01960900,1.25000000
2018-03-01 01:34:23,0.01958800,0.11000000
2018-03-01 01:34:25,0.01960600,0.57000000
2018-03-01 01:34:25,0.01959000,0.85000000
2018-03-01 01:34:27,0.01959100,0.11000000
2018-03-01 01:34:28,0.01959100,1.00000000
2018-03-01 01:34:33,0.01959100,0.25000000
2018-03-01 01:34:34,0.01959100,0.73000000
2018-03-01 01:34:35,0.01960800,0.14000000
2018-03-01 01:34:36,0.01961200,0.50000000
2018-03-01 01:34:37,0.01961200,0.50000000
2018-03-01 01:34:40,0.01961200,0.10000000
2018-03-01 01:34:42,0.01960800,0.01000000
2018-03-01 01:34:44,0.01960800,1.53000000
2018-03-01 01:34:45,0.01960800,0.20000000
2018-03-01 01:34:46,0.01961200,1.53000000
2018-03-01 01:34:47,0.01961200,0.99000000
2018-03-01 01:34:47,0.01961200,1.53000000
2018-03-01 01:34:54,0.01961100,0.59000000
2018-03-01 01:35:00,0.01961100,7.99000000
2018-03-01 01:35:02,0.01960000,0.07000000
2018-03-01 01:35:07,0.01961100,0.16000000
2018-03-01 01:35:07,0.01961100,1.30000000
2018-03-01 01:35:11,0.01961100,2.00000000
2018-03-01 01:35:12,0.01961100,2.34000000
2018-03-01 01:35:16,0.01961200,3.17000000
2018-03-01 01:35:16,0.01961300,20.96000000
2018-03-01 01:35:16,0.01961500,30.18000000
2018-03-01 01:35:16,0.01961100,1.00000000
2018-03-01 01:35:18,0.01961100,14.72000000
2018-03-01 01:35:20,0.01960000,3.86000000
2018-03-01 01:35:20,0.01960000,2.75000000
2018-03-01 01:35:23,0.01960000,9.38000000
2018-03-01 01:35:43,0.01959600,0.32000000
2018-03-01 01:35:45,0.01961500,0.08000000
2018-03-01 01:35:47,0.01961500,0.22000000
2018-03-01 01:35:49,0.01961400,0.40000000
2018-03-01 01:35:49,0.01961500,0.34000000
2018-03-01 01:35:50,0.01959400,4.74000000
2018-03-01 01:35:50,0.01959300,1.00000000
2018-03-01 01:35:50,0.01958900,0.14000000
2018-03-01 01:35:50,0.01958700,1.31000000
2018-03-01 01:35:50,0.01957600,3.11000000
2018-03-01 01:36:15,0.01957900,4.49000000
2018-03-01 01:36:22,0.01961100,1.50000000
2018-03-01 01:36:22,0.01961100,2.93000000
2018-03-01 01:36:23,0.01961200,0.14000000
2018-03-01 01:36:24,0.01957900,0.22000000
2018-03-01 01:36:27,0.01957700,0.56000000
2018-03-01 01:36:29,0.01957800,0.20000000
2018-03-01 01:36:31,0.01958000,0.20000000
2018-03-01 01:36:33,0.01957700,0.20000000
2018-03-01 01:36:35,0.01957700,0.20000000
2018-03-01 01:36:42,0.01960900,0.20000000
2018-03-01 01:36:47,0.01960900,1.37000000
2018-03-01 01:36:48,0.01961000,5.66000000
2018-03-01 01:36:49,0.01961000,0.22000000
2018-03-01 01:36:50,0.01961000,2.70000000
2018-03-01 01:36:50,0.01961200,6.36000000
2018-03-01 01:36:50,0.01961500,3.38000000
2018-03-01 01:36:50,0.01962700,2.31000000
2018-03-01 01:36:50,0.01963000,1.17000000
2018-03-01 01:36:50,0.01964300,0.48000000
2018-03-01 01:36:50,0.01964400,5.39000000
2018-03-01 01:36:50,0.01964900,0.80000000
2018-03-01 01:36:50,0.01965000,0.46000000
2018-03-01 01:36:50,0.01965700,1.40000000
2018-03-01 01:36:50,0.01965800,5.08000000
2018-03-01 01:36:50,0.01965900,0.21000000
2018-03-01 01:36:50,0.01966000,0.26000000
2018-03-01 01:36:54,0.01964100,0.22000000
2018-03-01 01:36:55,0.01960200,0.22000000
2018-03-01 01:36:55,0.01960100,0.25000000
2018-03-01 01:36:55,0.01960400,5.09000000
2018-03-01 01:36:57,0.01960500,0.46000000
2018-03-01 01:37:01,0.01961100,0.23000000
2018-03-01 01:37:09,0.01961100,0.20000000
2018-03-01 01:37:11,0.01961100,0.20000000
2018-03-01 01:37:13,0.01959400,0.23000000
2018-03-01 01:37:15,0.01959400,0.31000000
2018-03-01 01:37:16,0.01960700,0.92000000
2018-03-01 01:37:17,0.01960700,1.21000000
2018-03-01 01:37:20,0.01960400,1.50000000
2018-03-01 01:37:24,0.01960100,1.51000000
2018-03-01 01:37:24,0.01960300,0.46000000
2018-03-01 01:37:25,0.01960400,1.91000000
2018-03-01 01:37:40,0.01960400,1.76000000
2018-03-01 01:37:41,0.01960400,1.44000000
2018-03-01 01:37:42,0.01960400,0.25000000
2018-03-01 01:37:53,0.01960400,0.24000000
2018-03-01 01:37:54,0.01960400,1.00000000
2018-03-01 01:37:58,0.01960800,1.50000000
2018-03-01 01:37:59,0.01960400,0.01000000
2018-03-01 01:38:03,0.01960700,1.50000000
2018-03-01 01:38:07,0.01960400,0.16000000
2018-03-01 01:38:08,0.01960700,1.50000000
2018-03-01 01:38:11,0.01960700,2.03000000
2018-03-01 01:38:11,0.01960800,0.22000000
2018-03-01 01:38:16,0.01960000,1.90000000
2018-03-01 01:38:18,0.01960700,0.08000000
2018-03-01 01:38:18,0.01960700,0.10000000
2018-03-01 01:38:18,0.01960000,0.10000000
2018-03-01 01:38:19,0.01960000,0.08000000
2018-03-01 01:38:19,0.01960000,0.08000000
2018-03-01 01:38:20,0.01960000,0.75000000
2018-03-01 01:38:20,0.01959300,0.17000000
2018-03-01 01:38:29,0.01959300,1.50000000
2018-03-01 01:38:32,0.01959300,0.28000000
2018-03-01 01:38:33,0.01959300,0.54000000
2018-03-01 01:38:33,0.01959500,3.27000000
2018-03-01 01:38:34,0.01960000,0.06000000
2018-03-01 01:38:35,0.01958700,2.00000000
2018-03-01 01:38:40,0.01959900,0.63000000
2018-03-01 01:38:40,0.01960000,0.87000000
2018-03-01 01:38:57,0.01960000,0.70000000
2018-03-01 01:39:03,0.01960000,0.34000000
2018-03-01 01:39:03,0.01959000,0.37000000
2018-03-01 01:39:18,0.01958400,1.60000000
2018-03-01 01:39:19,0.01959000,1.50000000
2018-03-01 01:39:33,0.01959000,1.50000000
2018-03-01 01:39:36,0.01958400,1.53000000
2018-03-01 01:39:36,0.01959000,5.50000000
2018-03-01 01:39:36,0.01958100,2.33000000
2018-03-01 01:39:53,0.01958100,0.11000000
2018-03-01 01:39:55,0.01958100,1.01000000
2018-03-01 01:39:56,0.01959000,0.11000000
2018-03-01 01:39:57,0.01959000,0.60000000
2018-03-01 01:40:02,0.01959000,2.27000000
2018-03-01 01:40:02,0.01959000,0.11000000
2018-03-01 01:40:02,0.01959000,1.37000000
2018-03-01 01:40:03,0.01959000,2.35000000
2018-03-01 01:40:04,0.01959000,0.08000000
2018-03-01 01:40:07,0.01959000,10.00000000
2018-03-01 01:40:07,0.01959000,1.88000000
2018-03-01 01:40:08,0.01959000,1.88000000
2018-03-01 01:40:08,0.01959000,0.93000000
2018-03-01 01:40:08,0.01958100,0.02000000
2018-03-01 01:40:08,0.01958000,0.80000000
2018-03-01 01:40:08,0.01957700,1.00000000
2018-03-01 01:40:08,0.01957600,0.20000000
2018-03-01 01:40:08,0.01957400,2.47000000
2018-03-01 01:40:08,0.01957200,5.08000000
2018-03-01 01:40:08,0.01957000,0.10000000
2018-03-01 01:40:08,0.01956900,0.48000000
2018-03-01 01:40:08,0.01956700,1.50000000
2018-03-01 01:40:08,0.01956100,2.11000000
2018-03-01 01:40:08,0.01960500,2.21000000
2018-03-01 01:40:08,0.01960500,0.33000000
2018-03-01 01:40:15,0.01956600,0.19000000
2018-03-01 01:40:15,0.01956100,0.81000000
2018-03-01 01:40:19,0.01959200,1.00000000
2018-03-01 01:40:19,0.01959200,0.75000000
2018-03-01 01:40:22,0.01959200,1.50000000
2018-03-01 01:40:27,0.01959200,1.50000000
2018-03-01 01:40:31,0.01959200,0.11000000
2018-03-01 01:40:31,0.01959300,5.37000000
2018-03-01 01:40:31,0.01959300,1.50000000
2018-03-01 01:40:43,0.01958200,0.49000000
2018-03-01 01:40:50,0.01958200,0.67000000
2018-03-01 01:40:56,0.01958200,0.08000000
2018-03-01 01:41:04,0.01959300,0.42000000
2018-03-01 01:41:06,0.01958200,1.52000000
2018-03-01 01:41:09,0.01959300,0.43000000
2018-03-01 01:41:09,0.01960200,0.22000000
2018-03-01 01:41:22,0.01959300,0.37000000
2018-03-01 01:41:22,0.01960200,6.73000000
2018-03-01 01:41:22,0.01960200,0.60000000
2018-03-01 01:41:23,0.01959400,5.70000000
2018-03-01 01:41:24,0.01959400,3.94000000
2018-03-01 01:41:27,0.01959400,0.85000000
2018-03-01 01:41:43,0.01958300,0.27000000
2018-03-01 01:41:43,0.01958200,6.73000000
2018-03-01 01:41:44,0.01960600,0.22000000
2018-03-01 01:41:53,0.01958200,0.11000000
2018-03-01 01:41:53,0.01958100,1.35000000
2018-03-01 01:41:56,0.01960500,0.46000000
2018-03-01 01:41:56,0.01960500,0.91000000
2018-03-01 01:41:57,0.01960500,0.25000000
2018-03-01 01:41:57,0.01960500,0.58000000
2018-03-01 01:41:57,0.01960500,0.10000000
2018-03-01 01:41:58,0.01960500,1.43000000
2018-03-01 01:42:02,0.01960500,0.50000000
2018-03-01 01:42:10,0.01960500,0.11000000
2018-03-01 01:42:22,0.01959200,0.18000000
2018-03-01 01:42:23,0.01959200,0.23000000
2018-03-01 01:42:25,0.01959200,11.81000000
2018-03-01 01:42:25,0.01958100,2.87000000
2018-03-01 01:42:25,0.01956900,1.75000000
2018-03-01 01:42:25,0.01956200,0.14000000
2018-03-01 01:42:25,0.01956100,6.85000000
2018-03-01 01:42:32,0.01956300,0.50000000
2018-03-01 01:42:32,0.01960000,0.51000000
2018-03-01 01:42:40,0.01956300,3.00000000
2018-03-01 01:42:43,0.01956300,1.57000000
2018-03-01 01:42:43,0.01956000,11.00000000
2018-03-01 01:42:43,0.01955700,10.79000000
2018-03-01 01:42:44,0.01955700,2.00000000
2018-03-01 01:42:47,0.01955700,7.85000000
2018-03-01 01:42:47,0.01955600,0.38000000
2018-03-01 01:42:47,0.01955500,4.53000000
2018-03-01 01:42:48,0.01955500,0.11000000
2018-03-01 01:42:51,0.01955500,0.05000000
2018-03-01 01:42:51,0.01955700,2.51000000
2018-03-01 01:42:52,0.01955700,10.91000000
2018-03-01 01:42:53,0.01955700,0.06000000
2018-03-01 01:42:55,0.01955700,1.02000000
2018-03-01 01:42:57,0.01955700,5.96000000
2018-03-01 01:42:57,0.01955700,0.30000000
2018-03-01 01:42:59,0.01955700,2.56000000
2018-03-01 01:43:00,0.01955700,2.56000000
2018-03-01 01:43:00,0.01955700,1.04000000
2018-03-01 01:43:02,0.01955700,2.56000000
2018-03-01 01:43:02,0.01955700,10.07000000
2018-03-01 01:43:03,0.01955700,0.24000000
2018-03-01 01:43:03,0.01955700,2.56000000
2018-03-01 01:43:04,0.01955700,8.95000000
2018-03-01 01:43:04,0.01955200,4.89000000
2018-03-01 01:43:04,0.01955000,1.45000000
2018-03-01 01:43:04,0.01954800,0.08000000
2018-03-01 01:43:04,0.01953000,7.47000000
2018-03-01 01:43:04,0.01952600,0.30000000
2018-03-01 01:43:04,0.01952500,9.24000000
2018-03-01 01:43:04,0.01955700,0.11000000
2018-03-01 01:43:05,0.01955700,1.30000000
2018-03-01 01:43:05,0.01955700,2.94000000
2018-03-01 01:43:06,0.01955700,0.51000000
2018-03-01 01:43:06,0.01955600,2.97000000
2018-03-01 01:43:09,0.01955600,1.46000000
2018-03-01 01:43:09,0.01955700,2.62000000
2018-03-01 01:43:10,0.01955700,0.11000000
2018-03-01 01:43:12,0.01955700,9.17000000
2018-03-01 01:43:14,0.01955700,0.11000000
2018-03-01 01:43:14,0.01955700,10.99000000
2018-03-01 01:43:18,0.01955700,0.32000000
2018-03-01 01:43:18,0.01956400,1.31000000
2018-03-01 01:43:18,0.01957000,0.66000000
2018-03-01 01:43:23,0.01956100,10.00000000
2018-03-01 01:43:23,0.01955800,0.32000000
2018-03-01 01:43:23,0.01954600,2.46000000
2018-03-01 01:43:23,0.01954500,1.31000000
2018-03-01 01:43:23,0.01953200,4.43000000
2018-03-01 01:43:23,0.01952700,2.10000000
2018-03-01 01:43:23,0.01952600,2.81000000
2018-03-01 01:43:31,0.01957700,0.11000000
2018-03-01 01:43:36,0.01953900,0.06000000
2018-03-01 01:43:36,0.01954300,0.25000000
2018-03-01 01:43:36,0.01953900,0.24000000
2018-03-01 01:43:36,0.01953800,0.27000000
2018-03-01 01:43:40,0.01956900,13.74000000
2018-03-01 01:43:40,0.01957000,8.68000000
2018-03-01 01:43:48,0.01956900,1.02000000
2018-03-01 01:43:52,0.01958700,0.40000000
2018-03-01 01:44:06,0.01956900,7.35000000
2018-03-01 01:44:06,0.01955700,2.10000000
2018-03-01 01:44:06,0.01954200,4.43000000
2018-03-01 01:44:06,0.01952900,9.20000000
2018-03-01 01:44:06,0.01952600,0.36000000
2018-03-01 01:44:28,0.01955700,14.99000000
2018-03-01 01:44:28,0.01954900,2.46000000
2018-03-01 01:44:28,0.01954600,0.73000000
2018-03-01 01:44:28,0.01953300,0.15000000
2018-03-01 01:44:28,0.01952600,5.16000000
2018-03-01 01:44:38,0.01957500,0.42000000
2018-03-01 01:44:41,0.01954100,0.34000000
2018-03-01 01:44:41,0.01957500,0.48000000
2018-03-01 01:44:42,0.01957500,1.27000000
2018-03-01 01:44:45,0.01954100,2.49000000
2018-03-01 01:44:47,0.01954100,1.49000000
2018-03-01 01:44:48,0.01954100,0.73000000
2018-03-01 01:44:48,0.01954100,0.36000000
2018-03-01 01:44:48,0.01954100,0.44000000
2018-03-01 01:44:51,0.01957500,0.23000000
2018-03-01 01:44:53,0.01954700,0.42000000
2018-03-01 01:44:53,0.01954700,2.85000000
2018-03-01 01:44:53,0.01954700,1.40000000
2018-03-01 01:44:57,0.01957500,0.51000000
2018-03-01 01:45:03,0.01957500,0.08000000
2018-03-01 01:45:07,0.01957500,0.11000000
2018-03-01 01:45:08,0.01955000,0.42000000
2018-03-01 01:45:08,0.01954500,2.63000000
2018-03-01 01:45:08,0.01954300,14.63000000
2018-03-01 01:45:09,0.01954700,0.08000000
2018-03-01 01:45:11,0.01957500,0.11000000
2018-03-01 01:45:13,0.01954600,0.25000000
2018-03-01 01:45:13,0.01954200,0.84000000
2018-03-01 01:45:15,0.01957500,0.11000000
2018-03-01 01:45:19,0.01957500,0.11000000
2018-03-01 01:45:23,0.01957300,0.11000000
2018-03-01 01:45:24,0.01957200,1.95000000
2018-03-01 01:45:27,0.01957100,2.55000000
2018-03-01 01:45:28,0.01957100,2.55000000
2018-03-01 01:45:33,0.01957100,0.56000000
2018-03-01 01:45:36,0.01957100,0.17000000
2018-03-01 01:45:40,0.01957100,8.68000000
2018-03-01 01:45:40,0.01957100,1.31000000
2018-03-01 01:45:42,0.01957100,0.48000000
2018-03-01 01:45:49,0.01957100,6.66000000
2018-03-01 01:45:50,0.01957100,1.50000000
2018-03-01 01:45:54,0.01957100,4.76000000
2018-03-01 01:45:56,0.01957100,1.00000000
2018-03-01 01:45:56,0.01955600,1.79000000
2018-03-01 01:45:56,0.01957100,8.34000000
2018-03-01 01:46:02,0.01957100,0.11000000
2018-03-01 01:46:10,0.01955400,0.42000000
2018-03-01 01:46:10,0.01957100,0.06000000
2018-03-01 01:46:11,0.01957100,0.11000000
2018-03-01 01:46:31,0.01957100,0.97000000
2018-03-01 01:46:34,0.01957100,0.13000000
2018-03-01 01:46:36,0.01955400,1.53000000
2018-03-01 01:46:36,0.01955000,15.71000000
2018-03-01 01:46:40,0.01957100,9.00000000
2018-03-01 01:46:47,0.01957100,0.88000000
2018-03-01 01:46:51,0.01955500,0.64000000
2018-03-01 01:46:52,0.01957200,1.91000000
2018-03-01 01:46:58,0.01957100,23.45000000
2018-03-01 01:46:58,0.01957200,0.38000000
2018-03-01 01:46:59,0.01957200,5.60000000
2018-03-01 01:47:05,0.01955800,1.60000000
2018-03-01 01:47:07,0.01957200,7.86000000
2018-03-01 01:47:11,0.01957200,2.00000000
2018-03-01 01:47:14,0.01957100,0.08000000
2018-03-01 01:47:14,0.01957200,13.37000000
2018-03-01 01:47:14,0.01957400,3.88000000
2018-03-01 01:47:15,0.01957400,1.12000000
2018-03-01 01:47:15,0.01957500,0.50000000
2018-03-01 01:47:15,0.01958600,0.15000000
2018-03-01 01:47:15,0.01958700,1.60000000
2018-03-01 01:47:15,0.01958900,1.70000000
2018-03-01 01:47:19,0.01958600,0.12000000
2018-03-01 01:47:21,0.01955900,0.51000000
2018-03-01 01:47:21,0.01955900,0.51000000
2018-03-01 01:47:24,0.01958600,0.72000000
2018-03-01 01:47:29,0.01958600,0.76000000
2018-03-01 01:47:29,0.01958900,0.20000000
2018-03-01 01:47:29,0.01958900,0.14000000
2018-03-01 01:47:29,0.01959000,0.20000000
2018-03-01 01:47:29,0.01959000,0.51000000
2018-03-01 01:47:33,0.01959000,0.51000000
2018-03-01 01:47:40,0.01957400,0.27000000
2018-03-01 01:48:07,0.01959000,0.38000000
2018-03-01 01:48:07,0.01959200,0.35000000
2018-03-01 01:48:11,0.01957400,2.21000000
2018-03-01 01:48:11,0.01956000,1.25000000
2018-03-01 01:48:12,0.01956000,0.23000000
2018-03-01 01:48:12,0.01957400,0.15000000
2018-03-01 01:48:12,0.01957400,1.73000000
2018-03-01 01:48:16,0.01956000,0.35000000
2018-03-01 01:48:18,0.01957400,1.09000000
2018-03-01 01:48:21,0.01958700,0.10000000
2018-03-01 01:48:21,0.01958700,2.72000000
2018-03-01 01:48:38,0.01959100,0.21000000
2018-03-01 01:48:43,0.01959100,0.76000000
2018-03-01 01:48:43,0.01959100,0.52000000
2018-03-01 01:48:45,0.01959100,0.10000000
2018-03-01 01:48:51,0.01959100,1.35000000
2018-03-01 01:48:51,0.01956000,2.15000000
2018-03-01 01:48:54,0.01959200,0.06000000
2018-03-01 01:49:09,0.01956200,0.20000000
2018-03-01 01:49:11,0.01956200,0.20000000
2018-03-01 01:49:27,0.01959000,0.51000000
2018-03-01 01:49:37,0.01959000,2.18000000
2018-03-01 01:49:39,0.01959000,0.11000000
2018-03-01 01:49:40,0.01959000,2.20000000
2018-03-01 01:49:40,0.01959100,1.50000000
2018-03-01 01:49:40,0.01959200,2.07000000
2018-03-01 01:49:43,0.01959200,5.40000000
2018-03-01 01:49:54,0.01956500,0.20000000
2018-03-01 01:49:56,0.01958700,0.20000000
2018-03-01 01:49:57,0.01958700,1.15000000
2018-03-01 01:49:59,0.01958700,0.20000000
2018-03-01 01:50:08,0.01959000,0.29000000
2018-03-01 01:50:11,0.01958700,5.01000000
2018-03-01 01:50:14,0.01959000,0.11000000
2018-03-01 01:50:17,0.01958700,0.04000000
2018-03-01 01:50:18,0.01957200,3.37000000
2018-03-01 01:50:25,0.01957200,0.01000000
2018-03-01 01:50:27,0.01957200,0.01000000
2018-03-01 01:50:33,0.01957200,5.08000000
2018-03-01 01:50:33,0.01957000,3.42000000
2018-03-01 01:50:33,0.01957000,8.27000000
2018-03-01 01:50:34,0.01957000,5.66000000
2018-03-01 01:50:35,0.01957000,0.11000000
2018-03-01 01:50:37,0.01957000,0.11000000
2018-03-01 01:50:39,0.01957000,0.85000000
2018-03-01 01:50:43,0.01958900,0.59000000
2018-03-01 01:50:47,0.01956500,0.40000000
2018-03-01 01:50:47,0.01956200,0.11000000
2018-03-01 01:50:48,0.01956200,1.89000000
2018-03-01 01:50:48,0.01955900,0.61000000
2018-03-01 01:51:03,0.01958900,0.89000000
2018-03-01 01:51:03,0.01958900,1.02000000
2018-03-01 01:51:03,0.01955900,1.01000000
2018-03-01 01:51:03,0.01955900,0.40000000
2018-03-01 01:51:06,0.01959000,0.37000000
2018-03-01 01:51:12,0.01958900,0.37000000
2018-03-01 01:51:20,0.01955800,0.21000000
2018-03-01 01:51:22,0.01958600,0.10000000
2018-03-01 01:51:26,0.01958600,0.07000000
2018-03-01 01:51:27,0.01956000,0.46000000
2018-03-01 01:51:27,0.01955800,4.07000000
2018-03-01 01:51:27,0.01955400,4.40000000
2018-03-01 01:51:36,0.01958900,0.36000000
2018-03-01 01:51:40,0.01959000,0.23000000
2018-03-01 01:51:40,0.01960000,0.13000000
2018-03-01 01:51:44,0.01956100,0.25000000
2018-03-01 01:51:44,0.01955900,2.75000000
2018-03-01 01:52:02,0.01956200,0.39000000
2018-03-01 01:52:03,0.01955900,1.00000000
2018-03-01 01:52:03,0.01955400,5.64000000
2018-03-01 01:52:03,0.01956200,0.25000000
2018-03-01 01:52:03,0.01956200,0.57000000
2018-03-01 01:52:06,0.01956200,0.39000000
2018-03-01 01:52:06,0.01958000,1.66000000
2018-03-01 01:52:06,0.01958600,3.55000000
2018-03-01 01:52:06,0.01958900,0.18000000
2018-03-01 01:52:06,0.01959300,2.55000000
2018-03-01 01:52:14,0.01959300,0.34000000
2018-03-01 01:52:22,0.01958300,0.22000000
2018-03-01 01:52:31,0.01958200,0.51000000
2018-03-01 01:52:34,0.01957900,0.13000000
2018-03-01 01:52:38,0.01958300,1.78000000
2018-03-01 01:52:42,0.01958300,1.87000000
2018-03-01 01:52:43,0.01958300,4.30000000
2018-03-01 01:52:48,0.01958300,0.40000000
2018-03-01 01:52:53,0.01958300,0.07000000
2018-03-01 01:53:16,0.01958300,0.43000000
2018-03-01 01:53:18,0.01956100,1.98000000
2018-03-01 01:53:21,0.01956000,0.99000000
2018-03-01 01:53:23,0.01957800,0.17000000
2018-03-01 01:53:25,0.01957800,0.11000000
2018-03-01 01:53:32,0.01956000,0.51000000
2018-03-01 01:53:33,0.01957800,1.70000000
2018-03-01 01:53:34,0.01957900,0.50000000
2018-03-01 01:53:34,0.01958300,1.68000000
2018-03-01 01:53:34,0.01958300,2.45000000
2018-03-01 01:53:37,0.01958300,1.73000000
2018-03-01 01:53:37,0.01960000,0.25000000
2018-03-01 01:53:37,0.01960600,0.09000000
2018-03-01 01:53:39,0.01956700,1.60000000
2018-03-01 01:53:42,0.01960100,1.00000000
2018-03-01 01:53:42,0.01960200,0.60000000
2018-03-01 01:53:42,0.01960600,7.99000000
2018-03-01 01:53:42,0.01960800,4.13000000
2018-03-01 01:53:42,0.01961000,1.99000000
2018-03-01 01:53:45,0.01960100,0.08000000
2018-03-01 01:53:45,0.01960100,0.67000000
2018-03-01 01:53:46,0.01961000,0.17000000
2018-03-01 01:53:46,0.01961100,1.27000000
2018-03-01 01:53:57,0.01961100,53.47000000
2018-03-01 01:54:03,0.01960100,1.94000000
2018-03-01 01:54:07,0.01961000,0.25000000
2018-03-01 01:54:08,0.01961400,0.36000000
2018-03-01 01:54:09,0.01961000,0.15000000
2018-03-01 01:54:09,0.01960100,0.10000000
2018-03-01 01:54:10,0.01961300,0.11000000
2018-03-01 01:54:12,0.01960100,0.15000000
2018-03-01 01:54:19,0.01960100,0.11000000
2018-03-01 01:54:25,0.01960900,0.23000000
2018-03-01 01:54:28,0.01960900,0.79000000
2018-03-01 01:54:50,0.01958800,0.25000000
2018-03-01 01:54:50,0.01958700,0.37000000
2018-03-01 01:54:50,0.01958600,5.10000000
2018-03-01 01:54:50,0.01958400,2.87000000
2018-03-01 01:54:51,0.01961300,0.01000000
2018-03-01 01:54:52,0.01961300,0.25000000
2018-03-01 01:54:52,0.01961300,0.10000000
2018-03-01 01:54:54,0.01961300,0.42000000
2018-03-01 01:54:57,0.01961300,1.00000000
2018-03-01 01:55:07,0.01961300,2.64000000
2018-03-01 01:55:09,0.01961300,1.00000000
2018-03-01 01:55:12,0.01961300,10.23000000
2018-03-01 01:55:14,0.01961300,4.75000000
2018-03-01 01:55:20,0.01961300,0.24000000
2018-03-01 01:55:21,0.01961300,0.31000000
2018-03-01 01:55:21,0.01961300,0.18000000
2018-03-01 01:55:28,0.01961300,0.34000000
2018-03-01 01:55:29,0.01961300,0.49000000
2018-03-01 01:55:31,0.01961400,0.50000000
2018-03-01 01:55:32,0.01961300,0.08000000
2018-03-01 01:55:35,0.01961300,17.90000000
2018-03-01 01:55:39,0.01961400,0.56000000
2018-03-01 01:55:44,0.01961300,5.09000000
2018-03-01 01:55:44,0.01961400,0.18000000
2018-03-01 01:55:44,0.01961300,4.97000000
2018-03-01 01:55:44,0.01957400,1.51000000
2018-03-01 01:55:53,0.01961200,0.04000000
2018-03-01 01:56:00,0.01957600,0.15000000
2018-03-01 01:56:00,0.01957500,1.09000000
2018-03-01 01:56:01,0.01957500,4.01000000
2018-03-01 01:56:01,0.01957300,2.04000000
2018-03-01 01:56:01,0.01957000,9.00000000
2018-03-01 01:56:01,0.01955800,0.40000000
2018-03-01 01:56:01,0.01955500,3.72000000
2018-03-01 01:56:01,0.01955400,3.76000000
2018-03-01 01:56:01,0.01955100,0.41000000
2018-03-01 01:56:05,0.01960600,0.20000000
2018-03-01 01:56:09,0.01960600,1.40000000
2018-03-01 01:56:09,0.01960800,2.04000000
2018-03-01 01:56:10,0.01960900,21.45000000
2018-03-01 01:56:11,0.01960900,10.72000000
2018-03-01 01:56:11,0.01960900,6.61000000
2018-03-01 01:56:16,0.01960900,0.11000000
2018-03-01 01:56:18,0.01960900,4.02000000
2018-03-01 01:56:22,0.01957200,5.09000000
2018-03-01 01:56:22,0.01957000,9.00000000
2018-03-01 01:56:22,0.01956900,2.04000000
2018-03-01 01:56:22,0.01955100,0.21000000
2018-03-01 01:56:22,0.01955000,0.30000000
2018-03-01 01:56:23,0.01960400,1.97000000
2018-03-01 01:56:31,0.01959400,3.12000000
2018-03-01 01:56:32,0.01960700,0.51000000
2018-03-01 01:56:39,0.01960100,0.08000000
2018-03-01 01:56:42,0.01960100,0.43000000
2018-03-01 01:56:42,0.01960000,12.70000000
2018-03-01 01:56:42,0.01959400,2.19000000
2018-03-01 01:56:42,0.01956000,7.98000000
2018-03-01 01:56:56,0.01959900,0.50000000
2018-03-01 01:56:56,0.01959900,1.96000000
2018-03-01 01:56:56,0.01960000,0.19000000
2018-03-01 01:57:14,0.01960000,5.84000000
2018-03-01 01:57:22,0.01960000,16.00000000
2018-03-01 01:57:22,0.01960000,0.11000000
2018-03-01 01:57:23,0.01960000,3.89000000
2018-03-01 01:57:27,0.01959800,0.51000000
2018-03-01 01:57:30,0.01959800,0.49000000
2018-03-01 01:57:30,0.01959900,0.02000000
2018-03-01 01:57:33,0.01959900,3.02000000
2018-03-01 01:57:33,0.01960000,2.41000000
2018-03-01 01:57:34,0.01960000,0.24000000
2018-03-01 01:57:40,0.01959900,0.11000000
2018-03-01 01:57:42,0.01957200,0.09000000
2018-03-01 01:57:42,0.01956600,0.02000000
2018-03-01 01:57:48,0.01959900,0.11000000
2018-03-01 01:57:52,0.01959800,0.11000000
2018-03-01 01:57:56,0.01959800,7.66000000
2018-03-01 01:57:56,0.01959900,15.86000000
2018-03-01 01:57:59,0.01959900,0.11000000
2018-03-01 01:58:02,0.01959900,1.36000000
2018-03-01 01:58:12,0.01956400,1.00000000
2018-03-01 01:58:12,0.01956300,0.11000000
2018-03-01 01:58:13,0.01959900,0.18000000
2018-03-01 01:58:28,0.01959700,1.00000000
2018-03-01 01:58:28,0.01959900,3.16000000
2018-03-01 01:58:29,0.01956500,0.49000000
2018-03-01 01:58:34,0.01958400,0.06000000
2018-03-01 01:58:34,0.01956500,0.35000000
2018-03-01 01:58:48,0.01956500,1.16000000
2018-03-01 01:58:48,0.01956400,2.44000000
2018-03-01 01:58:52,0.01959600,2.00000000
2018-03-01 01:58:52,0.01959700,0.11000000
2018-03-01 01:58:52,0.01956400,0.25000000
2018-03-01 01:58:53,0.01959300,21.67000000
2018-03-01 01:58:55,0.01959300,0.19000000
2018-03-01 01:58:55,0.01959300,1.71000000
2018-03-01 01:58:55,0.01959900,3.39000000
2018-03-01 01:58:59,0.01956800,0.46000000
2018-03-01 01:59:08,0.01956600,0.54000000
2018-03-01 01:59:08,0.01956500,16.00000000
2018-03-01 01:59:08,0.01955800,2.04000000
2018-03-01 01:59:08,0.01955500,1.71000000
2018-03-01 01:59:08,0.01954500,0.06000000
2018-03-01 01:59:08,0.01952900,3.05000000
2018-03-01 01:59:10,0.01956800,0.43000000
2018-03-01 01:59:22,0.01959600,0.11000000
2018-03-01 01:59:22,0.01954000,0.02000000
2018-03-01 01:59:23,0.01955000,1.40000000
2018-03-01 01:59:28,0.01958300,0.09000000
2018-03-01 01:59:29,0.01958300,0.63000000
2018-03-01 01:59:29,0.01958300,3.28000000
2018-03-01 01:59:30,0.01959600,10.21000000
2018-03-01 01:59:30,0.01959600,10.22000000
2018-03-01 01:59:33,0.01959900,4.10000000
2018-03-01 01:59:33,0.01960000,1.85000000
2018-03-01 01:59:33,0.01960100,1.20000000
2018-03-01 01:59:34,0.01960100,1.65000000
2018-03-01 01:59:35,0.01960100,9.50000000
2018-03-01 01:59:35,0.01960100,6.37000000
2018-03-01 01:59:36,0.01960100,8.76000000
2018-03-01 01:59:40,0.01960100,10.00000000
2018-03-01 01:59:40,0.01960100,0.20000000
2018-03-01 01:59:41,0.01960100,0.08000000
2018-03-01 01:59:41,0.01960100,10.32000000
2018-03-01 01:59:41,0.01960100,10.00000000
2018-03-01 01:59:42,0.01960100,0.11000000
2018-03-01 01:59:42,0.01957200,0.01000000
2018-03-01 01:59:43,0.01960100,10.01000000
2018-03-01 01:59:43,0.01960100,5.86000000
2018-03-01 01:59:45,0.01960400,10.00000000
2018-03-01 01:59:45,0.01960700,0.50000000
2018-03-01 01:59:45,0.01960700,1.54000000
2018-03-01 01:59:45,0.01961100,0.25000000
2018-03-01 01:59:45,0.01961500,0.52000000
2018-03-01 01:59:45,0.01961500,0.50000000
2018-03-01 01:59:48,0.01961500,0.02000000
2018-03-01 01:59:50,0.01961500,0.40000000
2018-03-01 01:59:51,0.01961900,1.02000000
2018-03-01 01:59:51,0.01960700,3.00000000
2018-03-01 01:59:51,0.01960700,0.20000000
2018-03-01 01:59:53,0.01960700,1.38000000
2018-03-01 01:59:53,0.01960100,0.63000000
2018-03-01 01:59:54,0.01960700,0.20000000
2018-03-01 01:59:56,0.01960400,0.20000000
