DATE,PRICE,VOLUME
2018-02-25 09:00:19,0.02168100,0.21000000
2018-02-25 09:00:22,0.02166600,0.93000000
2018-02-25 09:00:24,0.02166600,0.24000000
2018-02-25 09:00:26,0.02166600,4.07000000
2018-02-25 09:00:26,0.02166500,2.55000000
2018-02-25 09:00:26,0.02166400,3.09000000
2018-02-25 09:00:26,0.02166400,0.90000000
2018-02-25 09:00:27,0.02167900,0.34000000
2018-02-25 09:00:32,0.02167800,0.92000000
2018-02-25 09:00:32,0.02168100,0.54000000
2018-02-25 09:00:38,0.02167900,0.42000000
2018-02-25 09:00:39,0.02167900,1.38000000
2018-02-25 09:00:45,0.02168800,0.93000000
2018-02-25 09:00:45,0.02168000,8.08000000
2018-02-25 09:00:45,0.02167900,1.04000000
2018-02-25 09:00:45,0.02166600,25.49000000
2018-02-25 09:00:45,0.02166400,0.49000000
2018-02-25 09:00:45,0.02166300,3.03000000
2018-02-25 09:00:47,0.02166500,0.24000000
2018-02-25 09:00:52,0.02168800,0.05000000
2018-02-25 09:00:54,0.02166500,0.99000000
2018-02-25 09:00:54,0.02168800,0.44000000
2018-02-25 09:00:56,0.02168800,0.20000000
2018-02-25 09:00:56,0.02166500,2.77000000
2018-02-25 09:00:56,0.02166500,0.31000000
2018-02-25 09:00:57,0.02168700,0.50000000
2018-02-25 09:00:57,0.02169800,0.36000000
2018-02-25 09:00:58,0.02166600,0.37000000
2018-02-25 09:00:59,0.02168000,0.47000000
2018-02-25 09:01:03,0.02166600,0.39000000
2018-02-25 09:01:04,0.02168000,0.01000000
2018-02-25 09:01:04,0.02169800,0.14000000
2018-02-25 09:01:04,0.02169900,0.31000000
2018-02-25 09:01:09,0.02169900,0.46000000
2018-02-25 09:01:16,0.02169900,1.05000000
2018-02-25 09:01:27,0.02168800,0.11000000
2018-02-25 09:01:29,0.02167000,1.00000000
2018-02-25 09:01:31,0.02166600,1.00000000
2018-02-25 09:01:31,0.02168800,0.14000000
2018-02-25 09:01:31,0.02169800,0.19000000
2018-02-25 09:01:35,0.02168800,0.14000000
2018-02-25 09:01:36,0.02168800,23.86000000
2018-02-25 09:01:36,0.02169700,4.81000000
2018-02-25 09:01:36,0.02169800,4.60000000
2018-02-25 09:01:36,0.02169900,2.33000000
2018-02-25 09:01:40,0.02168800,1.50000000
2018-02-25 09:01:43,0.02168800,12.11000000
2018-02-25 09:01:49,0.02166600,3.47000000
2018-02-25 09:01:55,0.02166600,2.31000000
2018-02-25 09:02:02,0.02166600,4.78000000
2018-02-25 09:02:03,0.02166600,0.85000000
2018-02-25 09:02:10,0.02166600,0.06000000
2018-02-25 09:02:17,0.02166600,0.68000000
2018-02-25 09:02:18,0.02166600,36.98000000
2018-02-25 09:02:19,0.02166600,0.79000000
2018-02-25 09:02:22,0.02166500,1.00000000
2018-02-25 09:02:22,0.02166500,1.00000000
2018-02-25 09:02:23,0.02166500,0.13000000
2018-02-25 09:02:23,0.02166400,0.97000000
2018-02-25 09:02:23,0.02166400,4.19000000
2018-02-25 09:02:24,0.02166400,1.38000000
2018-02-25 09:02:27,0.02166500,0.23000000
2018-02-25 09:02:30,0.02166400,2.24000000
2018-02-25 09:02:30,0.02166500,0.70000000
2018-02-25 09:02:33,0.02166500,1.40000000
2018-02-25 09:02:36,0.02166500,7.43000000
2018-02-25 09:02:37,0.02166500,1.03000000
2018-02-25 09:02:39,0.02166600,3.98000000
2018-02-25 09:02:45,0.02166400,0.55000000
2018-02-25 09:02:49,0.02166400,0.12000000
2018-02-25 09:02:52,0.02166500,0.05000000
2018-02-25 09:02:52,0.02166500,0.05000000
2018-02-25 09:02:53,0.02166500,0.05000000
2018-02-25 09:02:54,0.02166500,0.11000000
2018-02-25 09:02:54,0.02166500,0.11000000
2018-02-25 09:02:55,0.02166400,0.05000000
2018-02-25 09:02:58,0.02166500,2.60000000
2018-02-25 09:03:01,0.02166400,0.08000000
2018-02-25 09:03:04,0.02166400,6.77000000
2018-02-25 09:03:11,0.02166500,0.64000000
2018-02-25 09:03:11,0.02166400,22.24000000
2018-02-25 09:03:12,0.02166400,0.01000000
2018-02-25 09:03:13,0.02166400,2.09000000
2018-02-25 09:03:14,0.02166300,0.40000000
2018-02-25 09:03:14,0.02166400,3.44000000
2018-02-25 09:03:19,0.02166300,0.33000000
2018-02-25 09:03:20,0.02166300,2.76000000
2018-02-25 09:03:21,0.02166400,0.18000000
2018-02-25 09:03:24,0.02166400,0.05000000
2018-02-25 09:03:24,0.02166400,0.51000000
2018-02-25 09:03:26,0.02166400,1.25000000
2018-02-25 09:03:27,0.02166300,0.48000000
2018-02-25 09:03:29,0.02166400,1.42000000
2018-02-25 09:03:32,0.02166300,0.77000000
2018-02-25 09:03:32,0.02166300,2.97000000
2018-02-25 09:03:33,0.02166400,3.12000000
2018-02-25 09:03:34,0.02166400,14.88000000
2018-02-25 09:03:36,0.02166400,0.27000000
2018-02-25 09:03:37,0.02166300,15.46000000
2018-02-25 09:03:37,0.02166400,0.40000000
2018-02-25 09:03:42,0.02166300,1.74000000
2018-02-25 09:03:51,0.02166100,0.34000000
2018-02-25 09:03:51,0.02166000,30.32000000
2018-02-25 09:03:51,0.02166300,0.26000000
2018-02-25 09:03:54,0.02166400,0.10000000
2018-02-25 09:03:55,0.02166400,0.23000000
2018-02-25 09:03:57,0.02166300,0.42000000
2018-02-25 09:03:57,0.02166300,20.16000000
2018-02-25 09:03:58,0.02166000,0.23000000
2018-02-25 09:04:00,0.02166300,6.37000000
2018-02-25 09:04:01,0.02166000,1.65000000
2018-02-25 09:04:06,0.02166300,2.76000000
2018-02-25 09:04:08,0.02166000,0.30000000
2018-02-25 09:04:12,0.02166000,0.08000000
2018-02-25 09:04:12,0.02166300,0.12000000
2018-02-25 09:04:19,0.02166200,0.50000000
2018-02-25 09:04:19,0.02166300,19.58000000
2018-02-25 09:04:19,0.02166300,37.25000000
2018-02-25 09:04:19,0.02166400,3.17000000
2018-02-25 09:04:20,0.02166000,0.04000000
2018-02-25 09:04:22,0.02166000,0.22000000
2018-02-25 09:04:23,0.02166000,0.01000000
2018-02-25 09:04:25,0.02166300,0.48000000
2018-02-25 09:04:29,0.02166300,1.69000000
2018-02-25 09:04:31,0.02166300,4.09000000
2018-02-25 09:04:32,0.02166000,17.82000000
2018-02-25 09:04:32,0.02165400,0.46000000
2018-02-25 09:04:32,0.02165000,0.38000000
2018-02-25 09:04:32,0.02164100,2.88000000
2018-02-25 09:04:32,0.02164000,20.70000000
2018-02-25 09:04:32,0.02164000,1.00000000
2018-02-25 09:04:32,0.02166300,9.98000000
2018-02-25 09:04:32,0.02166300,0.02000000
2018-02-25 09:04:35,0.02166300,0.46000000
2018-02-25 09:05:02,0.02166200,0.01000000
2018-02-25 09:05:09,0.02166200,0.45000000
2018-02-25 09:05:09,0.02164000,0.33000000
2018-02-25 09:05:15,0.02166200,0.04000000
2018-02-25 09:05:15,0.02166300,9.42000000
2018-02-25 09:05:16,0.02166300,3.83000000
2018-02-25 09:05:17,0.02166400,0.23000000
2018-02-25 09:05:19,0.02166400,0.20000000
2018-02-25 09:05:19,0.02166500,5.39000000
2018-02-25 09:05:19,0.02166300,0.50000000
2018-02-25 09:05:20,0.02166500,0.23000000
2018-02-25 09:05:20,0.02166300,1.59000000
2018-02-25 09:05:25,0.02166500,1.03000000
2018-02-25 09:05:26,0.02166300,0.31000000
2018-02-25 09:05:27,0.02166500,3.11000000
2018-02-25 09:05:27,0.02166500,6.41000000
2018-02-25 09:05:31,0.02166300,0.48000000
2018-02-25 09:05:33,0.02166500,0.01000000
2018-02-25 09:05:33,0.02166600,0.02000000
2018-02-25 09:05:35,0.02166600,4.59000000
2018-02-25 09:05:40,0.02166600,0.01000000
2018-02-25 09:05:40,0.02168300,0.45000000
2018-02-25 09:05:43,0.02166300,0.12000000
2018-02-25 09:05:49,0.02166500,1.50000000
2018-02-25 09:05:59,0.02166600,0.28000000
2018-02-25 09:06:00,0.02166600,0.01000000
2018-02-25 09:06:00,0.02166500,0.10000000
2018-02-25 09:06:00,0.02166500,0.40000000
2018-02-25 09:06:01,0.02166300,0.05000000
2018-02-25 09:06:03,0.02166300,8.41000000
2018-02-25 09:06:04,0.02168000,1.59000000
2018-02-25 09:06:10,0.02166300,1.50000000
2018-02-25 09:06:11,0.02166300,1.13000000
2018-02-25 09:06:20,0.02167900,0.48000000
2018-02-25 09:06:28,0.02166500,0.33000000
2018-02-25 09:06:29,0.02166500,0.67000000
2018-02-25 09:06:31,0.02166500,0.48000000
2018-02-25 09:06:33,0.02167900,0.33000000
2018-02-25 09:06:34,0.02167900,0.46000000
2018-02-25 09:06:36,0.02167900,0.26000000
2018-02-25 09:06:38,0.02167900,0.36000000
2018-02-25 09:06:38,0.02166500,0.10000000
2018-02-25 09:06:43,0.02167900,0.50000000
2018-02-25 09:06:43,0.02166700,0.45000000
2018-02-25 09:06:43,0.02166500,0.03000000
2018-02-25 09:06:52,0.02166500,0.68000000
2018-02-25 09:06:53,0.02166500,5.00000000
2018-02-25 09:06:54,0.02166500,4.42000000
2018-02-25 09:06:56,0.02166500,0.02000000
2018-02-25 09:06:57,0.02166500,0.58000000
2018-02-25 09:07:00,0.02167900,0.50000000
2018-02-25 09:07:00,0.02168000,18.44000000
2018-02-25 09:07:00,0.02168300,0.32000000
2018-02-25 09:07:06,0.02168300,1.71000000
2018-02-25 09:07:07,0.02167900,0.26000000
2018-02-25 09:07:14,0.02168300,0.01000000
2018-02-25 09:07:14,0.02168400,0.50000000
2018-02-25 09:07:14,0.02168500,2.53000000
2018-02-25 09:07:14,0.02168900,0.70000000
2018-02-25 09:07:14,0.02169000,4.70000000
2018-02-25 09:07:14,0.02169300,8.50000000
2018-02-25 09:07:19,0.02169300,0.25000000
2018-02-25 09:07:24,0.02169200,0.50000000
2018-02-25 09:07:24,0.02169300,1.05000000
2018-02-25 09:07:24,0.02169600,13.18000000
2018-02-25 09:07:25,0.02169900,31.61000000
2018-02-25 09:07:25,0.02170000,8.73000000
2018-02-25 09:07:27,0.02170000,0.23000000
2018-02-25 09:07:27,0.02170000,12.00000000
2018-02-25 09:07:27,0.02170000,19.77000000
2018-02-25 09:07:27,0.02170100,0.46000000
2018-02-25 09:07:27,0.02170800,0.05000000
2018-02-25 09:07:27,0.02170900,4.32000000
2018-02-25 09:07:27,0.02171500,0.15000000
2018-02-25 09:07:27,0.02171700,5.53000000
2018-02-25 09:07:27,0.02172500,2.76000000
2018-02-25 09:07:27,0.02172800,0.38000000
2018-02-25 09:07:28,0.02170800,0.11000000
2018-02-25 09:07:29,0.02170800,0.08000000
2018-02-25 09:07:31,0.02170800,1.65000000
2018-02-25 09:07:31,0.02170800,0.36000000
2018-02-25 09:07:33,0.02172700,0.23000000
2018-02-25 09:07:33,0.02172800,0.28000000
2018-02-25 09:07:33,0.02172900,1.01000000
2018-02-25 09:07:34,0.02172800,1.05000000
2018-02-25 09:07:34,0.02172900,5.83000000
2018-02-25 09:07:34,0.02170800,0.11000000
2018-02-25 09:07:35,0.02170800,0.77000000
2018-02-25 09:07:36,0.02170800,1.25000000
2018-02-25 09:07:36,0.02170800,0.17000000
2018-02-25 09:07:37,0.02172900,11.06000000
2018-02-25 09:07:38,0.02170800,0.12000000
2018-02-25 09:07:38,0.02172900,13.98000000
2018-02-25 09:07:40,0.02172900,28.22000000
2018-02-25 09:07:40,0.02172900,0.25000000
2018-02-25 09:07:40,0.02172900,0.68000000
2018-02-25 09:07:40,0.02172900,0.53000000
2018-02-25 09:07:41,0.02172900,0.40000000
2018-02-25 09:07:46,0.02172900,0.80000000
2018-02-25 09:07:46,0.02172900,1.00000000
2018-02-25 09:07:47,0.02172900,0.89000000
2018-02-25 09:07:48,0.02174400,0.90000000
2018-02-25 09:07:48,0.02174500,0.20000000
2018-02-25 09:07:48,0.02174900,9.64000000
2018-02-25 09:07:53,0.02172900,0.79000000
2018-02-25 09:07:57,0.02172900,1.00000000
2018-02-25 09:07:58,0.02174900,4.25000000
2018-02-25 09:07:58,0.02175000,1.08000000
2018-02-25 09:07:59,0.02172900,0.30000000
2018-02-25 09:07:59,0.02175000,0.48000000
2018-02-25 09:07:59,0.02172900,0.37000000
2018-02-25 09:07:59,0.02172900,3.25000000
2018-02-25 09:08:00,0.02172900,1.84000000
2018-02-25 09:08:02,0.02172900,6.77000000
2018-02-25 09:08:02,0.02172900,1.00000000
2018-02-25 09:08:03,0.02172900,1.00000000
2018-02-25 09:08:04,0.02175000,0.69000000
2018-02-25 09:08:05,0.02172900,1.00000000
2018-02-25 09:08:05,0.02172900,1.00000000
2018-02-25 09:08:08,0.02175000,5.17000000
2018-02-25 09:08:09,0.02172900,0.18000000
2018-02-25 09:08:09,0.02175000,2.26000000
2018-02-25 09:08:11,0.02175000,1.03000000
2018-02-25 09:08:11,0.02175000,1.96000000
2018-02-25 09:08:15,0.02175000,0.01000000
2018-02-25 09:08:16,0.02175600,0.07000000
2018-02-25 09:08:18,0.02175000,0.50000000
2018-02-25 09:08:18,0.02175000,0.35000000
2018-02-25 09:08:19,0.02175600,5.29000000
2018-02-25 09:08:19,0.02175600,1.80000000
2018-02-25 09:08:19,0.02175600,0.13000000
2018-02-25 09:08:20,0.02175600,0.33000000
2018-02-25 09:08:21,0.02175600,0.30000000
2018-02-25 09:08:21,0.02175600,1.50000000
2018-02-25 09:08:21,0.02175600,0.14000000
2018-02-25 09:08:22,0.02175600,0.72000000
2018-02-25 09:08:22,0.02175600,0.06000000
2018-02-25 09:08:22,0.02175600,0.33000000
2018-02-25 09:08:23,0.02175600,0.50000000
2018-02-25 09:08:23,0.02173100,0.68000000
2018-02-25 09:08:27,0.02174100,0.12000000
2018-02-25 09:08:27,0.02174100,4.17000000
2018-02-25 09:08:27,0.02175600,0.13000000
2018-02-25 09:08:27,0.02175700,0.26000000
2018-02-25 09:08:27,0.02176900,0.68000000
2018-02-25 09:08:27,0.02177000,1.00000000
2018-02-25 09:08:27,0.02177900,1.26000000
2018-02-25 09:08:27,0.02178100,0.06000000
2018-02-25 09:08:27,0.02178600,0.94000000
2018-02-25 09:08:27,0.02178900,0.13000000
2018-02-25 09:08:27,0.02179000,9.25000000
2018-02-25 09:08:27,0.02179300,0.09000000
2018-02-25 09:08:27,0.02179600,0.78000000
2018-02-25 09:08:27,0.02179900,0.10000000
2018-02-25 09:08:27,0.02180000,8.10000000
2018-02-25 09:08:28,0.02174300,0.44000000
2018-02-25 09:08:28,0.02174200,1.37000000
2018-02-25 09:08:28,0.02179900,3.43000000
2018-02-25 09:08:28,0.02180000,19.35000000
2018-02-25 09:08:29,0.02174200,1.37000000
2018-02-25 09:08:29,0.02174200,1.37000000
2018-02-25 09:08:29,0.02174200,0.28000000
2018-02-25 09:08:30,0.02174200,0.80000000
2018-02-25 09:08:31,0.02174200,1.20000000
2018-02-25 09:08:31,0.02174000,1.37000000
2018-02-25 09:08:32,0.02174100,0.38000000
2018-02-25 09:08:33,0.02179600,0.09000000
2018-02-25 09:08:34,0.02174200,0.29000000
2018-02-25 09:08:34,0.02174300,0.44000000
2018-02-25 09:08:35,0.02174300,0.16000000
2018-02-25 09:08:36,0.02174300,0.13000000
2018-02-25 09:08:36,0.02174300,0.21000000
2018-02-25 09:08:36,0.02174200,0.11000000
2018-02-25 09:08:37,0.02174200,0.48000000
2018-02-25 09:08:37,0.02174200,0.16000000
2018-02-25 09:08:39,0.02175000,0.16000000
2018-02-25 09:08:42,0.02175000,0.07000000
2018-02-25 09:08:42,0.02175000,0.77000000
2018-02-25 09:08:43,0.02174200,2.93000000
2018-02-25 09:08:46,0.02174200,0.01000000
2018-02-25 09:08:57,0.02174200,0.58000000
2018-02-25 09:08:59,0.02174300,0.05000000
2018-02-25 09:08:59,0.02174300,1.09000000
2018-02-25 09:09:00,0.02174200,0.07000000
2018-02-25 09:09:00,0.02174200,4.45000000
2018-02-25 09:09:00,0.02176600,2.97000000
2018-02-25 09:09:00,0.02176600,1.61000000
2018-02-25 09:09:00,0.02176700,2.39000000
2018-02-25 09:09:00,0.02176900,0.43000000
2018-02-25 09:09:01,0.02174200,0.61000000
2018-02-25 09:09:02,0.02174500,1.82000000
2018-02-25 09:09:04,0.02174500,0.05000000
2018-02-25 09:09:04,0.02174600,0.94000000
2018-02-25 09:09:06,0.02174600,1.00000000
2018-02-25 09:09:06,0.02174600,1.59000000
2018-02-25 09:09:08,0.02174600,5.69000000
2018-02-25 09:09:08,0.02174400,0.11000000
2018-02-25 09:09:09,0.02174400,0.80000000
2018-02-25 09:09:10,0.02174400,0.41000000
2018-02-25 09:09:12,0.02174400,0.14000000
2018-02-25 09:09:14,0.02174400,2.47000000
2018-02-25 09:09:14,0.02178000,4.30000000
2018-02-25 09:09:14,0.02178200,1.87000000
2018-02-25 09:09:15,0.02178200,0.12000000
2018-02-25 09:09:15,0.02178200,3.81000000
2018-02-25 09:09:15,0.02178200,2.00000000
2018-02-25 09:09:15,0.02178200,0.90000000
2018-02-25 09:09:16,0.02178200,0.59000000
2018-02-25 09:09:18,0.02174600,1.00000000
2018-02-25 09:09:18,0.02177600,3.66000000
2018-02-25 09:09:23,0.02175600,0.10000000
2018-02-25 09:09:29,0.02177600,0.56000000
2018-02-25 09:09:30,0.02175600,22.81000000
2018-02-25 09:09:31,0.02174500,0.29000000
2018-02-25 09:09:31,0.02175600,0.59000000
2018-02-25 09:09:32,0.02175600,0.50000000
2018-02-25 09:09:32,0.02175600,0.24000000
2018-02-25 09:09:44,0.02177500,0.05000000
2018-02-25 09:09:45,0.02177500,0.72000000
2018-02-25 09:09:45,0.02178200,0.02000000
2018-02-25 09:09:47,0.02178200,0.17000000
2018-02-25 09:09:47,0.02178500,0.07000000
2018-02-25 09:09:47,0.02177500,0.44000000
2018-02-25 09:09:48,0.02178500,0.33000000
2018-02-25 09:09:48,0.02177500,0.15000000
2018-02-25 09:09:48,0.02175600,1.25000000
2018-02-25 09:09:51,0.02178500,0.45000000
2018-02-25 09:10:02,0.02176200,0.91000000
2018-02-25 09:10:02,0.02176000,3.53000000
2018-02-25 09:10:03,0.02176000,0.04000000
2018-02-25 09:10:03,0.02176000,1.37000000
2018-02-25 09:10:03,0.02176000,0.61000000
2018-02-25 09:10:14,0.02178500,0.14000000
2018-02-25 09:10:15,0.02177000,1.37000000
2018-02-25 09:10:16,0.02177000,0.91000000
2018-02-25 09:10:16,0.02177000,1.27000000
2018-02-25 09:10:16,0.02177000,0.11000000
2018-02-25 09:10:25,0.02178200,0.93000000
2018-02-25 09:10:28,0.02178200,5.81000000
2018-02-25 09:10:33,0.02176200,1.90000000
2018-02-25 09:10:39,0.02176200,6.41000000
2018-02-25 09:10:39,0.02176100,0.58000000
2018-02-25 09:10:45,0.02177900,3.57000000
2018-02-25 09:10:45,0.02178100,1.00000000
2018-02-25 09:10:45,0.02178200,0.53000000
2018-02-25 09:10:45,0.02178500,4.11000000
2018-02-25 09:10:45,0.02178600,0.94000000
2018-02-25 09:10:45,0.02179000,0.25000000
2018-02-25 09:10:45,0.02179200,0.05000000
2018-02-25 09:10:45,0.02179900,4.27000000
2018-02-25 09:10:45,0.02180000,69.95000000
2018-02-25 09:10:46,0.02180000,0.89000000
2018-02-25 09:10:46,0.02180000,0.29000000
2018-02-25 09:10:46,0.02180000,0.70000000
2018-02-25 09:10:48,0.02180000,1.32000000
2018-02-25 09:10:49,0.02180000,1.75000000
2018-02-25 09:10:49,0.02180000,1.37000000
2018-02-25 09:10:49,0.02180000,1.37000000
2018-02-25 09:10:49,0.02180000,0.67000000
2018-02-25 09:10:49,0.02180100,0.59000000
2018-02-25 09:10:49,0.02180000,0.08000000
2018-02-25 09:10:50,0.02180100,0.01000000
2018-02-25 09:10:51,0.02180500,0.50000000
2018-02-25 09:10:51,0.02180800,1.96000000
2018-02-25 09:10:51,0.02180200,0.93000000
2018-02-25 09:10:53,0.02180000,0.01000000
2018-02-25 09:10:53,0.02178200,0.89000000
2018-02-25 09:10:54,0.02178200,0.30000000
2018-02-25 09:10:54,0.02179000,1.00000000
2018-02-25 09:10:55,0.02178200,0.48000000
2018-02-25 09:10:56,0.02178200,0.19000000
2018-02-25 09:10:57,0.02180100,0.51000000
2018-02-25 09:10:57,0.02178000,0.05000000
2018-02-25 09:10:57,0.02178000,0.05000000
2018-02-25 09:10:58,0.02180100,0.46000000
2018-02-25 09:10:58,0.02180800,1.20000000
2018-02-25 09:11:01,0.02180800,0.01000000
2018-02-25 09:11:01,0.02180900,1.64000000
2018-02-25 09:11:01,0.02181000,3.20000000
2018-02-25 09:11:01,0.02178400,0.10000000
2018-02-25 09:11:01,0.02178200,1.49000000
2018-02-25 09:11:01,0.02178200,0.24000000
2018-02-25 09:11:01,0.02181000,4.58000000
2018-02-25 09:11:01,0.02181000,1.21000000
2018-02-25 09:11:01,0.02181000,0.01000000
2018-02-25 09:11:01,0.02181200,0.10000000
2018-02-25 09:11:01,0.02181600,0.18000000
2018-02-25 09:11:02,0.02178400,0.14000000
2018-02-25 09:11:02,0.02178400,0.20000000
2018-02-25 09:11:02,0.02181600,1.83000000
2018-02-25 09:11:03,0.02181400,3.56000000
2018-02-25 09:11:03,0.02181800,1.00000000
2018-02-25 09:11:03,0.02181900,0.52000000
2018-02-25 09:11:03,0.02182000,1.54000000
2018-02-25 09:11:05,0.02182000,1.00000000
2018-02-25 09:11:05,0.02182600,0.16000000
2018-02-25 09:11:06,0.02181900,0.05000000
2018-02-25 09:11:06,0.02181900,1.62000000
2018-02-25 09:11:06,0.02178500,0.19000000
2018-02-25 09:11:09,0.02181900,0.01000000
2018-02-25 09:11:12,0.02181900,2.99000000
2018-02-25 09:11:13,0.02181900,0.07000000
2018-02-25 09:11:14,0.02181700,1.82000000
2018-02-25 09:11:15,0.02181700,2.54000000
2018-02-25 09:11:15,0.02181700,5.65000000
2018-02-25 09:11:16,0.02178600,2.30000000
2018-02-25 09:11:16,0.02178600,0.19000000
2018-02-25 09:11:24,0.02180700,0.51000000
2018-02-25 09:11:24,0.02181000,12.90000000
2018-02-25 09:11:26,0.02180900,0.78000000
2018-02-25 09:11:26,0.02180900,0.16000000
2018-02-25 09:11:26,0.02178600,2.30000000
2018-02-25 09:11:26,0.02178600,0.19000000
2018-02-25 09:11:27,0.02178600,0.12000000
2018-02-25 09:11:35,0.02178700,0.11000000
2018-02-25 09:11:35,0.02178700,0.39000000
2018-02-25 09:11:35,0.02180200,0.45000000
2018-02-25 09:11:36,0.02178700,0.19000000
2018-02-25 09:11:41,0.02178700,0.29000000
2018-02-25 09:11:41,0.02178700,1.72000000
2018-02-25 09:11:42,0.02178700,2.99000000
2018-02-25 09:11:43,0.02178700,3.18000000
2018-02-25 09:11:44,0.02178700,3.18000000
2018-02-25 09:11:44,0.02178700,2.14000000
2018-02-25 09:11:45,0.02178700,2.27000000
2018-02-25 09:11:46,0.02179100,0.10000000
2018-02-25 09:11:46,0.02178700,0.19000000
2018-02-25 09:11:48,0.02179600,0.34000000
2018-02-25 09:11:52,0.02179600,0.05000000
2018-02-25 09:11:52,0.02179600,1.64000000
2018-02-25 09:11:53,0.02179000,0.89000000
2018-02-25 09:11:53,0.02179000,0.14000000
2018-02-25 09:11:54,0.02178700,0.11000000
2018-02-25 09:11:54,0.02178700,0.94000000
2018-02-25 09:11:56,0.02178700,0.11000000
2018-02-25 09:11:56,0.02178700,0.19000000
2018-02-25 09:11:57,0.02178700,0.11000000
2018-02-25 09:11:59,0.02178700,0.11000000
2018-02-25 09:12:00,0.02178900,0.91000000
2018-02-25 09:12:00,0.02178900,0.75000000
2018-02-25 09:12:02,0.02179000,0.06000000
2018-02-25 09:12:02,0.02178900,2.06000000
2018-02-25 09:12:02,0.02179000,2.29000000
2018-02-25 09:12:02,0.02178900,0.94000000
2018-02-25 09:12:03,0.02178900,0.44000000
2018-02-25 09:12:04,0.02178900,0.28000000
2018-02-25 09:12:04,0.02179000,10.82000000
2018-02-25 09:12:06,0.02179000,2.06000000
2018-02-25 09:12:06,0.02179000,0.21000000
2018-02-25 09:12:07,0.02179000,0.19000000
2018-02-25 09:12:07,0.02179000,0.11000000
2018-02-25 09:12:15,0.02179600,0.17000000
2018-02-25 09:12:15,0.02179000,0.07000000
2018-02-25 09:12:15,0.02179000,3.69000000
2018-02-25 09:12:15,0.02178900,4.17000000
2018-02-25 09:12:16,0.02178900,4.13000000
2018-02-25 09:12:17,0.02179000,0.19000000
2018-02-25 09:12:17,0.02179400,0.05000000
2018-02-25 09:12:20,0.02179400,0.36000000
2018-02-25 09:12:20,0.02179400,1.08000000
2018-02-25 09:12:20,0.02179500,1.72000000
2018-02-25 09:12:20,0.02178900,0.81000000
2018-02-25 09:12:24,0.02179500,0.36000000
2018-02-25 09:12:26,0.02179000,0.19000000
2018-02-25 09:12:27,0.02179500,3.46000000
2018-02-25 09:12:27,0.02179600,0.24000000
2018-02-25 09:12:27,0.02180500,3.75000000
2018-02-25 09:12:31,0.02180400,3.56000000
2018-02-25 09:12:32,0.02179500,0.20000000
2018-02-25 09:12:33,0.02179000,17.82000000
2018-02-25 09:12:36,0.02179500,1.08000000
2018-02-25 09:12:36,0.02179500,0.19000000
2018-02-25 09:12:37,0.02180400,0.83000000
2018-02-25 09:12:38,0.02180400,0.42000000
2018-02-25 09:12:38,0.02179500,0.66000000
2018-02-25 09:12:39,0.02180400,0.73000000
2018-02-25 09:12:39,0.02180500,0.70000000
2018-02-25 09:12:40,0.02179500,6.47000000
2018-02-25 09:12:42,0.02179000,0.11000000
2018-02-25 09:12:43,0.02179000,1.43000000
2018-02-25 09:12:45,0.02179000,0.05000000
2018-02-25 09:12:45,0.02179000,3.33000000
2018-02-25 09:12:46,0.02179000,0.07000000
2018-02-25 09:12:46,0.02179000,0.19000000
2018-02-25 09:12:48,0.02179000,4.90000000
2018-02-25 09:12:53,0.02179000,1.00000000
2018-02-25 09:12:56,0.02179000,0.19000000
2018-02-25 09:12:58,0.02179100,0.10000000
2018-02-25 09:12:58,0.02179100,15.84000000
2018-02-25 09:13:00,0.02179500,0.19000000
2018-02-25 09:13:00,0.02180500,4.78000000
2018-02-25 09:13:00,0.02182600,0.06000000
2018-02-25 09:13:02,0.02182400,0.71000000
2018-02-25 09:13:02,0.02182600,1.26000000
2018-02-25 09:13:02,0.02182700,0.99000000
2018-02-25 09:13:02,0.02183000,0.35000000
2018-02-25 09:13:02,0.02179100,0.82000000
2018-02-25 09:13:03,0.02182400,0.71000000
2018-02-25 09:13:03,0.02183000,3.83000000
2018-02-25 09:13:03,0.02183400,2.26000000
2018-02-25 09:13:04,0.02179100,0.08000000
2018-02-25 09:13:06,0.02179200,0.40000000
2018-02-25 09:13:06,0.02182300,0.77000000
2018-02-25 09:13:06,0.02183100,0.10000000
2018-02-25 09:13:06,0.02183400,0.24000000
2018-02-25 09:13:06,0.02183600,0.16000000
2018-02-25 09:13:06,0.02183700,0.49000000
2018-02-25 09:13:06,0.02183800,21.60000000
2018-02-25 09:13:06,0.02184000,1.89000000
2018-02-25 09:13:06,0.02184200,0.50000000
2018-02-25 09:13:06,0.02184300,1.32000000
2018-02-25 09:13:06,0.02184600,0.10000000
2018-02-25 09:13:06,0.02184800,1.00000000
2018-02-25 09:13:06,0.02184900,0.50000000
2018-02-25 09:13:06,0.02185000,2.49000000
2018-02-25 09:13:06,0.02179300,0.11000000
2018-02-25 09:13:07,0.02179300,0.19000000
2018-02-25 09:13:07,0.02182200,0.90000000
2018-02-25 09:13:07,0.02182600,16.75000000
2018-02-25 09:13:08,0.02179300,2.47000000
2018-02-25 09:13:08,0.02182100,0.40000000
2018-02-25 09:13:08,0.02183100,1.18000000
2018-02-25 09:13:08,0.02183100,0.06000000
2018-02-25 09:13:08,0.02183100,0.34000000
2018-02-25 09:13:08,0.02179300,0.06000000
2018-02-25 09:13:09,0.02179500,0.94000000
2018-02-25 09:13:09,0.02179300,0.56000000
2018-02-25 09:13:09,0.02179300,0.08000000
2018-02-25 09:13:09,0.02179300,0.81000000
2018-02-25 09:13:11,0.02179100,0.08000000
2018-02-25 09:13:13,0.02179100,0.47000000
2018-02-25 09:13:13,0.02179000,0.05000000
2018-02-25 09:13:14,0.02179000,0.05000000
2018-02-25 09:13:14,0.02181800,0.55000000
2018-02-25 09:13:14,0.02181900,1.99000000
2018-02-25 09:13:15,0.02179100,0.11000000
2018-02-25 09:13:15,0.02179100,7.72000000
2018-02-25 09:13:15,0.02179100,0.11000000
2018-02-25 09:13:16,0.02179100,9.54000000
2018-02-25 09:13:16,0.02179100,2.29000000
2018-02-25 09:13:16,0.02179100,35.48000000
2018-02-25 09:13:16,0.02179100,0.32000000
2018-02-25 09:13:16,0.02179200,0.19000000
2018-02-25 09:13:17,0.02179200,15.81000000
2018-02-25 09:13:17,0.02179100,0.02000000
2018-02-25 09:13:17,0.02179100,1.20000000
2018-02-25 09:13:17,0.02179100,0.11000000
2018-02-25 09:13:17,0.02179100,3.20000000
2018-02-25 09:13:17,0.02179100,0.39000000
2018-02-25 09:13:17,0.02179100,18.32000000
2018-02-25 09:13:17,0.02179100,15.48000000
2018-02-25 09:13:17,0.02179100,5.70000000
2018-02-25 09:13:17,0.02179100,12.02000000
2018-02-25 09:13:18,0.02179100,12.02000000
2018-02-25 09:13:18,0.02179100,7.37000000
2018-02-25 09:13:19,0.02179100,0.01000000
2018-02-25 09:13:19,0.02179000,0.05000000
2018-02-25 09:13:19,0.02179000,34.56000000
2018-02-25 09:13:19,0.02179200,2.00000000
2018-02-25 09:13:19,0.02179200,0.64000000
2018-02-25 09:13:19,0.02179200,0.21000000
2018-02-25 09:13:19,0.02179000,11.79000000
2018-02-25 09:13:19,0.02179000,12.00000000
2018-02-25 09:13:20,0.02179000,1.50000000
2018-02-25 09:13:20,0.02179000,0.32000000
2018-02-25 09:13:20,0.02179000,7.87000000
2018-02-25 09:13:20,0.02179000,8.70000000
2018-02-25 09:13:20,0.02178900,3.30000000
2018-02-25 09:13:20,0.02178900,0.08000000
2018-02-25 09:13:21,0.02179400,2.46000000
2018-02-25 09:13:21,0.02178900,0.01000000
2018-02-25 09:13:21,0.02178900,1.59000000
2018-02-25 09:13:21,0.02178900,7.87000000
2018-02-25 09:13:22,0.02178900,17.19000000
2018-02-25 09:13:22,0.02178900,8.64000000
2018-02-25 09:13:23,0.02178900,28.98000000
2018-02-25 09:13:23,0.02178900,1.71000000
2018-02-25 09:13:23,0.02178900,8.64000000
2018-02-25 09:13:23,0.02178900,0.22000000
2018-02-25 09:13:23,0.02178900,5.16000000
2018-02-25 09:13:23,0.02178900,0.33000000
2018-02-25 09:13:25,0.02179000,0.05000000
2018-02-25 09:13:25,0.02179000,4.45000000
2018-02-25 09:13:25,0.02178900,7.55000000
2018-02-25 09:13:26,0.02178900,0.07000000
2018-02-25 09:13:26,0.02178900,0.12000000
2018-02-25 09:13:27,0.02179000,0.22000000
2018-02-25 09:13:27,0.02179000,1.13000000
2018-02-25 09:13:27,0.02178900,0.26000000
2018-02-25 09:13:27,0.02178800,0.90000000
2018-02-25 09:13:29,0.02178800,10.70000000
2018-02-25 09:13:29,0.02178800,0.06000000
2018-02-25 09:13:30,0.02178800,4.17000000
2018-02-25 09:13:30,0.02180600,0.05000000
2018-02-25 09:13:31,0.02178800,0.18000000
2018-02-25 09:13:34,0.02178800,4.44000000
2018-02-25 09:13:34,0.02178700,1.74000000
2018-02-25 09:13:34,0.02178800,0.12000000
2018-02-25 09:13:35,0.02178800,0.05000000
2018-02-25 09:13:35,0.02178800,0.80000000
2018-02-25 09:13:36,0.02178800,0.13000000
2018-02-25 09:13:38,0.02178800,0.06000000
2018-02-25 09:13:39,0.02178800,0.12000000
2018-02-25 09:13:40,0.02178800,0.06000000
2018-02-25 09:13:40,0.02178800,0.45000000
2018-02-25 09:13:40,0.02178700,2.80000000
2018-02-25 09:13:40,0.02178700,0.80000000
2018-02-25 09:13:40,0.02178700,0.80000000
2018-02-25 09:13:41,0.02178700,1.14000000
2018-02-25 09:13:42,0.02178700,10.78000000
2018-02-25 09:13:44,0.02178700,0.68000000
2018-02-25 09:13:44,0.02178800,6.22000000
2018-02-25 09:13:45,0.02178800,0.05000000
2018-02-25 09:13:45,0.02178800,0.05000000
2018-02-25 09:13:46,0.02178800,0.11000000
2018-02-25 09:13:46,0.02178800,0.28000000
2018-02-25 09:13:47,0.02178800,0.11000000
2018-02-25 09:13:48,0.02178800,4.46000000
2018-02-25 09:13:48,0.02178800,0.05000000
2018-02-25 09:13:49,0.02178800,0.05000000
2018-02-25 09:13:50,0.02178800,2.55000000
2018-02-25 09:13:50,0.02178800,1.85000000
2018-02-25 09:13:50,0.02178800,0.19000000
2018-02-25 09:13:50,0.02178800,0.63000000
2018-02-25 09:13:50,0.02178700,5.46000000
2018-02-25 09:13:51,0.02178700,0.80000000
2018-02-25 09:13:52,0.02178700,0.11000000
2018-02-25 09:13:52,0.02178700,10.83000000
2018-02-25 09:13:52,0.02178700,4.07000000
2018-02-25 09:13:52,0.02178700,0.23000000
2018-02-25 09:13:54,0.02178800,0.11000000
2018-02-25 09:13:55,0.02178800,1.60000000
2018-02-25 09:13:55,0.02178800,4.46000000
2018-02-25 09:13:57,0.02178800,2.68000000
2018-02-25 09:13:59,0.02178800,1.37000000
2018-02-25 09:13:59,0.02178800,0.05000000
2018-02-25 09:13:59,0.02178800,0.06000000
2018-02-25 09:14:01,0.02178800,2.68000000
2018-02-25 09:14:02,0.02178800,0.29000000
2018-02-25 09:14:02,0.02178800,0.10000000
2018-02-25 09:14:02,0.02178800,4.25000000
2018-02-25 09:14:02,0.02178800,0.12000000
2018-02-25 09:14:02,0.02178800,0.12000000
2018-02-25 09:14:04,0.02178800,2.77000000
2018-02-25 09:14:05,0.02178800,0.89000000
2018-02-25 09:14:05,0.02178800,2.12000000
2018-02-25 09:14:05,0.02178700,12.22000000
2018-02-25 09:14:10,0.02178800,0.46000000
2018-02-25 09:14:11,0.02178800,2.10000000
2018-02-25 09:14:11,0.02178700,16.00000000
2018-02-25 09:14:12,0.02178700,10.90000000
2018-02-25 09:14:12,0.02178700,0.46000000
2018-02-25 09:14:15,0.02178800,0.11000000
2018-02-25 09:14:16,0.02178800,0.15000000
2018-02-25 09:14:17,0.02178800,0.20000000
2018-02-25 09:14:17,0.02178700,3.74000000
2018-02-25 09:14:17,0.02178700,0.58000000
2018-02-25 09:14:19,0.02178700,0.46000000
2018-02-25 09:14:20,0.02178700,0.31000000
2018-02-25 09:14:21,0.02178900,0.10000000
2018-02-25 09:14:23,0.02178700,0.05000000
2018-02-25 09:14:23,0.02178700,0.36000000
2018-02-25 09:14:24,0.02178700,4.76000000
2018-02-25 09:14:24,0.02178600,18.34000000
2018-02-25 09:14:25,0.02178600,8.26000000
2018-02-25 09:14:28,0.02178600,8.41000000
2018-02-25 09:14:30,0.02178600,4.08000000
2018-02-25 09:14:34,0.02178600,1.00000000
2018-02-25 09:14:34,0.02178600,4.47000000
2018-02-25 09:14:36,0.02178900,1.47000000
2018-02-25 09:14:37,0.02178600,0.05000000
2018-02-25 09:14:38,0.02178700,3.37000000
2018-02-25 09:14:38,0.02178600,1.32000000
2018-02-25 09:14:39,0.02178600,0.30000000
2018-02-25 09:14:42,0.02178600,0.34000000
2018-02-25 09:14:42,0.02178600,1.50000000
2018-02-25 09:14:49,0.02178600,0.35000000
2018-02-25 09:14:49,0.02178700,0.71000000
2018-02-25 09:14:50,0.02178700,0.38000000
2018-02-25 09:14:53,0.02178600,0.70000000
2018-02-25 09:14:53,0.02178600,4.78000000
2018-02-25 09:14:53,0.02178600,6.00000000
2018-02-25 09:14:55,0.02178600,2.65000000
2018-02-25 09:14:55,0.02178600,18.71000000
2018-02-25 09:14:55,0.02178600,5.81000000
2018-02-25 09:14:56,0.02178600,2.97000000
2018-02-25 09:14:57,0.02178600,0.10000000
2018-02-25 09:14:58,0.02178600,44.20000000
2018-02-25 09:14:58,0.02178600,1.31000000
2018-02-25 09:14:59,0.02178600,9.69000000
2018-02-25 09:15:01,0.02178300,3.00000000
2018-02-25 09:15:02,0.02178300,1.53000000
2018-02-25 09:15:02,0.02178300,2.41000000
2018-02-25 09:15:03,0.02178300,4.96000000
2018-02-25 09:15:04,0.02178300,0.73000000
2018-02-25 09:15:07,0.02178300,0.46000000
2018-02-25 09:15:08,0.02178300,2.87000000
2018-02-25 09:15:08,0.02178300,1.27000000
2018-02-25 09:15:08,0.02178300,1.37000000
2018-02-25 09:15:08,0.02178300,18.50000000
2018-02-25 09:15:08,0.02178300,34.89000000
2018-02-25 09:15:08,0.02178300,7.47000000
2018-02-25 09:15:08,0.02178300,2.59000000
2018-02-25 09:15:08,0.02178300,1.37000000
2018-02-25 09:15:09,0.02178300,6.71000000
2018-02-25 09:15:09,0.02178300,4.16000000
2018-02-25 09:15:09,0.02178200,53.18000000
2018-02-25 09:15:09,0.02178200,10.67000000
2018-02-25 09:15:09,0.02178200,1.15000000
2018-02-25 09:15:09,0.02178200,0.74000000
2018-02-25 09:15:09,0.02178200,1.37000000
2018-02-25 09:15:09,0.02178200,0.34000000
2018-02-25 09:15:09,0.02178200,0.06000000
2018-02-25 09:15:09,0.02178200,0.33000000
2018-02-25 09:15:09,0.02178200,0.34000000
2018-02-25 09:15:09,0.02178300,4.00000000
2018-02-25 09:15:10,0.02178200,0.19000000
2018-02-25 09:15:10,0.02178300,1.00000000
2018-02-25 09:15:10,0.02178200,0.11000000
2018-02-25 09:15:10,0.02178200,0.38000000
2018-02-25 09:15:10,0.02178000,2.59000000
2018-02-25 09:15:10,0.02178000,1.61000000
2018-02-25 09:15:10,0.02178000,6.43000000
2018-02-25 09:15:10,0.02178300,0.48000000
2018-02-25 09:15:11,0.02178000,0.64000000
2018-02-25 09:15:11,0.02178000,1.71000000
2018-02-25 09:15:11,0.02178000,0.12000000
2018-02-25 09:15:11,0.02178000,6.12000000
2018-02-25 09:15:11,0.02178000,2.29000000
2018-02-25 09:15:13,0.02178000,5.95000000
2018-02-25 09:15:13,0.02178000,3.35000000
2018-02-25 09:15:13,0.02178000,11.09000000
2018-02-25 09:15:14,0.02178000,6.71000000
2018-02-25 09:15:14,0.02178000,2.59000000
2018-02-25 09:15:14,0.02178000,12.25000000
2018-02-25 09:15:14,0.02178000,0.40000000
2018-02-25 09:15:14,0.02178200,0.23000000
2018-02-25 09:15:14,0.02178200,0.10000000
2018-02-25 09:15:14,0.02178200,0.02000000
2018-02-25 09:15:14,0.02178200,0.22000000
2018-02-25 09:15:14,0.02178200,0.56000000
2018-02-25 09:15:14,0.02178000,0.24000000
2018-02-25 09:15:14,0.02178000,0.12000000
2018-02-25 09:15:15,0.02178000,3.15000000
2018-02-25 09:15:15,0.02178000,4.57000000
2018-02-25 09:15:15,0.02178000,0.22000000
2018-02-25 09:15:15,0.02178000,2.59000000
2018-02-25 09:15:15,0.02178000,10.80000000
2018-02-25 09:15:15,0.02178000,3.35000000
2018-02-25 09:15:15,0.02178000,0.33000000
2018-02-25 09:15:16,0.02178000,4.66000000
2018-02-25 09:15:16,0.02178000,2.30000000
2018-02-25 09:15:17,0.02178000,0.10000000
2018-02-25 09:15:18,0.02178000,1.39000000
2018-02-25 09:15:18,0.02178000,0.11000000
2018-02-25 09:15:20,0.02178100,1.50000000
2018-02-25 09:15:20,0.02178100,2.60000000
2018-02-25 09:15:20,0.02178100,3.95000000
2018-02-25 09:15:20,0.02178000,5.23000000
2018-02-25 09:15:20,0.02178000,18.50000000
2018-02-25 09:15:20,0.02178000,2.86000000
2018-02-25 09:15:20,0.02178000,1.69000000
2018-02-25 09:15:20,0.02178000,17.49000000
2018-02-25 09:15:21,0.02178000,5.00000000
2018-02-25 09:15:25,0.02178100,4.78000000
2018-02-25 09:15:27,0.02178200,2.29000000
2018-02-25 09:15:28,0.02178300,0.07000000
2018-02-25 09:15:29,0.02178300,0.11000000
2018-02-25 09:15:30,0.02178500,0.05000000
2018-02-25 09:15:32,0.02178400,1.80000000
2018-02-25 09:15:36,0.02178400,6.25000000
2018-02-25 09:15:44,0.02178400,3.37000000
2018-02-25 09:15:44,0.02178400,0.97000000
2018-02-25 09:15:47,0.02178400,2.32000000
2018-02-25 09:15:49,0.02178400,0.04000000
2018-02-25 09:15:57,0.02178400,1.01000000
2018-02-25 09:15:57,0.02178300,0.19000000
2018-02-25 09:15:57,0.02178300,0.79000000
2018-02-25 09:15:59,0.02178400,6.17000000
2018-02-25 09:16:00,0.02178300,0.97000000
2018-02-25 09:16:01,0.02178300,22.11000000
2018-02-25 09:16:01,0.02178400,0.48000000
2018-02-25 09:16:02,0.02178400,0.83000000
2018-02-25 09:16:03,0.02178400,6.73000000
2018-02-25 09:16:05,0.02178300,1.50000000
2018-02-25 09:16:05,0.02178300,1.14000000
2018-02-25 09:16:05,0.02178400,24.64000000
2018-02-25 09:16:06,0.02178400,3.72000000
2018-02-25 09:16:06,0.02178500,0.87000000
2018-02-25 09:16:07,0.02178500,0.91000000
2018-02-25 09:16:07,0.02178300,0.24000000
2018-02-25 09:16:10,0.02178400,0.23000000
2018-02-25 09:16:10,0.02178500,0.87000000
2018-02-25 09:16:10,0.02178300,2.00000000
2018-02-25 09:16:11,0.02178500,0.82000000
2018-02-25 09:16:13,0.02178500,2.41000000
2018-02-25 09:16:13,0.02178500,0.18000000
2018-02-25 09:16:14,0.02178500,0.38000000
2018-02-25 09:16:14,0.02178500,0.55000000
2018-02-25 09:16:14,0.02178500,0.55000000
2018-02-25 09:16:15,0.02178400,8.05000000
2018-02-25 09:16:16,0.02178500,0.04000000
2018-02-25 09:16:16,0.02178600,0.55000000
2018-02-25 09:16:18,0.02178600,8.05000000
2018-02-25 09:16:18,0.02178600,1.37000000
2018-02-25 09:16:18,0.02178600,10.61000000
2018-02-25 09:16:18,0.02178500,0.99000000
2018-02-25 09:16:18,0.02178600,0.05000000
2018-02-25 09:16:19,0.02178600,0.05000000
2018-02-25 09:16:19,0.02178600,0.11000000
2018-02-25 09:16:20,0.02178600,4.79000000
2018-02-25 09:16:20,0.02178600,29.94000000
2018-02-25 09:16:21,0.02178500,2.55000000
2018-02-25 09:16:21,0.02178300,0.99000000
2018-02-25 09:16:21,0.02178600,4.71000000
2018-02-25 09:16:23,0.02178600,3.34000000
2018-02-25 09:16:25,0.02178600,0.30000000
2018-02-25 09:16:26,0.02178600,2.85000000
2018-02-25 09:16:27,0.02178700,0.90000000
2018-02-25 09:16:27,0.02178800,0.05000000
2018-02-25 09:16:27,0.02180000,0.08000000
2018-02-25 09:16:27,0.02181900,4.29000000
2018-02-25 09:16:27,0.02182900,0.23000000
2018-02-25 09:16:27,0.02178300,0.10000000
2018-02-25 09:16:28,0.02178400,0.10000000
2018-02-25 09:16:28,0.02178700,0.40000000
2018-02-25 09:16:29,0.02178800,4.19000000
2018-02-25 09:16:29,0.02178600,1.08000000
2018-02-25 09:16:29,0.02178300,6.22000000
2018-02-25 09:16:31,0.02178300,1.44000000
2018-02-25 09:16:31,0.02178300,0.46000000
2018-02-25 09:16:35,0.02178300,0.53000000
2018-02-25 09:16:35,0.02178000,0.47000000
2018-02-25 09:16:36,0.02178000,0.66000000
2018-02-25 09:16:39,0.02178600,0.12000000
2018-02-25 09:16:44,0.02178100,0.66000000
2018-02-25 09:16:44,0.02178000,0.34000000
2018-02-25 09:16:44,0.02178400,0.67000000
2018-02-25 09:16:44,0.02178600,2.22000000
2018-02-25 09:16:46,0.02178000,0.05000000
2018-02-25 09:16:46,0.02178000,0.05000000
2018-02-25 09:16:47,0.02178000,14.88000000
2018-02-25 09:16:48,0.02178000,3.57000000
2018-02-25 09:16:49,0.02178000,1.02000000
2018-02-25 09:16:49,0.02178000,0.53000000
2018-02-25 09:16:49,0.02178000,0.43000000
2018-02-25 09:16:52,0.02178000,2.61000000
2018-02-25 09:16:52,0.02178000,1.37000000
2018-02-25 09:16:52,0.02178000,6.91000000
2018-02-25 09:16:52,0.02178000,1.71000000
2018-02-25 09:16:52,0.02178000,8.64000000
2018-02-25 09:16:53,0.02178500,2.09000000
2018-02-25 09:16:59,0.02178100,0.06000000
2018-02-25 09:16:59,0.02178000,2.38000000
2018-02-25 09:17:05,0.02178000,0.75000000
2018-02-25 09:17:05,0.02178000,0.28000000
2018-02-25 09:17:06,0.02178000,1.50000000
2018-02-25 09:17:09,0.02178000,2.30000000
2018-02-25 09:17:11,0.02178000,0.46000000
2018-02-25 09:17:12,0.02178000,2.22000000
2018-02-25 09:17:12,0.02178000,1.37000000
2018-02-25 09:17:12,0.02178000,2.53000000
2018-02-25 09:17:19,0.02178000,0.05000000
2018-02-25 09:17:21,0.02178000,0.05000000
2018-02-25 09:17:23,0.02178000,5.12000000
2018-02-25 09:17:24,0.02178000,2.10000000
2018-02-25 09:17:24,0.02178000,0.11000000
2018-02-25 09:17:25,0.02178000,0.11000000
2018-02-25 09:17:26,0.02178000,0.68000000
2018-02-25 09:17:27,0.02177500,2.00000000
2018-02-25 09:17:28,0.02177500,0.11000000
2018-02-25 09:17:28,0.02177500,0.29000000
2018-02-25 09:17:30,0.02178000,0.10000000
2018-02-25 09:17:30,0.02178000,0.58000000
2018-02-25 09:17:30,0.02178000,4.59000000
2018-02-25 09:17:30,0.02178000,1.83000000
2018-02-25 09:17:30,0.02178000,1.26000000
2018-02-25 09:17:30,0.02178000,0.40000000
2018-02-25 09:17:31,0.02178000,1.36000000
2018-02-25 09:17:34,0.02178000,0.11000000
2018-02-25 09:17:34,0.02178000,2.89000000
2018-02-25 09:17:35,0.02177500,1.50000000
2018-02-25 09:17:35,0.02177500,0.42000000
2018-02-25 09:17:36,0.02176500,1.81000000
2018-02-25 09:17:38,0.02176200,2.33000000
2018-02-25 09:17:41,0.02176200,0.01000000
2018-02-25 09:17:41,0.02176100,1.07000000
2018-02-25 09:17:45,0.02176100,0.42000000
2018-02-25 09:17:52,0.02178000,1.85000000
2018-02-25 09:17:52,0.02178100,0.95000000
2018-02-25 09:17:54,0.02176200,0.10000000
2018-02-25 09:17:56,0.02176100,0.48000000
2018-02-25 09:17:57,0.02176100,0.53000000
2018-02-25 09:17:58,0.02176200,0.40000000
2018-02-25 09:17:58,0.02176200,0.33000000
2018-02-25 09:18:01,0.02176200,0.10000000
2018-02-25 09:18:01,0.02176100,0.30000000
2018-02-25 09:18:01,0.02176100,0.53000000
2018-02-25 09:18:01,0.02178000,1.61000000
2018-02-25 09:18:03,0.02176200,0.13000000
2018-02-25 09:18:07,0.02176200,0.02000000
2018-02-25 09:18:07,0.02178000,2.05000000
2018-02-25 09:18:07,0.02178100,1.72000000
2018-02-25 09:18:08,0.02176100,2.28000000
2018-02-25 09:18:13,0.02178100,0.11000000
2018-02-25 09:18:19,0.02178100,5.37000000
2018-02-25 09:18:19,0.02178200,0.13000000
2018-02-25 09:18:19,0.02178600,3.21000000
2018-02-25 09:18:19,0.02179000,0.40000000
2018-02-25 09:18:19,0.02179500,0.11000000
2018-02-25 09:18:19,0.02180000,0.14000000
2018-02-25 09:18:31,0.02179600,0.45000000
2018-02-25 09:18:34,0.02179500,0.45000000
2018-02-25 09:18:34,0.02179500,2.29000000
2018-02-25 09:18:36,0.02176500,0.45000000
2018-02-25 09:18:36,0.02176400,2.04000000
2018-02-25 09:18:43,0.02176400,2.01000000
2018-02-25 09:18:43,0.02179500,1.55000000
2018-02-25 09:18:47,0.02179600,0.20000000
2018-02-25 09:18:47,0.02179600,0.46000000
2018-02-25 09:18:47,0.02179600,0.19000000
2018-02-25 09:18:48,0.02178000,0.20000000
2018-02-25 09:18:48,0.02179500,0.10000000
2018-02-25 09:18:48,0.02178000,0.21000000
2018-02-25 09:18:48,0.02176600,0.23000000
2018-02-25 09:18:55,0.02179700,5.21000000
2018-02-25 09:19:00,0.02179600,0.23000000
2018-02-25 09:19:00,0.02179700,0.78000000
2018-02-25 09:19:01,0.02177500,1.13000000
2018-02-25 09:19:03,0.02179600,0.24000000
2018-02-25 09:19:09,0.02179600,10.49000000
2018-02-25 09:19:09,0.02179600,3.52000000
2018-02-25 09:19:10,0.02177500,0.46000000
2018-02-25 09:19:12,0.02179600,0.23000000
2018-02-25 09:19:12,0.02179700,0.07000000
2018-02-25 09:19:21,0.02177800,0.17000000
2018-02-25 09:19:21,0.02177700,3.61000000
2018-02-25 09:19:25,0.02179000,1.00000000
2018-02-25 09:19:26,0.02179600,0.20000000
2018-02-25 09:19:26,0.02179700,0.25000000
2018-02-25 09:19:26,0.02177700,1.31000000
2018-02-25 09:19:28,0.02179700,0.46000000
2018-02-25 09:19:33,0.02179700,0.01000000
2018-02-25 09:19:33,0.02180000,0.84000000
2018-02-25 09:19:33,0.02182000,0.15000000
2018-02-25 09:19:37,0.02180700,0.17000000
2018-02-25 09:19:37,0.02181000,0.05000000
2018-02-25 09:19:37,0.02182000,1.00000000
2018-02-25 09:19:37,0.02182000,0.80000000
2018-02-25 09:19:37,0.02182000,0.23000000
2018-02-25 09:19:37,0.02182000,0.25000000
2018-02-25 09:19:37,0.02182000,0.52000000
2018-02-25 09:19:37,0.02182000,5.51000000
2018-02-25 09:19:37,0.02182000,0.07000000
2018-02-25 09:19:37,0.02182000,0.05000000
2018-02-25 09:19:38,0.02182000,3.46000000
2018-02-25 09:19:39,0.02178000,2.60000000
2018-02-25 09:19:43,0.02178000,0.77000000
2018-02-25 09:19:45,0.02178000,0.91000000
2018-02-25 09:19:45,0.02177900,0.59000000
2018-02-25 09:19:49,0.02177900,0.08000000
2018-02-25 09:19:51,0.02177900,0.45000000
2018-02-25 09:19:53,0.02178000,0.05000000
2018-02-25 09:19:53,0.02178000,0.11000000
2018-02-25 09:19:53,0.02178000,1.53000000
2018-02-25 09:19:53,0.02177900,2.17000000
2018-02-25 09:19:53,0.02177700,4.67000000
2018-02-25 09:19:53,0.02177600,0.50000000
2018-02-25 09:19:53,0.02177500,14.11000000
2018-02-25 09:19:54,0.02177500,1.88000000
2018-02-25 09:19:54,0.02177500,4.32000000
2018-02-25 09:19:55,0.02177500,6.13000000
2018-02-25 09:19:57,0.02177700,20.00000000
2018-02-25 09:19:58,0.02179700,0.48000000
2018-02-25 09:20:02,0.02177600,0.88000000
2018-02-25 09:20:02,0.02177500,22.09000000
2018-02-25 09:20:06,0.02179400,0.98000000
2018-02-25 09:20:06,0.02177500,0.33000000
2018-02-25 09:20:06,0.02177500,0.40000000
2018-02-25 09:20:08,0.02177500,0.56000000
2018-02-25 09:20:08,0.02177500,0.40000000
2018-02-25 09:20:08,0.02177500,0.43000000
2018-02-25 09:20:10,0.02177500,5.53000000
2018-02-25 09:20:11,0.02177500,0.30000000
2018-02-25 09:20:11,0.02177500,0.53000000
2018-02-25 09:20:12,0.02178000,0.10000000
2018-02-25 09:20:12,0.02178000,0.12000000
2018-02-25 09:20:12,0.02178000,0.11000000
2018-02-25 09:20:12,0.02177500,1.13000000
2018-02-25 09:20:12,0.02178000,6.96000000
2018-02-25 09:20:12,0.02178000,0.71000000
2018-02-25 09:20:13,0.02177500,0.50000000
2018-02-25 09:20:13,0.02177500,0.53000000
2018-02-25 09:20:15,0.02177900,0.60000000
2018-02-25 09:20:15,0.02177500,0.53000000
2018-02-25 09:20:16,0.02177500,0.30000000
2018-02-25 09:20:18,0.02177500,0.33000000
2018-02-25 09:20:18,0.02177500,0.40000000
2018-02-25 09:20:24,0.02178900,8.05000000
2018-02-25 09:20:24,0.02179300,3.16000000
2018-02-25 09:20:25,0.02177500,16.54000000
2018-02-25 09:20:26,0.02179300,0.11000000
2018-02-25 09:20:29,0.02179200,3.29000000
2018-02-25 09:20:30,0.02178000,14.01000000
2018-02-25 09:20:30,0.02177500,2.52000000
2018-02-25 09:20:30,0.02179300,0.79000000
2018-02-25 09:20:31,0.02179300,1.37000000
2018-02-25 09:20:31,0.02179300,0.10000000
2018-02-25 09:20:31,0.02179300,1.37000000
2018-02-25 09:20:31,0.02179300,13.10000000
2018-02-25 09:20:36,0.02181300,0.58000000
2018-02-25 09:20:39,0.02179400,0.54000000
2018-02-25 09:20:40,0.02181300,0.01000000
2018-02-25 09:20:40,0.02181400,0.44000000
2018-02-25 09:20:40,0.02181200,0.45000000
2018-02-25 09:20:46,0.02179500,0.99000000
2018-02-25 09:20:47,0.02181200,0.32000000
2018-02-25 09:20:52,0.02179500,1.01000000
2018-02-25 09:20:52,0.02179400,1.28000000
2018-02-25 09:20:58,0.02181000,1.57000000
2018-02-25 09:21:00,0.02181000,0.10000000
2018-02-25 09:21:03,0.02181100,0.43000000
2018-02-25 09:21:05,0.02179400,1.10000000
2018-02-25 09:21:07,0.02179400,2.98000000
2018-02-25 09:21:07,0.02179400,2.97000000
2018-02-25 09:21:09,0.02180900,0.53000000
2018-02-25 09:21:14,0.02179400,0.12000000
2018-02-25 09:21:15,0.02179400,2.06000000
2018-02-25 09:21:16,0.02179400,0.06000000
2018-02-25 09:21:16,0.02179400,0.12000000
2018-02-25 09:21:16,0.02179400,11.92000000
2018-02-25 09:21:18,0.02179400,0.43000000
2018-02-25 09:21:19,0.02180400,0.55000000
2018-02-25 09:21:19,0.02179400,0.05000000
2018-02-25 09:21:19,0.02179400,0.40000000
2018-02-25 09:21:19,0.02179400,0.05000000
2018-02-25 09:21:19,0.02179400,0.40000000
2018-02-25 09:21:21,0.02179400,0.53000000
2018-02-25 09:21:21,0.02179400,0.11000000
2018-02-25 09:21:22,0.02179400,0.05000000
2018-02-25 09:21:22,0.02180300,3.58000000
2018-02-25 09:21:22,0.02179400,3.99000000
2018-02-25 09:21:23,0.02180300,0.13000000
2018-02-25 09:21:25,0.02179500,0.43000000
2018-02-25 09:21:27,0.02179500,0.40000000
2018-02-25 09:21:29,0.02179500,0.30000000
2018-02-25 09:21:29,0.02179500,0.53000000
2018-02-25 09:21:30,0.02179400,0.43000000
2018-02-25 09:21:31,0.02179400,0.30000000
2018-02-25 09:21:33,0.02179400,0.33000000
2018-02-25 09:21:34,0.02179900,1.07000000
2018-02-25 09:21:34,0.02180000,0.68000000
2018-02-25 09:21:46,0.02179800,0.91000000
2018-02-25 09:21:46,0.02179900,0.12000000
2018-02-25 09:21:46,0.02179400,0.75000000
2018-02-25 09:21:48,0.02179900,0.53000000
2018-02-25 09:21:51,0.02179900,0.20000000
2018-02-25 09:21:52,0.02179400,10.00000000
2018-02-25 09:21:55,0.02179400,0.02000000
2018-02-25 09:21:55,0.02179400,0.30000000
2018-02-25 09:21:55,0.02179400,0.43000000
2018-02-25 09:21:55,0.02179400,1.37000000
2018-02-25 09:21:55,0.02179400,8.62000000
2018-02-25 09:21:57,0.02179500,0.23000000
2018-02-25 09:21:57,0.02179400,0.17000000
2018-02-25 09:21:57,0.02179400,0.53000000
2018-02-25 09:22:00,0.02179400,0.40000000
2018-02-25 09:22:01,0.02179900,1.65000000
2018-02-25 09:22:01,0.02179900,0.05000000
2018-02-25 09:22:01,0.02179400,0.43000000
2018-02-25 09:22:02,0.02179400,0.40000000
2018-02-25 09:22:03,0.02179500,0.23000000
2018-02-25 09:22:03,0.02179400,0.20000000
2018-02-25 09:22:05,0.02179400,0.40000000
2018-02-25 09:22:06,0.02179400,0.43000000
2018-02-25 09:22:07,0.02179400,0.40000000
2018-02-25 09:22:08,0.02179400,0.53000000
2018-02-25 09:22:09,0.02179400,0.40000000
2018-02-25 09:22:10,0.02179400,0.05000000
2018-02-25 09:22:10,0.02179400,0.43000000
2018-02-25 09:22:13,0.02179400,0.44000000
2018-02-25 09:22:15,0.02179400,1.00000000
2018-02-25 09:22:18,0.02179400,3.02000000
2018-02-25 09:22:20,0.02179000,0.19000000
2018-02-25 09:22:20,0.02176800,0.85000000
2018-02-25 09:22:20,0.02176600,3.02000000
2018-02-25 09:22:25,0.02179400,0.32000000
2018-02-25 09:22:27,0.02176600,1.00000000
2018-02-25 09:22:27,0.02176400,0.09000000
2018-02-25 09:22:27,0.02176400,4.56000000
2018-02-25 09:22:30,0.02176700,0.23000000
2018-02-25 09:22:31,0.02179000,0.45000000
2018-02-25 09:22:35,0.02178500,0.45000000
2018-02-25 09:22:35,0.02176600,0.45000000
2018-02-25 09:22:37,0.02176600,4.56000000
2018-02-25 09:22:43,0.02178800,0.05000000
2018-02-25 09:22:48,0.02179300,0.09000000
2018-02-25 09:22:49,0.02176800,0.22000000
2018-02-25 09:22:49,0.02176600,0.39000000
2018-02-25 09:22:57,0.02176600,4.33000000
2018-02-25 09:23:03,0.02176700,1.98000000
2018-02-25 09:23:06,0.02179000,2.28000000
2018-02-25 09:23:26,0.02176700,1.00000000
2018-02-25 09:23:26,0.02176600,5.35000000
2018-02-25 09:23:26,0.02176500,0.30000000
2018-02-25 09:23:28,0.02176500,0.37000000
2018-02-25 09:23:29,0.02177800,0.09000000
2018-02-25 09:23:34,0.02176600,2.20000000
2018-02-25 09:23:34,0.02176500,0.69000000
2018-02-25 09:23:39,0.02177800,0.01000000
2018-02-25 09:23:39,0.02177800,0.73000000
2018-02-25 09:23:45,0.02177800,0.11000000
2018-02-25 09:23:47,0.02178900,0.65000000
2018-02-25 09:23:53,0.02178500,3.59000000
2018-02-25 09:23:53,0.02178600,4.46000000
2018-02-25 09:23:55,0.02178600,0.31000000
2018-02-25 09:23:55,0.02178900,0.31000000
2018-02-25 09:23:56,0.02179000,3.07000000
2018-02-25 09:23:59,0.02178800,0.25000000
2018-02-25 09:23:59,0.02179000,3.75000000
2018-02-25 09:24:06,0.02177800,0.47000000
2018-02-25 09:24:06,0.02177800,0.01000000
2018-02-25 09:24:06,0.02179000,1.03000000
2018-02-25 09:24:14,0.02179000,1.91000000
2018-02-25 09:24:14,0.02179400,0.24000000
2018-02-25 09:24:18,0.02179400,0.66000000
2018-02-25 09:24:22,0.02179400,0.73000000
2018-02-25 09:24:25,0.02179400,3.23000000
2018-02-25 09:24:25,0.02179500,0.50000000
2018-02-25 09:24:26,0.02179500,1.19000000
2018-02-25 09:24:27,0.02179500,0.10000000
2018-02-25 09:24:27,0.02179500,0.94000000
2018-02-25 09:24:27,0.02179500,2.60000000
2018-02-25 09:24:27,0.02179900,25.48000000
2018-02-25 09:24:27,0.02180000,3.94000000
2018-02-25 09:24:28,0.02179500,0.08000000
2018-02-25 09:24:33,0.02180000,0.25000000
2018-02-25 09:24:33,0.02180300,0.20000000
2018-02-25 09:24:34,0.02179500,9.45000000
2018-02-25 09:24:37,0.02180000,38.89000000
2018-02-25 09:24:38,0.02180000,0.45000000
2018-02-25 09:24:40,0.02180000,19.41000000
2018-02-25 09:24:48,0.02180000,0.01000000
2018-02-25 09:24:50,0.02180300,0.05000000
2018-02-25 09:24:53,0.02180000,0.36000000
2018-02-25 09:25:00,0.02180300,1.99000000
2018-02-25 09:25:00,0.02181200,0.46000000
2018-02-25 09:25:00,0.02181900,1.13000000
2018-02-25 09:25:00,0.02182200,4.10000000
2018-02-25 09:25:00,0.02182500,0.50000000
2018-02-25 09:25:00,0.02182700,6.24000000
2018-02-25 09:25:05,0.02182400,4.77000000
2018-02-25 09:25:05,0.02182700,0.54000000
2018-02-25 09:25:07,0.02182100,0.45000000
2018-02-25 09:25:07,0.02182100,0.25000000
2018-02-25 09:25:08,0.02182100,11.36000000
2018-02-25 09:25:08,0.02180200,0.94000000
2018-02-25 09:25:09,0.02180000,0.05000000
2018-02-25 09:25:09,0.02180000,5.33000000
2018-02-25 09:25:10,0.02180000,0.10000000
2018-02-25 09:25:11,0.02180000,1.37000000
2018-02-25 09:25:11,0.02180000,8.20000000
2018-02-25 09:25:11,0.02180000,1.37000000
2018-02-25 09:25:12,0.02180000,1.23000000
2018-02-25 09:25:14,0.02180000,0.11000000
2018-02-25 09:25:15,0.02180000,1.19000000
2018-02-25 09:25:18,0.02180000,1.00000000
2018-02-25 09:25:20,0.02180000,3.23000000
2018-02-25 09:25:22,0.02180100,0.11000000
2018-02-25 09:25:22,0.02180100,0.46000000
2018-02-25 09:25:24,0.02180100,1.37000000
2018-02-25 09:25:24,0.02180100,1.37000000
2018-02-25 09:25:24,0.02180100,1.37000000
2018-02-25 09:25:25,0.02180100,0.11000000
2018-02-25 09:25:37,0.02180100,0.49000000
2018-02-25 09:25:48,0.02180100,4.60000000
2018-02-25 09:25:49,0.02180100,0.33000000
2018-02-25 09:25:50,0.02180000,0.60000000
2018-02-25 09:25:53,0.02180000,0.92000000
2018-02-25 09:25:54,0.02180000,4.77000000
2018-02-25 09:25:57,0.02180000,12.53000000
2018-02-25 09:25:57,0.02180000,12.43000000
2018-02-25 09:25:57,0.02180100,0.24000000
2018-02-25 09:25:58,0.02180000,4.35000000
2018-02-25 09:25:58,0.02180100,0.16000000
2018-02-25 09:25:58,0.02180100,1.23000000
2018-02-25 09:25:58,0.02181400,4.30000000
2018-02-25 09:25:59,0.02181400,2.02000000
2018-02-25 09:26:01,0.02181400,2.30000000
2018-02-25 09:26:03,0.02181400,0.11000000
2018-02-25 09:26:03,0.02181400,2.30000000
2018-02-25 09:26:05,0.02181400,2.30000000
2018-02-25 09:26:07,0.02181400,2.29000000
2018-02-25 09:26:11,0.02181400,0.46000000
2018-02-25 09:26:11,0.02181800,0.48000000
2018-02-25 09:26:14,0.02181800,0.38000000
2018-02-25 09:26:15,0.02181800,7.17000000
2018-02-25 09:26:16,0.02181800,0.97000000
2018-02-25 09:26:20,0.02181800,0.01000000
2018-02-25 09:26:20,0.02181400,0.45000000
2018-02-25 09:26:24,0.02181900,1.37000000
2018-02-25 09:26:25,0.02181400,1.37000000
2018-02-25 09:26:25,0.02181900,3.41000000
2018-02-25 09:26:25,0.02181900,1.53000000
2018-02-25 09:26:27,0.02181900,0.11000000
2018-02-25 09:26:30,0.02181900,12.04000000
2018-02-25 09:26:31,0.02181900,0.11000000
2018-02-25 09:26:32,0.02181900,1.96000000
2018-02-25 09:26:35,0.02182000,0.45000000
2018-02-25 09:26:36,0.02181900,4.78000000
2018-02-25 09:26:36,0.02181900,1.55000000
2018-02-25 09:26:38,0.02181900,5.91000000
2018-02-25 09:26:39,0.02181900,0.91000000
2018-02-25 09:26:40,0.02181900,1.16000000
2018-02-25 09:26:40,0.02181500,1.14000000
2018-02-25 09:26:41,0.02182000,3.77000000
2018-02-25 09:26:41,0.02181500,0.82000000
2018-02-25 09:26:41,0.02181500,1.44000000
2018-02-25 09:26:42,0.02181500,1.44000000
2018-02-25 09:26:42,0.02182000,0.52000000
2018-02-25 09:26:42,0.02182000,8.36000000
2018-02-25 09:26:42,0.02182700,0.12000000
2018-02-25 09:26:44,0.02181500,0.50000000
2018-02-25 09:26:47,0.02181500,0.94000000
2018-02-25 09:26:47,0.02181500,13.06000000
2018-02-25 09:26:48,0.02181500,0.11000000
2018-02-25 09:26:50,0.02182400,0.40000000
2018-02-25 09:26:50,0.02181500,0.91000000
2018-02-25 09:26:54,0.02181500,2.95000000
2018-02-25 09:26:54,0.02181500,0.24000000
2018-02-25 09:26:59,0.02181500,0.12000000
2018-02-25 09:26:59,0.02182300,0.45000000
2018-02-25 09:26:59,0.02181500,0.06000000
2018-02-25 09:27:00,0.02181500,0.30000000
2018-02-25 09:27:05,0.02181900,0.33000000
2018-02-25 09:27:05,0.02181900,0.05000000
2018-02-25 09:27:05,0.02181900,0.05000000
2018-02-25 09:27:06,0.02182000,3.93000000
2018-02-25 09:27:06,0.02181900,0.94000000
2018-02-25 09:27:06,0.02181500,0.13000000
2018-02-25 09:27:06,0.02181500,2.68000000
2018-02-25 09:27:06,0.02181400,0.05000000
2018-02-25 09:27:06,0.02180200,0.12000000
2018-02-25 09:27:06,0.02180100,0.07000000
2018-02-25 09:27:09,0.02181300,4.33000000
2018-02-25 09:27:09,0.02181500,2.42000000
2018-02-25 09:27:09,0.02181500,0.11000000
2018-02-25 09:27:12,0.02182600,0.45000000
2018-02-25 09:27:12,0.02181500,0.93000000
2018-02-25 09:27:16,0.02181200,0.03000000
2018-02-25 09:27:21,0.02180400,1.73000000
2018-02-25 09:27:21,0.02180300,0.56000000
2018-02-25 09:27:27,0.02180500,1.12000000
2018-02-25 09:27:30,0.02182200,0.45000000
2018-02-25 09:27:30,0.02182200,1.97000000
2018-02-25 09:27:31,0.02180500,0.20000000
2018-02-25 09:27:35,0.02180500,3.80000000
2018-02-25 09:27:37,0.02182200,0.45000000
2018-02-25 09:27:38,0.02182200,0.46000000
2018-02-25 09:27:40,0.02180500,5.12000000
2018-02-25 09:27:43,0.02181000,0.43000000
2018-02-25 09:27:43,0.02180500,45.43000000
2018-02-25 09:27:46,0.02180600,0.05000000
2018-02-25 09:27:46,0.02180600,0.05000000
2018-02-25 09:27:47,0.02180600,10.58000000
2018-02-25 09:27:47,0.02182200,0.10000000
2018-02-25 09:27:47,0.02180600,0.30000000
2018-02-25 09:27:52,0.02180600,0.96000000
2018-02-25 09:27:53,0.02180600,5.15000000
2018-02-25 09:27:54,0.02182100,0.45000000
2018-02-25 09:27:56,0.02182100,0.45000000
2018-02-25 09:27:58,0.02182100,1.54000000
2018-02-25 09:27:58,0.02180600,4.45000000
2018-02-25 09:27:58,0.02180600,5.00000000
2018-02-25 09:27:59,0.02182100,10.97000000
2018-02-25 09:28:01,0.02182100,0.48000000
2018-02-25 09:28:02,0.02182100,2.94000000
2018-02-25 09:28:02,0.02182200,30.95000000
2018-02-25 09:28:04,0.02180600,1.37000000
2018-02-25 09:28:05,0.02180600,1.37000000
2018-02-25 09:28:05,0.02180600,1.37000000
2018-02-25 09:28:05,0.02180600,1.37000000
2018-02-25 09:28:05,0.02180600,1.37000000
2018-02-25 09:28:05,0.02180600,1.37000000
2018-02-25 09:28:05,0.02180600,1.37000000
2018-02-25 09:28:05,0.02180600,0.20000000
2018-02-25 09:28:05,0.02180500,1.37000000
2018-02-25 09:28:09,0.02182000,1.31000000
2018-02-25 09:28:11,0.02180700,5.37000000
2018-02-25 09:28:11,0.02180500,0.93000000
2018-02-25 09:28:12,0.02180500,0.33000000
2018-02-25 09:28:12,0.02180300,7.33000000
2018-02-25 09:28:21,0.02182500,25.44000000
2018-02-25 09:28:21,0.02182500,1.91000000
2018-02-25 09:28:28,0.02180300,0.09000000
2018-02-25 09:28:40,0.02180600,1.63000000
2018-02-25 09:28:42,0.02180600,0.36000000
2018-02-25 09:28:42,0.02180600,0.01000000
2018-02-25 09:28:42,0.02182000,0.44000000
2018-02-25 09:28:46,0.02180500,0.95000000
2018-02-25 09:28:46,0.02180400,0.38000000
2018-02-25 09:28:46,0.02180300,38.81000000
2018-02-25 09:28:47,0.02181700,0.45000000
2018-02-25 09:28:48,0.02181700,0.02000000
2018-02-25 09:28:49,0.02180600,1.50000000
2018-02-25 09:28:51,0.02181700,45.37000000
2018-02-25 09:28:51,0.02180600,0.30000000
2018-02-25 09:28:53,0.02182000,33.56000000
2018-02-25 09:28:55,0.02182500,0.09000000
2018-02-25 09:29:02,0.02182500,8.30000000
2018-02-25 09:29:02,0.02182700,0.38000000
2018-02-25 09:29:03,0.02180600,4.66000000
2018-02-25 09:29:03,0.02180600,27.11000000
2018-02-25 09:29:03,0.02180500,4.39000000
2018-02-25 09:29:03,0.02180300,10.72000000
2018-02-25 09:29:04,0.02180300,1.37000000
2018-02-25 09:29:04,0.02180300,0.81000000
2018-02-25 09:29:05,0.02180300,0.92000000
2018-02-25 09:29:05,0.02180300,11.00000000
2018-02-25 09:29:14,0.02181500,7.08000000
2018-02-25 09:29:20,0.02182000,1.50000000
2018-02-25 09:29:22,0.02182400,1.04000000
2018-02-25 09:29:24,0.02182000,0.18000000
2018-02-25 09:29:24,0.02181500,12.69000000
2018-02-25 09:29:26,0.02182400,0.33000000
2018-02-25 09:29:26,0.02182400,0.45000000
2018-02-25 09:29:32,0.02182000,0.28000000
2018-02-25 09:29:32,0.02181500,0.20000000
2018-02-25 09:29:40,0.02181500,0.35000000
2018-02-25 09:29:41,0.02182000,2.48000000
2018-02-25 09:29:41,0.02182100,43.34000000
2018-02-25 09:29:44,0.02181500,0.69000000
2018-02-25 09:29:44,0.02181500,1.41000000
2018-02-25 09:29:45,0.02181500,0.06000000
2018-02-25 09:29:49,0.02182500,2.03000000
2018-02-25 09:29:49,0.02183000,0.63000000
2018-02-25 09:29:49,0.02183100,0.54000000
2018-02-25 09:29:49,0.02183100,0.91000000
2018-02-25 09:29:52,0.02183100,0.45000000
2018-02-25 09:29:53,0.02183100,0.48000000
2018-02-25 09:29:58,0.02182400,0.80000000
2018-02-25 09:29:58,0.02183100,0.23000000
2018-02-25 09:30:00,0.02183100,0.17000000
2018-02-25 09:30:02,0.02183100,1.00000000
2018-02-25 09:30:09,0.02183100,0.11000000
2018-02-25 09:30:11,0.02182400,0.27000000
2018-02-25 09:30:11,0.02182200,0.46000000
2018-02-25 09:30:11,0.02181600,4.70000000
2018-02-25 09:30:12,0.02183100,0.56000000
2018-02-25 09:30:15,0.02183100,2.86000000
2018-02-25 09:30:19,0.02183100,1.14000000
2018-02-25 09:30:27,0.02183000,0.18000000
2018-02-25 09:30:27,0.02183000,0.11000000
2018-02-25 09:30:30,0.02181800,0.48000000
2018-02-25 09:30:36,0.02181800,0.46000000
2018-02-25 09:30:36,0.02181600,9.33000000
2018-02-25 09:30:36,0.02181500,16.85000000
2018-02-25 09:30:37,0.02181500,1.45000000
2018-02-25 09:30:38,0.02183000,0.27000000
2018-02-25 09:30:49,0.02181500,0.91000000
2018-02-25 09:30:49,0.02183000,9.94000000
2018-02-25 09:30:49,0.02183100,12.06000000
2018-02-25 09:30:56,0.02182900,3.39000000
2018-02-25 09:30:57,0.02182900,0.82000000
2018-02-25 09:31:02,0.02182900,1.31000000
2018-02-25 09:31:05,0.02182900,0.13000000
2018-02-25 09:31:09,0.02182300,0.45000000
2018-02-25 09:31:09,0.02181500,1.20000000
2018-02-25 09:31:09,0.02180600,0.50000000
2018-02-25 09:31:09,0.02180500,4.29000000
2018-02-25 09:31:09,0.02180400,3.99000000
2018-02-25 09:31:09,0.02180300,14.17000000
2018-02-25 09:31:09,0.02180000,10.63000000
2018-02-25 09:31:11,0.02180000,29.61000000
2018-02-25 09:31:12,0.02180000,0.48000000
2018-02-25 09:31:13,0.02182800,0.45000000
2018-02-25 09:31:13,0.02182800,0.08000000
2018-02-25 09:31:13,0.02180000,1.37000000
2018-02-25 09:31:19,0.02180000,22.09000000
2018-02-25 09:31:25,0.02181800,3.76000000
2018-02-25 09:31:25,0.02181900,0.26000000
2018-02-25 09:31:32,0.02182400,0.39000000
2018-02-25 09:31:33,0.02180100,0.37000000
2018-02-25 09:31:33,0.02180000,1.92000000
2018-02-25 09:31:36,0.02180000,0.56000000
2018-02-25 09:31:40,0.02180000,2.29000000
2018-02-25 09:31:43,0.02180000,0.07000000
2018-02-25 09:31:46,0.02180000,2.29000000
2018-02-25 09:31:51,0.02180100,0.91000000
2018-02-25 09:31:53,0.02180100,5.96000000
2018-02-25 09:32:05,0.02180100,61.22000000
2018-02-25 09:32:06,0.02180100,0.29000000
2018-02-25 09:32:08,0.02180100,9.11000000
2018-02-25 09:32:08,0.02180100,25.49000000
2018-02-25 09:32:08,0.02180100,0.16000000
2018-02-25 09:32:11,0.02180100,1.00000000
2018-02-25 09:32:13,0.02180100,0.46000000
2018-02-25 09:32:15,0.02180100,0.11000000
2018-02-25 09:32:15,0.02180300,4.84000000
2018-02-25 09:32:16,0.02180300,0.14000000
2018-02-25 09:32:16,0.02181800,5.43000000
2018-02-25 09:32:16,0.02182000,8.03000000
2018-02-25 09:32:16,0.02182500,4.30000000
2018-02-25 09:32:16,0.02183000,9.99000000
2018-02-25 09:32:16,0.02183900,0.50000000
2018-02-25 09:32:16,0.02184000,9.15000000
2018-02-25 09:32:16,0.02184300,0.29000000
2018-02-25 09:32:16,0.02184500,0.27000000
2018-02-25 09:32:16,0.02184600,12.63000000
2018-02-25 09:32:16,0.02184700,3.41000000
2018-02-25 09:32:16,0.02184900,1.03000000
2018-02-25 09:32:16,0.02185000,88.97000000
2018-02-25 09:32:17,0.02180500,0.45000000
2018-02-25 09:32:17,0.02180400,1.00000000
2018-02-25 09:32:17,0.02180300,0.84000000
2018-02-25 09:32:17,0.02180500,4.30000000
2018-02-25 09:32:17,0.02180300,2.53000000
2018-02-25 09:32:17,0.02180100,32.71000000
2018-02-25 09:32:21,0.02180000,2.29000000
2018-02-25 09:32:22,0.02180100,0.48000000
2018-02-25 09:32:23,0.02180100,0.94000000
2018-02-25 09:32:24,0.02180100,0.39000000
2018-02-25 09:32:25,0.02180000,0.48000000
2018-02-25 09:32:25,0.02180100,0.38000000
2018-02-25 09:32:25,0.02180000,0.48000000
2018-02-25 09:32:27,0.02180000,1.00000000
2018-02-25 09:32:27,0.02180100,1.00000000
2018-02-25 09:32:29,0.02180000,3.06000000
2018-02-25 09:32:31,0.02180000,0.05000000
2018-02-25 09:32:32,0.02180000,1.00000000
2018-02-25 09:32:32,0.02180000,0.22000000
2018-02-25 09:32:33,0.02180000,2.71000000
2018-02-25 09:32:37,0.02180000,2.83000000
2018-02-25 09:32:37,0.02180000,1.96000000
2018-02-25 09:32:40,0.02180000,2.29000000
2018-02-25 09:32:42,0.02180000,2.98000000
2018-02-25 09:32:42,0.02180000,19.66000000
2018-02-25 09:32:43,0.02180000,0.08000000
2018-02-25 09:32:43,0.02180000,1.73000000
2018-02-25 09:32:43,0.02180000,0.05000000
2018-02-25 09:32:45,0.02180000,2.21000000
2018-02-25 09:32:48,0.02180000,0.14000000
2018-02-25 09:32:49,0.02180000,1.31000000
2018-02-25 09:32:53,0.02180000,9.35000000
2018-02-25 09:32:54,0.02180000,1.00000000
2018-02-25 09:32:57,0.02180000,10.00000000
2018-02-25 09:33:04,0.02180000,0.39000000
2018-02-25 09:33:05,0.02180000,0.14000000
2018-02-25 09:33:07,0.02180000,2.81000000
2018-02-25 09:33:13,0.02180100,3.09000000
2018-02-25 09:33:16,0.02180000,0.08000000
2018-02-25 09:33:17,0.02180100,4.79000000
2018-02-25 09:33:18,0.02180000,6.61000000
2018-02-25 09:33:28,0.02180000,0.17000000
2018-02-25 09:33:28,0.02180000,3.22000000
2018-02-25 09:33:32,0.02180000,0.42000000
2018-02-25 09:33:33,0.02180000,0.53000000
2018-02-25 09:33:33,0.02180000,0.30000000
2018-02-25 09:33:36,0.02180100,0.35000000
2018-02-25 09:33:45,0.02180000,3.79000000
2018-02-25 09:33:45,0.02179900,0.47000000
2018-02-25 09:33:45,0.02179800,0.05000000
2018-02-25 09:33:45,0.02179500,0.51000000
2018-02-25 09:33:45,0.02179100,6.02000000
2018-02-25 09:33:45,0.02179000,26.53000000
2018-02-25 09:33:48,0.02179000,8.64000000
2018-02-25 09:33:49,0.02179000,27.55000000
2018-02-25 09:33:49,0.02178500,18.22000000
2018-02-25 09:34:04,0.02178500,1.76000000
2018-02-25 09:34:06,0.02178500,0.09000000
2018-02-25 09:34:08,0.02178500,0.40000000
2018-02-25 09:34:14,0.02178500,3.00000000
2018-02-25 09:34:20,0.02178500,1.23000000
2018-02-25 09:34:24,0.02178500,2.30000000
2018-02-25 09:34:26,0.02178500,0.26000000
2018-02-25 09:34:27,0.02178500,11.61000000
2018-02-25 09:34:28,0.02178500,1.03000000
2018-02-25 09:34:33,0.02178000,8.15000000
2018-02-25 09:34:33,0.02178000,0.20000000
2018-02-25 09:34:35,0.02178000,11.47000000
2018-02-25 09:34:36,0.02178500,48.41000000
2018-02-25 09:34:36,0.02180000,0.27000000
2018-02-25 09:34:36,0.02180100,5.88000000
2018-02-25 09:34:37,0.02180100,0.23000000
2018-02-25 09:34:37,0.02180100,0.11000000
2018-02-25 09:34:37,0.02180100,1.37000000
2018-02-25 09:34:37,0.02180100,11.52000000
2018-02-25 09:34:38,0.02180100,2.29000000
2018-02-25 09:34:38,0.02180100,0.61000000
2018-02-25 09:34:39,0.02180100,0.89000000
2018-02-25 09:34:40,0.02180100,2.82000000
2018-02-25 09:34:40,0.02180100,0.09000000
2018-02-25 09:34:40,0.02180100,2.30000000
2018-02-25 09:34:41,0.02180100,1.37000000
2018-02-25 09:34:41,0.02180100,1.37000000
2018-02-25 09:34:41,0.02180100,8.39000000
2018-02-25 09:34:41,0.02180100,9.08000000
2018-02-25 09:34:41,0.02178600,0.09000000
2018-02-25 09:34:42,0.02178600,2.30000000
2018-02-25 09:34:42,0.02178600,0.97000000
2018-02-25 09:34:42,0.02178600,0.29000000
2018-02-25 09:34:46,0.02178600,0.08000000
2018-02-25 09:34:48,0.02178600,2.75000000
2018-02-25 09:34:49,0.02178600,0.13000000
2018-02-25 09:35:02,0.02178000,2.33000000
2018-02-25 09:35:06,0.02178000,0.50000000
2018-02-25 09:35:06,0.02178000,1.05000000
2018-02-25 09:35:09,0.02178000,0.38000000
2018-02-25 09:35:09,0.02178000,8.75000000
2018-02-25 09:35:10,0.02178000,11.01000000
2018-02-25 09:35:10,0.02178000,24.23000000
2018-02-25 09:35:14,0.02178000,1.00000000
2018-02-25 09:35:20,0.02178000,0.41000000
2018-02-25 09:35:22,0.02178000,14.04000000
2018-02-25 09:35:33,0.02179800,2.98000000
2018-02-25 09:35:34,0.02178000,7.16000000
2018-02-25 09:35:34,0.02177500,59.18000000
2018-02-25 09:35:34,0.02177100,0.05000000
2018-02-25 09:35:34,0.02177000,8.90000000
2018-02-25 09:35:34,0.02177000,1.12000000
2018-02-25 09:35:36,0.02177000,1.84000000
2018-02-25 09:35:37,0.02178000,1.37000000
2018-02-25 09:35:37,0.02178000,1.10000000
2018-02-25 09:35:39,0.02177000,0.52000000
2018-02-25 09:35:40,0.02177000,0.23000000
2018-02-25 09:35:40,0.02179700,0.76000000
2018-02-25 09:35:41,0.02177000,2.41000000
2018-02-25 09:35:41,0.02177200,3.12000000
2018-02-25 09:35:45,0.02177200,1.17000000
2018-02-25 09:35:45,0.02177000,0.36000000
2018-02-25 09:35:45,0.02177000,10.00000000
2018-02-25 09:35:46,0.02177000,0.05000000
2018-02-25 09:35:46,0.02177000,0.05000000
2018-02-25 09:35:46,0.02177000,5.05000000
2018-02-25 09:35:48,0.02177000,0.07000000
2018-02-25 09:35:48,0.02177000,30.04000000
2018-02-25 09:35:49,0.02178000,1.37000000
2018-02-25 09:35:50,0.02178000,1.37000000
2018-02-25 09:35:50,0.02178000,1.37000000
2018-02-25 09:35:50,0.02178000,1.37000000
2018-02-25 09:35:50,0.02178000,1.37000000
2018-02-25 09:35:50,0.02178000,1.37000000
2018-02-25 09:35:50,0.02178000,0.17000000
2018-02-25 09:35:50,0.02177000,0.17000000
2018-02-25 09:35:50,0.02177000,0.11000000
2018-02-25 09:35:52,0.02177000,0.05000000
2018-02-25 09:35:52,0.02177000,1.04000000
2018-02-25 09:35:52,0.02177000,0.05000000
2018-02-25 09:35:53,0.02177000,9.52000000
2018-02-25 09:35:53,0.02177000,1.00000000
2018-02-25 09:35:56,0.02177000,0.10000000
2018-02-25 09:35:57,0.02177000,2.27000000
2018-02-25 09:35:59,0.02177000,1.37000000
2018-02-25 09:35:59,0.02177000,2.29000000
2018-02-25 09:35:59,0.02177000,0.38000000
2018-02-25 09:36:00,0.02177000,1.01000000
2018-02-25 09:36:00,0.02176800,1.00000000
2018-02-25 09:36:02,0.02176800,4.00000000
2018-02-25 09:36:02,0.02176800,9.10000000
2018-02-25 09:36:02,0.02176800,3.80000000
2018-02-25 09:36:03,0.02176200,0.10000000
2018-02-25 09:36:03,0.02176100,15.50000000
2018-02-25 09:36:04,0.02176000,0.73000000
2018-02-25 09:36:05,0.02176000,2.74000000
2018-02-25 09:36:06,0.02175500,0.05000000
2018-02-25 09:36:06,0.02175500,0.01000000
2018-02-25 09:36:08,0.02176000,3.80000000
2018-02-25 09:36:08,0.02175200,1.37000000
2018-02-25 09:36:08,0.02175200,1.13000000
2018-02-25 09:36:08,0.02175000,0.08000000
2018-02-25 09:36:08,0.02174400,0.05000000
2018-02-25 09:36:08,0.02174100,0.62000000
2018-02-25 09:36:08,0.02173300,0.08000000
2018-02-25 09:36:08,0.02173100,0.50000000
2018-02-25 09:36:08,0.02173000,4.66000000
2018-02-25 09:36:11,0.02172900,2.30000000
2018-02-25 09:36:14,0.02172900,3.99000000
2018-02-25 09:36:15,0.02172900,0.80000000
2018-02-25 09:36:17,0.02173000,1.14000000
2018-02-25 09:36:18,0.02173000,0.48000000
2018-02-25 09:36:18,0.02172700,4.51000000
2018-02-25 09:36:19,0.02172900,0.64000000
2018-02-25 09:36:20,0.02172900,0.07000000
2018-02-25 09:36:20,0.02172700,0.20000000
2018-02-25 09:36:22,0.02172700,1.38000000
2018-02-25 09:36:23,0.02172700,0.35000000
2018-02-25 09:36:24,0.02172700,2.00000000
2018-02-25 09:36:26,0.02173700,5.04000000
2018-02-25 09:36:26,0.02173900,0.92000000
2018-02-25 09:36:26,0.02175900,8.29000000
2018-02-25 09:36:26,0.02176100,2.97000000
2018-02-25 09:36:26,0.02177200,0.45000000
2018-02-25 09:36:26,0.02179000,0.94000000
2018-02-25 09:36:26,0.02180000,0.10000000
2018-02-25 09:36:26,0.02180200,1.55000000
2018-02-25 09:36:26,0.02172700,13.62000000
2018-02-25 09:36:28,0.02172700,3.33000000
2018-02-25 09:36:28,0.02172700,4.32000000
2018-02-25 09:36:29,0.02171800,5.04000000
2018-02-25 09:36:29,0.02171700,0.05000000
2018-02-25 09:36:29,0.02171400,0.68000000
2018-02-25 09:36:29,0.02170200,16.00000000
2018-02-25 09:36:29,0.02170100,15.90000000
2018-02-25 09:36:29,0.02170100,13.99000000
2018-02-25 09:36:29,0.02170100,0.21000000
2018-02-25 09:36:29,0.02170000,4.50000000
2018-02-25 09:36:29,0.02170000,0.08000000
2018-02-25 09:36:30,0.02170000,0.80000000
2018-02-25 09:36:30,0.02170000,0.59000000
2018-02-25 09:36:30,0.02170000,1.84000000
2018-02-25 09:36:30,0.02170000,7.04000000
2018-02-25 09:36:30,0.02170500,0.22000000
2018-02-25 09:36:30,0.02172700,3.10000000
2018-02-25 09:36:30,0.02173900,1.96000000
2018-02-25 09:36:30,0.02176600,2.20000000
2018-02-25 09:36:33,0.02171000,0.17000000
2018-02-25 09:36:34,0.02172500,0.46000000
2018-02-25 09:36:34,0.02171100,0.24000000
2018-02-25 09:36:34,0.02171000,0.22000000
2018-02-25 09:36:35,0.02171000,0.14000000
2018-02-25 09:36:35,0.02170900,0.46000000
2018-02-25 09:36:35,0.02170800,1.38000000
2018-02-25 09:36:36,0.02169600,0.46000000
2018-02-25 09:36:36,0.02169600,0.03000000
2018-02-25 09:36:36,0.02169000,0.05000000
2018-02-25 09:36:36,0.02168700,0.39000000
2018-02-25 09:36:36,0.02168700,0.36000000
2018-02-25 09:36:36,0.02168100,0.11000000
2018-02-25 09:36:37,0.02168100,0.47000000
2018-02-25 09:36:37,0.02172100,0.64000000
2018-02-25 09:36:37,0.02168100,0.47000000
2018-02-25 09:36:38,0.02168500,0.44000000
2018-02-25 09:36:38,0.02168100,0.02000000
2018-02-25 09:36:38,0.02172000,1.50000000
2018-02-25 09:36:38,0.02168100,0.47000000
2018-02-25 09:36:39,0.02170800,2.81000000
2018-02-25 09:36:39,0.02168200,0.24000000
2018-02-25 09:36:39,0.02168100,0.23000000
2018-02-25 09:36:40,0.02170700,0.30000000
2018-02-25 09:36:41,0.02168400,0.46000000
2018-02-25 09:36:41,0.02168100,0.01000000
2018-02-25 09:36:42,0.02168100,0.47000000
2018-02-25 09:36:42,0.02168100,0.47000000
2018-02-25 09:36:42,0.02168100,0.47000000
2018-02-25 09:36:43,0.02170700,0.52000000
2018-02-25 09:36:44,0.02168000,0.46000000
2018-02-25 09:36:44,0.02168000,1.64000000
2018-02-25 09:36:44,0.02167200,0.40000000
2018-02-25 09:36:44,0.02167200,0.47000000
2018-02-25 09:36:44,0.02167200,0.47000000
2018-02-25 09:36:44,0.02167200,0.47000000
2018-02-25 09:36:45,0.02168100,0.24000000
2018-02-25 09:36:45,0.02167300,0.23000000
2018-02-25 09:36:45,0.02167300,0.47000000
2018-02-25 09:36:45,0.02167300,0.12000000
2018-02-25 09:36:45,0.02167200,0.35000000
2018-02-25 09:36:45,0.02167200,0.47000000
2018-02-25 09:36:45,0.02167200,0.43000000
2018-02-25 09:36:45,0.02167100,0.04000000
2018-02-25 09:36:46,0.02170200,0.13000000
2018-02-25 09:36:47,0.02167100,0.20000000
2018-02-25 09:36:47,0.02167000,0.27000000
2018-02-25 09:36:47,0.02167000,0.47000000
2018-02-25 09:36:47,0.02167000,0.47000000
2018-02-25 09:36:47,0.02167000,0.47000000
2018-02-25 09:36:48,0.02167200,0.47000000
2018-02-25 09:36:48,0.02167200,0.47000000
2018-02-25 09:36:48,0.02167200,0.47000000
2018-02-25 09:36:48,0.02167200,0.47000000
2018-02-25 09:36:49,0.02167200,0.09000000
2018-02-25 09:36:49,0.02167200,0.47000000
2018-02-25 09:36:49,0.02167200,0.47000000
2018-02-25 09:36:50,0.02167200,0.47000000
2018-02-25 09:36:50,0.02167200,0.47000000
2018-02-25 09:36:51,0.02167200,0.14000000
2018-02-25 09:36:51,0.02169900,0.10000000
2018-02-25 09:36:51,0.02167200,0.47000000
2018-02-25 09:36:51,0.02167200,0.47000000
2018-02-25 09:36:51,0.02169900,2.52000000
2018-02-25 09:36:51,0.02167200,0.47000000
2018-02-25 09:36:52,0.02167200,3.82000000
2018-02-25 09:36:52,0.02167000,0.47000000
2018-02-25 09:36:52,0.02167200,2.48000000
2018-02-25 09:36:52,0.02167200,6.72000000
2018-02-25 09:36:52,0.02167200,14.55000000
2018-02-25 09:36:52,0.02167200,0.27000000
2018-02-25 09:36:53,0.02167000,0.47000000
2018-02-25 09:36:53,0.02167200,0.40000000
2018-02-25 09:36:53,0.02167100,2.62000000
2018-02-25 09:36:53,0.02167000,0.47000000
2018-02-25 09:36:53,0.02167100,2.03000000
2018-02-25 09:36:53,0.02167100,2.18000000
2018-02-25 09:36:53,0.02167100,0.10000000
2018-02-25 09:36:54,0.02167100,1.00000000
2018-02-25 09:36:54,0.02167000,0.47000000
2018-02-25 09:36:54,0.02167000,0.47000000
2018-02-25 09:36:54,0.02167100,5.10000000
2018-02-25 09:36:54,0.02167200,4.12000000
2018-02-25 09:36:55,0.02167000,0.47000000
2018-02-25 09:36:55,0.02167000,0.19000000
2018-02-25 09:36:55,0.02166900,0.05000000
2018-02-25 09:36:55,0.02166600,0.23000000
2018-02-25 09:36:56,0.02167100,0.88000000
2018-02-25 09:36:56,0.02166600,0.47000000
2018-02-25 09:36:56,0.02166600,0.47000000
2018-02-25 09:36:57,0.02166600,0.07000000
2018-02-25 09:36:57,0.02166600,0.47000000
2018-02-25 09:36:57,0.02167000,0.20000000
2018-02-25 09:36:57,0.02167000,0.16000000
2018-02-25 09:36:57,0.02166600,0.47000000
2018-02-25 09:36:57,0.02166600,0.47000000
2018-02-25 09:36:57,0.02167000,0.25000000
2018-02-25 09:36:57,0.02166600,0.41000000
2018-02-25 09:36:57,0.02166500,0.06000000
2018-02-25 09:36:58,0.02167000,0.07000000
2018-02-25 09:36:58,0.02166500,0.47000000
2018-02-25 09:36:58,0.02167000,0.10000000
2018-02-25 09:36:58,0.02166500,0.09000000
2018-02-25 09:36:58,0.02166300,0.38000000
2018-02-25 09:36:59,0.02166300,0.35000000
2018-02-25 09:36:59,0.02166000,0.12000000
2018-02-25 09:36:59,0.02167000,1.22000000
2018-02-25 09:36:59,0.02167100,0.95000000
2018-02-25 09:36:59,0.02166000,0.47000000
2018-02-25 09:36:59,0.02166000,0.47000000
2018-02-25 09:36:59,0.02166600,0.70000000
2018-02-25 09:37:00,0.02166600,1.14000000
2018-02-25 09:37:00,0.02166000,0.47000000
2018-02-25 09:37:00,0.02166000,0.47000000
2018-02-25 09:37:00,0.02166600,25.58000000
2018-02-25 09:37:00,0.02167100,2.98000000
2018-02-25 09:37:00,0.02167200,9.95000000
2018-02-25 09:37:00,0.02167200,0.47000000
2018-02-25 09:37:00,0.02167200,0.47000000
2018-02-25 09:37:01,0.02167200,0.47000000
2018-02-25 09:37:01,0.02167200,0.47000000
2018-02-25 09:37:02,0.02167200,0.47000000
2018-02-25 09:37:02,0.02167200,0.05000000
2018-02-25 09:37:03,0.02167200,0.47000000
2018-02-25 09:37:03,0.02167200,0.47000000
2018-02-25 09:37:03,0.02167200,0.47000000
2018-02-25 09:37:03,0.02167200,0.05000000
2018-02-25 09:37:04,0.02171700,0.06000000
2018-02-25 09:37:04,0.02167200,0.47000000
2018-02-25 09:37:05,0.02171700,0.18000000
2018-02-25 09:37:06,0.02167300,0.47000000
2018-02-25 09:37:07,0.02167300,0.47000000
2018-02-25 09:37:10,0.02167200,0.38000000
2018-02-25 09:37:10,0.02167300,0.04000000
2018-02-25 09:37:11,0.02167300,0.47000000
2018-02-25 09:37:13,0.02167300,15.08000000
2018-02-25 09:37:14,0.02167300,0.12000000
2018-02-25 09:37:19,0.02171200,0.46000000
2018-02-25 09:37:19,0.02171600,1.40000000
2018-02-25 09:37:19,0.02171700,4.09000000
2018-02-25 09:37:19,0.02171900,5.82000000
2018-02-25 09:37:19,0.02172000,1.77000000
2018-02-25 09:37:19,0.02172200,5.04000000
2018-02-25 09:37:19,0.02172700,0.12000000
2018-02-25 09:37:19,0.02172700,1.00000000
2018-02-25 09:37:19,0.02172700,0.69000000
2018-02-25 09:37:19,0.02172700,0.61000000
2018-02-25 09:37:20,0.02167600,0.46000000
2018-02-25 09:37:20,0.02167500,3.40000000
2018-02-25 09:37:21,0.02167600,2.41000000
2018-02-25 09:37:21,0.02167500,5.06000000
2018-02-25 09:37:21,0.02167500,2.63000000
2018-02-25 09:37:21,0.02167500,2.74000000
2018-02-25 09:37:21,0.02167500,1.38000000
2018-02-25 09:37:21,0.02167500,2.74000000
2018-02-25 09:37:22,0.02167500,0.15000000
2018-02-25 09:37:22,0.02167500,0.15000000
2018-02-25 09:37:22,0.02167500,1.88000000
2018-02-25 09:37:24,0.02167500,0.23000000
2018-02-25 09:37:31,0.02171000,0.46000000
2018-02-25 09:37:38,0.02168300,1.00000000
2018-02-25 09:37:45,0.02168400,0.31000000
2018-02-25 09:37:46,0.02168400,4.94000000
2018-02-25 09:37:46,0.02168300,3.61000000
2018-02-25 09:37:47,0.02168300,0.13000000
2018-02-25 09:37:47,0.02168300,0.07000000
2018-02-25 09:37:47,0.02168400,0.31000000
2018-02-25 09:37:47,0.02170100,0.14000000
2018-02-25 09:37:50,0.02170100,0.24000000
2018-02-25 09:37:50,0.02170600,14.14000000
2018-02-25 09:37:50,0.02170700,4.32000000
2018-02-25 09:37:50,0.02170900,0.50000000
2018-02-25 09:37:50,0.02171000,45.75000000
2018-02-25 09:37:51,0.02171000,4.32000000
2018-02-25 09:37:51,0.02172500,0.96000000
2018-02-25 09:37:51,0.02172900,1.34000000
2018-02-25 09:37:53,0.02172800,1.50000000
2018-02-25 09:37:53,0.02171700,0.41000000
2018-02-25 09:37:53,0.02172800,0.50000000
2018-02-25 09:37:53,0.02172900,3.12000000
2018-02-25 09:37:53,0.02173200,0.49000000
2018-02-25 09:37:53,0.02174600,0.16000000
2018-02-25 09:37:57,0.02174500,0.12000000
2018-02-25 09:38:03,0.02174000,0.22000000
2018-02-25 09:38:03,0.02174000,0.01000000
2018-02-25 09:38:03,0.02174500,0.62000000
2018-02-25 09:38:15,0.02174500,6.78000000
2018-02-25 09:38:15,0.02174600,0.34000000
2018-02-25 09:38:17,0.02174600,0.16000000
2018-02-25 09:38:17,0.02174600,16.68000000
2018-02-25 09:38:18,0.02174600,32.21000000
2018-02-25 09:38:32,0.02174900,1.41000000
2018-02-25 09:38:33,0.02174600,0.45000000
2018-02-25 09:38:37,0.02174600,0.09000000
2018-02-25 09:38:48,0.02171000,0.03000000
2018-02-25 09:38:50,0.02174500,7.00000000
2018-02-25 09:38:52,0.02171000,7.62000000
2018-02-25 09:38:52,0.02174600,5.20000000
2018-02-25 09:38:52,0.02175000,1.62000000
2018-02-25 09:38:52,0.02176300,1.37000000
2018-02-25 09:38:52,0.02171000,2.32000000
2018-02-25 09:38:56,0.02171400,0.46000000
2018-02-25 09:38:56,0.02171300,15.54000000
2018-02-25 09:39:03,0.02171400,4.60000000
2018-02-25 09:39:06,0.02171400,0.41000000
2018-02-25 09:39:07,0.02171400,0.03000000
2018-02-25 09:39:08,0.02171400,0.11000000
2018-02-25 09:39:09,0.02171200,0.46000000
2018-02-25 09:39:10,0.02171400,0.08000000
2018-02-25 09:39:12,0.02171400,0.08000000
2018-02-25 09:39:14,0.02171400,0.11000000
2018-02-25 09:39:17,0.02171400,0.39000000
2018-02-25 09:39:17,0.02171400,0.08000000
2018-02-25 09:39:18,0.02171400,0.11000000
2018-02-25 09:39:19,0.02171400,12.25000000
2018-02-25 09:39:25,0.02171200,1.20000000
2018-02-25 09:39:26,0.02171400,0.08000000
2018-02-25 09:39:32,0.02171100,0.50000000
2018-02-25 09:39:36,0.02171400,3.11000000
2018-02-25 09:39:37,0.02171400,1.08000000
2018-02-25 09:39:37,0.02171400,2.48000000
2018-02-25 09:39:38,0.02171400,0.41000000
2018-02-25 09:39:38,0.02171100,10.38000000
2018-02-25 09:39:42,0.02171400,0.51000000
2018-02-25 09:39:42,0.02171100,2.77000000
2018-02-25 09:39:45,0.02171500,0.65000000
2018-02-25 09:39:47,0.02171500,1.42000000
2018-02-25 09:40:00,0.02171200,0.24000000
2018-02-25 09:40:00,0.02171200,0.06000000
2018-02-25 09:40:02,0.02171500,1.50000000
2018-02-25 09:40:10,0.02171600,5.48000000
2018-02-25 09:40:14,0.02174100,0.69000000
2018-02-25 09:40:14,0.02174600,0.20000000
2018-02-25 09:40:14,0.02175000,0.41000000
2018-02-25 09:40:14,0.02175400,13.90000000
2018-02-25 09:40:14,0.02175400,1.06000000
2018-02-25 09:40:17,0.02174000,0.01000000
2018-02-25 09:40:22,0.02171600,0.52000000
2018-02-25 09:40:22,0.02173900,0.58000000
2018-02-25 09:40:22,0.02174000,4.78000000
2018-02-25 09:40:34,0.02173000,1.38000000
2018-02-25 09:40:34,0.02173000,0.25000000
2018-02-25 09:40:36,0.02174000,1.40000000
2018-02-25 09:40:42,0.02174000,0.14000000
2018-02-25 09:40:45,0.02173000,0.17000000
2018-02-25 09:40:47,0.02173100,0.30000000
2018-02-25 09:40:55,0.02173100,0.01000000
2018-02-25 09:40:59,0.02173000,0.40000000
2018-02-25 09:40:59,0.02173000,0.01000000
2018-02-25 09:40:59,0.02171900,0.16000000
2018-02-25 09:41:00,0.02173100,0.31000000
2018-02-25 09:41:02,0.02171900,0.05000000
2018-02-25 09:41:03,0.02173100,1.42000000
2018-02-25 09:41:08,0.02173100,0.20000000
2018-02-25 09:41:12,0.02173100,29.41000000
2018-02-25 09:41:15,0.02171300,3.40000000
2018-02-25 09:41:19,0.02173000,2.12000000
2018-02-25 09:41:22,0.02171200,2.00000000
2018-02-25 09:41:22,0.02171100,1.38000000
2018-02-25 09:41:23,0.02171200,0.99000000
2018-02-25 09:41:24,0.02171200,1.10000000
2018-02-25 09:41:25,0.02173000,1.51000000
2018-02-25 09:41:25,0.02173100,0.57000000
2018-02-25 09:41:30,0.02173100,2.04000000
2018-02-25 09:41:31,0.02173100,6.62000000
2018-02-25 09:41:31,0.02173100,0.29000000
2018-02-25 09:41:32,0.02173100,0.11000000
2018-02-25 09:41:35,0.02173100,2.00000000
2018-02-25 09:41:35,0.02173100,0.11000000
2018-02-25 09:41:39,0.02173000,0.11000000
2018-02-25 09:41:40,0.02173000,0.95000000
2018-02-25 09:41:43,0.02173000,0.11000000
2018-02-25 09:41:44,0.02173000,0.34000000
2018-02-25 09:41:47,0.02173000,0.11000000
2018-02-25 09:41:49,0.02173000,0.20000000
2018-02-25 09:41:51,0.02173000,1.28000000
2018-02-25 09:41:51,0.02173000,0.50000000
2018-02-25 09:41:55,0.02173000,0.11000000
2018-02-25 09:41:58,0.02171500,4.32000000
2018-02-25 09:41:59,0.02171300,0.92000000
2018-02-25 09:41:59,0.02171500,0.52000000
2018-02-25 09:42:08,0.02171300,0.57000000
2018-02-25 09:42:09,0.02171300,7.84000000
2018-02-25 09:42:09,0.02171300,0.01000000
2018-02-25 09:42:11,0.02171500,0.31000000
2018-02-25 09:42:15,0.02171500,0.11000000
2018-02-25 09:42:15,0.02171300,0.32000000
2018-02-25 09:42:17,0.02172900,1.92000000
2018-02-25 09:42:19,0.02171300,4.13000000
2018-02-25 09:42:19,0.02171200,0.85000000
2018-02-25 09:42:20,0.02171500,0.10000000
2018-02-25 09:42:20,0.02172900,5.95000000
2018-02-25 09:42:20,0.02173000,0.22000000
2018-02-25 09:42:20,0.02173100,1.59000000
2018-02-25 09:42:26,0.02173000,0.05000000
2018-02-25 09:42:27,0.02171500,0.16000000
2018-02-25 09:42:30,0.02171500,0.01000000
2018-02-25 09:42:30,0.02171200,1.38000000
2018-02-25 09:42:36,0.02173100,0.38000000
2018-02-25 09:42:37,0.02171500,0.16000000
2018-02-25 09:42:43,0.02171500,1.06000000
2018-02-25 09:42:46,0.02171500,10.46000000
2018-02-25 09:42:47,0.02171500,0.16000000
2018-02-25 09:42:49,0.02173100,0.05000000
2018-02-25 09:42:49,0.02173100,0.05000000
2018-02-25 09:42:50,0.02173100,1.66000000
2018-02-25 09:42:53,0.02171700,2.00000000
2018-02-25 09:42:53,0.02171600,1.56000000
2018-02-25 09:42:53,0.02171500,6.28000000
2018-02-25 09:42:53,0.02171300,2.77000000
2018-02-25 09:42:55,0.02171300,1.56000000
2018-02-25 09:42:56,0.02171200,3.26000000
2018-02-25 09:42:56,0.02171100,10.00000000
2018-02-25 09:42:56,0.02171000,5.58000000
2018-02-25 09:42:58,0.02171200,0.16000000
2018-02-25 09:43:00,0.02172000,0.01000000
2018-02-25 09:43:07,0.02171500,0.16000000
2018-02-25 09:43:07,0.02172000,1.33000000
2018-02-25 09:43:07,0.02171500,0.06000000
2018-02-25 09:43:10,0.02171500,0.22000000
2018-02-25 09:43:10,0.02171200,0.16000000
2018-02-25 09:43:10,0.02171100,0.51000000
2018-02-25 09:43:17,0.02171100,0.16000000
2018-02-25 09:43:19,0.02171900,4.33000000
2018-02-25 09:43:20,0.02172000,0.11000000
2018-02-25 09:43:24,0.02172000,0.11000000
2018-02-25 09:43:25,0.02172000,1.52000000
2018-02-25 09:43:26,0.02171100,6.90000000
2018-02-25 09:43:27,0.02171100,0.16000000
2018-02-25 09:43:29,0.02172000,3.49000000
2018-02-25 09:43:32,0.02172000,0.11000000
2018-02-25 09:43:34,0.02172000,1.00000000
2018-02-25 09:43:34,0.02172000,0.48000000
2018-02-25 09:43:34,0.02172000,1.37000000
2018-02-25 09:43:34,0.02172000,0.48000000
2018-02-25 09:43:34,0.02173000,0.56000000
2018-02-25 09:43:35,0.02172100,0.45000000
2018-02-25 09:43:36,0.02173000,0.27000000
2018-02-25 09:43:37,0.02172100,0.03000000
2018-02-25 09:43:37,0.02172100,0.13000000
2018-02-25 09:43:38,0.02173100,1.37000000
2018-02-25 09:43:38,0.02173100,1.37000000
2018-02-25 09:43:38,0.02173100,1.37000000
2018-02-25 09:43:38,0.02173100,1.37000000
2018-02-25 09:43:38,0.02173100,1.37000000
2018-02-25 09:43:38,0.02173100,1.01000000
2018-02-25 09:43:39,0.02174000,1.62000000
2018-02-25 09:43:40,0.02174000,0.01000000
2018-02-25 09:43:40,0.02174900,0.06000000
2018-02-25 09:43:44,0.02173200,1.37000000
2018-02-25 09:43:44,0.02172100,0.92000000
2018-02-25 09:43:44,0.02171400,1.00000000
2018-02-25 09:43:45,0.02171400,1.38000000
2018-02-25 09:43:45,0.02173000,0.10000000
2018-02-25 09:43:46,0.02171100,4.25000000
2018-02-25 09:43:48,0.02171400,0.11000000
2018-02-25 09:43:48,0.02171400,0.05000000
2018-02-25 09:43:48,0.02172900,2.37000000
2018-02-25 09:43:49,0.02172000,0.23000000
2018-02-25 09:43:49,0.02171100,0.42000000
2018-02-25 09:43:52,0.02171400,1.76000000
2018-02-25 09:43:53,0.02171400,1.38000000
2018-02-25 09:43:53,0.02171400,1.20000000
2018-02-25 09:43:53,0.02171300,5.10000000
2018-02-25 09:43:53,0.02171200,0.06000000
2018-02-25 09:43:53,0.02171100,3.23000000
2018-02-25 09:43:56,0.02171100,0.16000000
2018-02-25 09:43:58,0.02171400,0.05000000
2018-02-25 09:43:58,0.02171400,1.75000000
2018-02-25 09:44:00,0.02171100,0.39000000
2018-02-25 09:44:06,0.02171100,0.16000000
2018-02-25 09:44:08,0.02171100,0.08000000
2018-02-25 09:44:09,0.02171200,1.38000000
2018-02-25 09:44:09,0.02171200,0.62000000
2018-02-25 09:44:09,0.02171100,0.23000000
2018-02-25 09:44:09,0.02171100,0.05000000
2018-02-25 09:44:13,0.02171100,0.10000000
2018-02-25 09:44:13,0.02174000,4.14000000
2018-02-25 09:44:16,0.02171100,0.08000000
2018-02-25 09:44:17,0.02171100,0.16000000
2018-02-25 09:44:17,0.02171100,0.35000000
2018-02-25 09:44:17,0.02171100,0.66000000
2018-02-25 09:44:17,0.02171000,11.27000000
2018-02-25 09:44:19,0.02171000,2.00000000
2018-02-25 09:44:20,0.02171000,0.32000000
2018-02-25 09:44:25,0.02170200,0.92000000
2018-02-25 09:44:27,0.02170200,0.16000000
2018-02-25 09:44:29,0.02170200,0.33000000
2018-02-25 09:44:30,0.02170900,0.46000000
2018-02-25 09:44:30,0.02170200,0.58000000
2018-02-25 09:44:30,0.02170900,0.46000000
2018-02-25 09:44:30,0.02170900,3.90000000
2018-02-25 09:44:30,0.02171000,0.27000000
2018-02-25 09:44:30,0.02171100,0.19000000
2018-02-25 09:44:30,0.02173200,4.34000000
2018-02-25 09:44:30,0.02173200,0.92000000
2018-02-25 09:44:37,0.02170200,0.01000000
2018-02-25 09:44:37,0.02170100,1.16000000
2018-02-25 09:44:37,0.02170200,0.14000000
2018-02-25 09:44:38,0.02170200,0.02000000
2018-02-25 09:44:38,0.02173200,1.16000000
2018-02-25 09:44:38,0.02173300,0.92000000
2018-02-25 09:44:38,0.02173800,0.49000000
2018-02-25 09:44:38,0.02173900,0.30000000
2018-02-25 09:44:38,0.02174200,1.69000000
2018-02-25 09:44:38,0.02174300,0.46000000
2018-02-25 09:44:38,0.02174700,2.00000000
2018-02-25 09:44:38,0.02174800,1.60000000
2018-02-25 09:44:39,0.02173000,0.61000000
2018-02-25 09:44:40,0.02173000,0.74000000
2018-02-25 09:44:45,0.02170200,0.92000000
2018-02-25 09:44:46,0.02170200,0.08000000
2018-02-25 09:44:46,0.02170100,0.38000000
2018-02-25 09:44:47,0.02170200,0.16000000
2018-02-25 09:44:47,0.02174000,4.83000000
2018-02-25 09:44:47,0.02174500,1.04000000
2018-02-25 09:44:53,0.02170400,0.24000000
2018-02-25 09:44:57,0.02170300,0.16000000
2018-02-25 09:44:58,0.02174200,0.50000000
2018-02-25 09:45:01,0.02170400,1.38000000
2018-02-25 09:45:01,0.02170400,1.38000000
2018-02-25 09:45:01,0.02170400,1.38000000
2018-02-25 09:45:02,0.02170400,6.33000000
2018-02-25 09:45:04,0.02174000,1.10000000
2018-02-25 09:45:04,0.02170400,1.03000000
2018-02-25 09:45:07,0.02170300,0.16000000
2018-02-25 09:45:08,0.02171000,0.55000000
2018-02-25 09:45:10,0.02170300,0.26000000
2018-02-25 09:45:16,0.02170300,2.41000000
2018-02-25 09:45:16,0.02170300,0.01000000
2018-02-25 09:45:21,0.02170300,0.15000000
2018-02-25 09:45:21,0.02172900,1.78000000
2018-02-25 09:45:25,0.02172800,0.48000000
2018-02-25 09:45:26,0.02172800,1.89000000
2018-02-25 09:45:27,0.02170200,0.16000000
2018-02-25 09:45:30,0.02170300,0.21000000
2018-02-25 09:45:31,0.02172800,1.85000000
2018-02-25 09:45:32,0.02170400,0.92000000
2018-02-25 09:45:34,0.02170400,0.86000000
2018-02-25 09:45:36,0.02170300,0.04000000
2018-02-25 09:45:36,0.02170200,2.83000000
2018-02-25 09:45:36,0.02170100,0.08000000
2018-02-25 09:45:36,0.02170000,14.92000000
2018-02-25 09:45:36,0.02172600,1.82000000
2018-02-25 09:45:38,0.02170300,0.31000000
2018-02-25 09:45:38,0.02170000,0.01000000
2018-02-25 09:45:38,0.02169900,0.22000000
2018-02-25 09:45:38,0.02172500,0.46000000
2018-02-25 09:45:38,0.02170000,0.50000000
2018-02-25 09:45:39,0.02170000,0.47000000
2018-02-25 09:45:40,0.02170300,1.93000000
2018-02-25 09:45:40,0.02170500,0.92000000
2018-02-25 09:45:40,0.02170500,0.16000000
2018-02-25 09:45:45,0.02169900,0.05000000
2018-02-25 09:45:48,0.02169900,0.92000000
2018-02-25 09:45:49,0.02169900,0.79000000
2018-02-25 09:45:49,0.02168900,1.15000000
2018-02-25 09:45:49,0.02170100,0.44000000
2018-02-25 09:45:52,0.02169900,0.06000000
2018-02-25 09:45:55,0.02168900,0.01000000
2018-02-25 09:45:55,0.02168600,0.09000000
2018-02-25 09:45:55,0.02167900,0.38000000
2018-02-25 09:45:58,0.02167900,0.92000000
2018-02-25 09:46:00,0.02169800,0.75000000
2018-02-25 09:46:00,0.02169900,1.15000000
2018-02-25 09:46:00,0.02169900,0.02000000
2018-02-25 09:46:00,0.02170400,0.11000000
2018-02-25 09:46:00,0.02170400,0.01000000
2018-02-25 09:46:00,0.02172300,0.10000000
2018-02-25 09:46:00,0.02172300,0.11000000
2018-02-25 09:46:00,0.02167900,0.62000000
2018-02-25 09:46:05,0.02172100,0.25000000
2018-02-25 09:46:09,0.02167400,0.90000000
2018-02-25 09:46:10,0.02167400,0.23000000
2018-02-25 09:46:14,0.02167300,0.47000000
2018-02-25 09:46:21,0.02167400,0.01000000
2018-02-25 09:46:21,0.02167800,0.05000000
2018-02-25 09:46:21,0.02167800,0.05000000
2018-02-25 09:46:23,0.02167800,6.51000000
2018-02-25 09:46:23,0.02167900,2.42000000
2018-02-25 09:46:23,0.02171900,0.50000000
2018-02-25 09:46:23,0.02172400,4.51000000
2018-02-25 09:46:23,0.02172800,2.78000000
2018-02-25 09:46:24,0.02171900,0.02000000
2018-02-25 09:46:25,0.02167600,1.38000000
2018-02-25 09:46:25,0.02167700,1.68000000
2018-02-25 09:46:25,0.02171800,0.48000000
2018-02-25 09:46:28,0.02171300,0.57000000
2018-02-25 09:46:32,0.02170900,0.46000000
2018-02-25 09:46:33,0.02167600,3.78000000
2018-02-25 09:46:34,0.02170600,0.50000000
2018-02-25 09:46:34,0.02170600,0.46000000
2018-02-25 09:46:34,0.02167600,0.42000000
2018-02-25 09:46:41,0.02167300,0.05000000
2018-02-25 09:46:42,0.02167500,0.09000000
2018-02-25 09:46:42,0.02167300,0.02000000
2018-02-25 09:46:42,0.02170200,0.46000000
2018-02-25 09:46:45,0.02170000,0.06000000
2018-02-25 09:46:45,0.02170000,0.13000000
2018-02-25 09:46:45,0.02170100,0.18000000
2018-02-25 09:46:48,0.02167400,2.76000000
2018-02-25 09:46:56,0.02167300,1.06000000
2018-02-25 09:46:56,0.02167200,2.43000000
2018-02-25 09:46:57,0.02167100,18.62000000
2018-02-25 09:47:21,0.02169100,1.43000000
2018-02-25 09:47:21,0.02169200,0.13000000
2018-02-25 09:47:22,0.02169200,2.03000000
2018-02-25 09:47:23,0.02169700,0.48000000
2018-02-25 09:47:23,0.02169800,0.04000000
2018-02-25 09:47:33,0.02167100,1.38000000
2018-02-25 09:47:35,0.02169700,0.48000000
2018-02-25 09:47:35,0.02169800,0.46000000
2018-02-25 09:47:35,0.02169800,0.06000000
2018-02-25 09:47:37,0.02169900,0.46000000
2018-02-25 09:47:38,0.02167100,15.00000000
2018-02-25 09:47:46,0.02169900,0.14000000
2018-02-25 09:47:46,0.02170000,0.32000000
2018-02-25 09:47:48,0.02169900,0.46000000
2018-02-25 09:47:59,0.02167500,3.28000000
2018-02-25 09:48:06,0.02167400,0.50000000
2018-02-25 09:48:06,0.02169400,0.46000000
2018-02-25 09:48:13,0.02167400,0.24000000
2018-02-25 09:48:14,0.02167400,0.19000000
2018-02-25 09:48:16,0.02169000,1.37000000
2018-02-25 09:48:17,0.02169000,0.09000000
2018-02-25 09:48:17,0.02167200,0.48000000
2018-02-25 09:48:23,0.02167200,2.54000000
2018-02-25 09:48:36,0.02168700,0.46000000
2018-02-25 09:48:39,0.02167200,0.26000000
2018-02-25 09:48:41,0.02167200,0.08000000
2018-02-25 09:48:42,0.02168600,0.46000000
2018-02-25 09:48:42,0.02167200,6.78000000
2018-02-25 09:48:44,0.02168600,0.04000000
2018-02-25 09:48:44,0.02169000,0.42000000
2018-02-25 09:48:52,0.02169000,0.46000000
2018-02-25 09:48:59,0.02169000,1.43000000
2018-02-25 09:48:59,0.02169300,0.50000000
2018-02-25 09:48:59,0.02169400,1.07000000
2018-02-25 09:48:59,0.02169000,1.38000000
2018-02-25 09:48:59,0.02169000,0.05000000
2018-02-25 09:49:00,0.02169000,1.38000000
2018-02-25 09:49:00,0.02169000,0.95000000
2018-02-25 09:49:04,0.02169400,0.46000000
2018-02-25 09:49:05,0.02167500,0.33000000
2018-02-25 09:49:05,0.02167300,0.18000000
2018-02-25 09:49:05,0.02167200,2.25000000
2018-02-25 09:49:08,0.02169400,1.29000000
2018-02-25 09:49:09,0.02169900,0.48000000
2018-02-25 09:49:12,0.02169900,0.02000000
2018-02-25 09:49:12,0.02170000,0.46000000
2018-02-25 09:49:13,0.02170000,0.46000000
2018-02-25 09:49:23,0.02169900,0.46000000
2018-02-25 09:49:28,0.02169900,0.28000000
2018-02-25 09:49:29,0.02167700,0.28000000
2018-02-25 09:49:33,0.02168000,0.48000000
2018-02-25 09:49:35,0.02168000,0.32000000
2018-02-25 09:49:46,0.02168100,0.93000000
2018-02-25 09:49:46,0.02168000,0.25000000
2018-02-25 09:50:07,0.02168000,1.00000000
2018-02-25 09:50:07,0.02169600,0.21000000
2018-02-25 09:50:15,0.02169800,0.48000000
2018-02-25 09:50:15,0.02168000,0.64000000
2018-02-25 09:50:16,0.02168000,0.25000000
2018-02-25 09:50:17,0.02168000,1.38000000
2018-02-25 09:50:17,0.02168000,1.38000000
2018-02-25 09:50:17,0.02168000,1.38000000
2018-02-25 09:50:17,0.02168000,1.32000000
2018-02-25 09:50:17,0.02168000,1.38000000
2018-02-25 09:50:17,0.02168000,0.80000000
2018-02-25 09:50:17,0.02168000,0.81000000
2018-02-25 09:50:17,0.02168000,0.34000000
2018-02-25 09:50:17,0.02168000,1.38000000
2018-02-25 09:50:17,0.02168000,0.30000000
2018-02-25 09:50:20,0.02169800,1.00000000
2018-02-25 09:50:21,0.02169800,1.71000000
2018-02-25 09:50:25,0.02169600,0.14000000
2018-02-25 09:50:26,0.02169800,0.05000000
2018-02-25 09:50:28,0.02169800,0.52000000
2018-02-25 09:50:31,0.02169800,0.24000000
2018-02-25 09:50:32,0.02169600,0.11000000
2018-02-25 09:50:32,0.02169600,0.02000000
2018-02-25 09:50:34,0.02167700,1.78000000
2018-02-25 09:50:41,0.02169600,0.46000000
2018-02-25 09:50:43,0.02169600,0.46000000
2018-02-25 09:50:48,0.02169600,2.90000000
2018-02-25 09:50:48,0.02169600,0.61000000
2018-02-25 09:50:52,0.02169500,0.46000000
2018-02-25 09:50:57,0.02169500,0.68000000
2018-02-25 09:50:58,0.02169500,0.01000000
2018-02-25 09:50:58,0.02169600,11.39000000
2018-02-25 09:50:59,0.02169600,0.16000000
2018-02-25 09:50:59,0.02169600,0.27000000
2018-02-25 09:51:01,0.02169500,0.99000000
2018-02-25 09:51:02,0.02169500,0.10000000
2018-02-25 09:51:03,0.02169600,0.87000000
2018-02-25 09:51:05,0.02169600,0.34000000
2018-02-25 09:51:06,0.02169600,0.38000000
2018-02-25 09:51:07,0.02169600,0.46000000
2018-02-25 09:51:08,0.02167700,1.03000000
2018-02-25 09:51:11,0.02167800,1.00000000
2018-02-25 09:51:11,0.02167700,0.09000000
2018-02-25 09:51:11,0.02167400,0.52000000
2018-02-25 09:51:11,0.02167300,1.20000000
2018-02-25 09:51:11,0.02167200,1.19000000
2018-02-25 09:51:11,0.02167200,0.57000000
2018-02-25 09:51:12,0.02169600,0.46000000
2018-02-25 09:51:12,0.02169600,0.31000000
2018-02-25 09:51:15,0.02169600,1.00000000
2018-02-25 09:51:16,0.02169600,0.53000000
2018-02-25 09:51:16,0.02167400,0.92000000
2018-02-25 09:51:16,0.02167400,0.66000000
2018-02-25 09:51:16,0.02167200,3.28000000
2018-02-25 09:51:20,0.02169300,0.46000000
2018-02-25 09:51:24,0.02169300,1.52000000
2018-02-25 09:51:26,0.02169300,0.20000000
2018-02-25 09:51:34,0.02167200,0.23000000
2018-02-25 09:51:37,0.02169000,0.20000000
2018-02-25 09:51:39,0.02169000,0.46000000
2018-02-25 09:51:42,0.02169000,0.46000000
2018-02-25 09:51:48,0.02169200,0.46000000
2018-02-25 09:51:50,0.02169200,0.04000000
2018-02-25 09:51:50,0.02169300,0.42000000
2018-02-25 09:51:51,0.02167200,0.24000000
2018-02-25 09:51:52,0.02167200,0.20000000
2018-02-25 09:51:54,0.02169300,0.92000000
2018-02-25 09:51:56,0.02169300,0.46000000
2018-02-25 09:51:57,0.02169300,0.46000000
2018-02-25 09:51:58,0.02169300,0.46000000
2018-02-25 09:52:11,0.02169200,0.46000000
2018-02-25 09:52:15,0.02169200,0.04000000
2018-02-25 09:52:15,0.02169300,0.42000000
2018-02-25 09:52:21,0.02169300,0.50000000
2018-02-25 09:52:27,0.02167200,0.07000000
2018-02-25 09:52:35,0.02167200,0.85000000
2018-02-25 09:52:41,0.02169200,0.24000000
2018-02-25 09:52:45,0.02167200,2.00000000
2018-02-25 09:52:45,0.02167200,2.00000000
2018-02-25 09:52:45,0.02167200,1.86000000
2018-02-25 09:52:46,0.02167100,0.34000000
2018-02-25 09:52:47,0.02167100,1.06000000
2018-02-25 09:52:49,0.02167100,4.12000000
2018-02-25 09:52:50,0.02167000,0.11000000
2018-02-25 09:52:51,0.02167000,7.55000000
2018-02-25 09:52:54,0.02167100,2.00000000
2018-02-25 09:52:54,0.02167000,16.01000000
2018-02-25 09:52:55,0.02167000,1.68000000
2018-02-25 09:53:09,0.02169200,0.26000000
2018-02-25 09:53:09,0.02169300,0.29000000
2018-02-25 09:53:09,0.02169500,4.35000000
2018-02-25 09:53:09,0.02169600,4.25000000
2018-02-25 09:53:19,0.02167200,3.41000000
2018-02-25 09:53:26,0.02169500,2.00000000
2018-02-25 09:53:33,0.02169400,0.50000000
2018-02-25 09:53:33,0.02169500,11.31000000
2018-02-25 09:53:34,0.02169600,4.33000000
2018-02-25 09:53:36,0.02169000,0.11000000
2018-02-25 09:53:36,0.02169000,0.78000000
2018-02-25 09:53:44,0.02169000,0.22000000
2018-02-25 09:53:44,0.02169000,0.34000000
2018-02-25 09:53:46,0.02169000,0.34000000
2018-02-25 09:53:49,0.02169000,0.46000000
2018-02-25 09:53:51,0.02167700,0.24000000
2018-02-25 09:53:51,0.02167600,0.18000000
2018-02-25 09:53:52,0.02169000,0.11000000
2018-02-25 09:53:56,0.02169100,0.23000000
2018-02-25 09:53:58,0.02169500,0.46000000
2018-02-25 09:53:59,0.02169100,0.01000000
2018-02-25 09:53:59,0.02169000,6.12000000
2018-02-25 09:54:00,0.02169000,0.48000000
2018-02-25 09:54:01,0.02169100,2.14000000
2018-02-25 09:54:02,0.02169500,0.20000000
2018-02-25 09:54:02,0.02169000,1.95000000
2018-02-25 09:54:03,0.02169500,0.79000000
2018-02-25 09:54:03,0.02169600,0.07000000
2018-02-25 09:54:03,0.02169600,5.03000000
2018-02-25 09:54:05,0.02169600,0.46000000
2018-02-25 09:54:07,0.02169600,0.17000000
2018-02-25 09:54:09,0.02169800,0.46000000
2018-02-25 09:54:14,0.02169800,0.04000000
2018-02-25 09:54:14,0.02169900,0.13000000
2018-02-25 09:54:14,0.02170000,2.30000000
2018-02-25 09:54:16,0.02169600,0.18000000
2018-02-25 09:54:17,0.02170000,0.46000000
2018-02-25 09:54:18,0.02170000,1.06000000
2018-02-25 09:54:20,0.02171500,0.34000000
2018-02-25 09:54:20,0.02172000,0.12000000
2018-02-25 09:54:29,0.02170000,0.50000000
2018-02-25 09:54:29,0.02170000,0.11000000
2018-02-25 09:54:34,0.02171900,0.46000000
2018-02-25 09:54:37,0.02171900,0.46000000
2018-02-25 09:54:41,0.02170000,0.83000000
2018-02-25 09:54:41,0.02170000,2.77000000
2018-02-25 09:54:43,0.02170000,0.29000000
2018-02-25 09:54:43,0.02172000,0.17000000
2018-02-25 09:54:44,0.02171900,0.42000000
2018-02-25 09:54:44,0.02172000,0.56000000
2018-02-25 09:54:44,0.02172500,0.23000000
2018-02-25 09:54:48,0.02172500,0.27000000
2018-02-25 09:54:48,0.02172600,0.42000000
2018-02-25 09:54:48,0.02172700,0.35000000
2018-02-25 09:54:48,0.02172800,4.42000000
2018-02-25 09:54:49,0.02170700,0.05000000
2018-02-25 09:54:50,0.02170700,0.42000000
2018-02-25 09:54:56,0.02172700,0.40000000
2018-02-25 09:54:57,0.02172500,0.10000000
2018-02-25 09:54:59,0.02172500,0.09000000
2018-02-25 09:54:59,0.02172800,0.84000000
2018-02-25 09:55:01,0.02172800,0.30000000
2018-02-25 09:55:01,0.02172800,0.83000000
2018-02-25 09:55:01,0.02172800,0.73000000
2018-02-25 09:55:01,0.02173000,0.30000000
2018-02-25 09:55:01,0.02174000,0.25000000
2018-02-25 09:55:01,0.02174100,1.02000000
2018-02-25 09:55:04,0.02174100,2.30000000
2018-02-25 09:55:05,0.02174100,0.46000000
2018-02-25 09:55:07,0.02172500,0.28000000
2018-02-25 09:55:07,0.02172500,1.72000000
2018-02-25 09:55:07,0.02174000,0.47000000
2018-02-25 09:55:07,0.02174100,0.11000000
2018-02-25 09:55:08,0.02174100,3.68000000
2018-02-25 09:55:10,0.02174100,1.83000000
2018-02-25 09:55:11,0.02174100,1.91000000
2018-02-25 09:55:11,0.02174900,0.44000000
2018-02-25 09:55:11,0.02175000,3.26000000
2018-02-25 09:55:11,0.02175400,0.50000000
2018-02-25 09:55:12,0.02175500,0.20000000
2018-02-25 09:55:15,0.02175500,0.24000000
2018-02-25 09:55:16,0.02175500,0.45000000
