DATE,PRICE,VOLUME
2018-02-25 04:00:00,0.02115400,1.14000000
2018-02-25 04:00:01,0.02115400,0.47000000
2018-02-25 04:00:04,0.02115300,0.76000000
2018-02-25 04:00:04,0.02115200,2.51000000
2018-02-25 04:00:07,0.02115400,0.17000000
2018-02-25 04:00:07,0.02115400,0.11000000
2018-02-25 04:00:11,0.02115300,0.13000000
2018-02-25 04:00:15,0.02115300,0.11000000
2018-02-25 04:00:22,0.02115200,1.00000000
2018-02-25 04:00:25,0.02115200,4.86000000
2018-02-25 04:00:27,0.02115300,8.67000000
2018-02-25 04:00:28,0.02115200,4.94000000
2018-02-25 04:00:37,0.02115200,2.16000000
2018-02-25 04:00:39,0.02115200,0.99000000
2018-02-25 04:00:48,0.02115200,4.95000000
2018-02-25 04:00:57,0.02115200,1.41000000
2018-02-25 04:00:57,0.02115200,1.41000000
2018-02-25 04:00:57,0.02115200,1.41000000
2018-02-25 04:00:57,0.02115200,0.87000000
2018-02-25 04:00:57,0.02114500,14.75000000
2018-02-25 04:01:02,0.02115300,0.12000000
2018-02-25 04:01:03,0.02114500,0.58000000
2018-02-25 04:01:09,0.02114500,0.90000000
2018-02-25 04:01:09,0.02114500,0.28000000
2018-02-25 04:01:21,0.02115300,0.55000000
2018-02-25 04:01:21,0.02115300,0.08000000
2018-02-25 04:01:21,0.02115300,0.08000000
2018-02-25 04:01:21,0.02115300,1.41000000
2018-02-25 04:01:21,0.02115300,0.85000000
2018-02-25 04:01:21,0.02115400,0.85000000
2018-02-25 04:01:29,0.02115400,0.47000000
2018-02-25 04:01:34,0.02115200,0.15000000
2018-02-25 04:01:40,0.02115200,0.48000000
2018-02-25 04:01:47,0.02115200,0.01000000
2018-02-25 04:01:48,0.02115200,0.47000000
2018-02-25 04:01:49,0.02114500,0.06000000
2018-02-25 04:01:49,0.02113800,0.05000000
2018-02-25 04:01:56,0.02113800,0.14000000
2018-02-25 04:01:56,0.02115200,0.14000000
2018-02-25 04:02:01,0.02115200,0.99000000
2018-02-25 04:02:02,0.02115400,0.05000000
2018-02-25 04:02:02,0.02115400,1.41000000
2018-02-25 04:02:03,0.02115400,0.01000000
2018-02-25 04:02:03,0.02116000,0.07000000
2018-02-25 04:02:03,0.02117000,0.27000000
2018-02-25 04:02:03,0.02117100,2.48000000
2018-02-25 04:02:03,0.02118000,31.89000000
2018-02-25 04:02:03,0.02119100,0.86000000
2018-02-25 04:02:03,0.02120000,94.40000000
2018-02-25 04:02:03,0.02120100,1.00000000
2018-02-25 04:02:03,0.02120200,1.00000000
2018-02-25 04:02:03,0.02120300,1.00000000
2018-02-25 04:02:03,0.02120500,1.00000000
2018-02-25 04:02:03,0.02120600,1.00000000
2018-02-25 04:02:03,0.02120700,1.00000000
2018-02-25 04:02:03,0.02120800,1.00000000
2018-02-25 04:02:03,0.02120900,1.00000000
2018-02-25 04:02:03,0.02121000,1.00000000
2018-02-25 04:02:03,0.02121100,1.07000000
2018-02-25 04:02:03,0.02121200,1.00000000
2018-02-25 04:02:03,0.02121300,1.00000000
2018-02-25 04:02:03,0.02121400,1.00000000
2018-02-25 04:02:03,0.02121500,1.00000000
2018-02-25 04:02:03,0.02121900,1.32000000
2018-02-25 04:02:03,0.02122200,1.00000000
2018-02-25 04:02:03,0.02122500,0.08000000
2018-02-25 04:02:03,0.02122600,0.49000000
2018-02-25 04:02:03,0.02123600,0.60000000
2018-02-25 04:02:03,0.02123700,0.46000000
2018-02-25 04:02:11,0.02117000,0.06000000
2018-02-25 04:02:16,0.02115700,0.10000000
2018-02-25 04:02:19,0.02117000,0.34000000
2018-02-25 04:02:22,0.02117100,0.10000000
2018-02-25 04:02:31,0.02115700,0.49000000
2018-02-25 04:02:33,0.02117000,4.00000000
2018-02-25 04:02:33,0.02118000,0.10000000
2018-02-25 04:02:33,0.02119100,0.10000000
2018-02-25 04:02:33,0.02120000,0.27000000
2018-02-25 04:02:35,0.02117100,0.48000000
2018-02-25 04:02:36,0.02117100,0.84000000
2018-02-25 04:02:43,0.02120000,0.10000000
2018-02-25 04:02:43,0.02120100,0.10000000
2018-02-25 04:02:43,0.02120200,0.10000000
2018-02-25 04:02:43,0.02120300,0.10000000
2018-02-25 04:02:43,0.02120500,0.07000000
2018-02-25 04:02:43,0.02117300,14.14000000
2018-02-25 04:02:45,0.02117200,0.05000000
2018-02-25 04:02:45,0.02117200,3.75000000
2018-02-25 04:02:46,0.02119900,0.49000000
2018-02-25 04:02:48,0.02117200,4.44000000
2018-02-25 04:02:48,0.02119900,0.47000000
2018-02-25 04:02:54,0.02117100,0.11000000
2018-02-25 04:02:56,0.02117200,3.89000000
2018-02-25 04:02:59,0.02117800,0.47000000
2018-02-25 04:03:00,0.02117200,1.41000000
2018-02-25 04:03:12,0.02117500,0.88000000
2018-02-25 04:03:15,0.02117300,6.03000000
2018-02-25 04:03:15,0.02117200,5.80000000
2018-02-25 04:03:16,0.02117400,0.47000000
2018-02-25 04:03:18,0.02117200,0.52000000
2018-02-25 04:03:20,0.02117200,8.69000000
2018-02-25 04:03:29,0.02117200,1.73000000
2018-02-25 04:03:44,0.02117300,1.01000000
2018-02-25 04:03:46,0.02117900,4.44000000
2018-02-25 04:03:46,0.02118200,3.29000000
2018-02-25 04:03:47,0.02117300,4.99000000
2018-02-25 04:03:47,0.02117200,6.84000000
2018-02-25 04:03:48,0.02118200,11.51000000
2018-02-25 04:03:48,0.02119900,0.62000000
2018-02-25 04:03:48,0.02120100,0.10000000
2018-02-25 04:03:48,0.02120200,0.10000000
2018-02-25 04:03:48,0.02120300,0.10000000
2018-02-25 04:03:48,0.02120400,3.80000000
2018-02-25 04:03:48,0.02120500,0.84000000
2018-02-25 04:03:48,0.02120600,0.10000000
2018-02-25 04:03:48,0.02120700,0.10000000
2018-02-25 04:03:48,0.02120800,0.10000000
2018-02-25 04:03:48,0.02120900,0.10000000
2018-02-25 04:03:48,0.02121000,0.10000000
2018-02-25 04:03:48,0.02121100,0.10000000
2018-02-25 04:03:48,0.02121200,0.10000000
2018-02-25 04:03:48,0.02121300,0.10000000
2018-02-25 04:03:48,0.02121400,0.10000000
2018-02-25 04:03:48,0.02121500,0.10000000
2018-02-25 04:03:48,0.02121900,0.10000000
2018-02-25 04:03:48,0.02122200,0.10000000
2018-02-25 04:03:48,0.02122500,0.10000000
2018-02-25 04:03:48,0.02122600,0.10000000
2018-02-25 04:03:48,0.02123000,2.06000000
2018-02-25 04:03:48,0.02123600,0.19000000
2018-02-25 04:03:48,0.02123700,0.39000000
2018-02-25 04:03:48,0.02123800,0.05000000
2018-02-25 04:03:48,0.02124900,2.00000000
2018-02-25 04:03:48,0.02125000,12.92000000
2018-02-25 04:03:48,0.02125400,0.60000000
2018-02-25 04:03:48,0.02125500,7.69000000
2018-02-25 04:03:48,0.02125600,0.47000000
2018-02-25 04:03:48,0.02125700,10.49000000
2018-02-25 04:03:48,0.02125800,20.67000000
2018-02-25 04:03:48,0.02125900,2.00000000
2018-02-25 04:03:48,0.02126400,0.46000000
2018-02-25 04:03:48,0.02126600,0.60000000
2018-02-25 04:03:48,0.02126700,0.05000000
2018-02-25 04:03:48,0.02126900,0.90000000
2018-02-25 04:03:48,0.02127000,0.50000000
2018-02-25 04:03:48,0.02127200,8.94000000
2018-02-25 04:03:48,0.02127300,10.44000000
2018-02-25 04:03:49,0.02119200,0.94000000
2018-02-25 04:03:49,0.02117300,0.47000000
2018-02-25 04:03:52,0.02120100,0.57000000
2018-02-25 04:03:52,0.02120200,0.10000000
2018-02-25 04:03:52,0.02120300,0.10000000
2018-02-25 04:03:52,0.02120400,0.10000000
2018-02-25 04:03:52,0.02120500,0.10000000
2018-02-25 04:03:52,0.02120600,0.10000000
2018-02-25 04:03:52,0.02120700,0.10000000
2018-02-25 04:03:52,0.02120800,0.10000000
2018-02-25 04:03:52,0.02120900,0.10000000
2018-02-25 04:03:52,0.02121000,2.88000000
2018-02-25 04:03:54,0.02118000,7.05000000
2018-02-25 04:03:54,0.02117800,4.77000000
2018-02-25 04:03:54,0.02117900,0.07000000
2018-02-25 04:03:54,0.02117900,7.72000000
2018-02-25 04:03:54,0.02117900,5.16000000
2018-02-25 04:03:57,0.02118000,0.15000000
2018-02-25 04:04:02,0.02119600,7.05000000
2018-02-25 04:04:02,0.02119800,12.95000000
2018-02-25 04:04:02,0.02120100,0.10000000
2018-02-25 04:04:02,0.02120300,0.10000000
2018-02-25 04:04:02,0.02120400,0.10000000
2018-02-25 04:04:02,0.02120500,0.10000000
2018-02-25 04:04:02,0.02120600,0.10000000
2018-02-25 04:04:02,0.02120700,0.10000000
2018-02-25 04:04:02,0.02120800,0.10000000
2018-02-25 04:04:02,0.02120900,0.30000000
2018-02-25 04:04:02,0.02121000,0.10000000
2018-02-25 04:04:02,0.02121100,0.10000000
2018-02-25 04:04:02,0.02121200,0.10000000
2018-02-25 04:04:02,0.02121300,0.10000000
2018-02-25 04:04:02,0.02121400,0.10000000
2018-02-25 04:04:02,0.02121500,0.10000000
2018-02-25 04:04:02,0.02121900,0.10000000
2018-02-25 04:04:02,0.02122200,0.10000000
2018-02-25 04:04:02,0.02122600,0.10000000
2018-02-25 04:04:02,0.02123000,0.10000000
2018-02-25 04:04:02,0.02123600,0.10000000
2018-02-25 04:04:02,0.02123700,0.10000000
2018-02-25 04:04:02,0.02123800,0.10000000
2018-02-25 04:04:02,0.02124900,0.10000000
2018-02-25 04:04:02,0.02125000,0.10000000
2018-02-25 04:04:02,0.02125400,0.10000000
2018-02-25 04:04:02,0.02125500,0.10000000
2018-02-25 04:04:02,0.02125600,0.10000000
2018-02-25 04:04:02,0.02125700,0.10000000
2018-02-25 04:04:02,0.02125800,0.10000000
2018-02-25 04:04:02,0.02126400,0.09000000
2018-02-25 04:04:02,0.02126600,0.09000000
2018-02-25 04:04:02,0.02126700,0.09000000
2018-02-25 04:04:02,0.02126900,0.09000000
2018-02-25 04:04:02,0.02127000,0.09000000
2018-02-25 04:04:02,0.02127200,0.09000000
2018-02-25 04:04:02,0.02127300,1.21000000
2018-02-25 04:04:06,0.02120100,0.10000000
2018-02-25 04:04:06,0.02120300,0.10000000
2018-02-25 04:04:06,0.02120400,0.10000000
2018-02-25 04:04:06,0.02120500,0.10000000
2018-02-25 04:04:06,0.02120600,0.10000000
2018-02-25 04:04:06,0.02120700,0.10000000
2018-02-25 04:04:06,0.02120800,0.10000000
2018-02-25 04:04:06,0.02120900,0.10000000
2018-02-25 04:04:06,0.02121000,0.10000000
2018-02-25 04:04:06,0.02121100,0.10000000
2018-02-25 04:04:06,0.02121200,0.10000000
2018-02-25 04:04:06,0.02121300,0.10000000
2018-02-25 04:04:06,0.02121400,0.10000000
2018-02-25 04:04:06,0.02121500,0.10000000
2018-02-25 04:04:06,0.02121900,0.10000000
2018-02-25 04:04:06,0.02122200,0.10000000
2018-02-25 04:04:06,0.02122600,0.10000000
2018-02-25 04:04:06,0.02123600,0.10000000
2018-02-25 04:04:06,0.02123700,0.10000000
2018-02-25 04:04:06,0.02123800,0.10000000
2018-02-25 04:04:06,0.02124900,0.10000000
2018-02-25 04:04:06,0.02125000,0.10000000
2018-02-25 04:04:06,0.02125400,0.10000000
2018-02-25 04:04:06,0.02125500,0.07000000
2018-02-25 04:04:14,0.02118700,4.44000000
2018-02-25 04:04:14,0.02118600,10.44000000
2018-02-25 04:04:14,0.02118500,5.28000000
2018-02-25 04:04:15,0.02118500,23.48000000
2018-02-25 04:04:15,0.02118400,6.38000000
2018-02-25 04:04:15,0.02118700,0.07000000
2018-02-25 04:04:16,0.02119300,2.24000000
2018-02-25 04:04:16,0.02119300,2.20000000
2018-02-25 04:04:16,0.02119400,0.70000000
2018-02-25 04:04:16,0.02120100,0.10000000
2018-02-25 04:04:16,0.02120300,0.10000000
2018-02-25 04:04:16,0.02120400,0.10000000
2018-02-25 04:04:16,0.02120500,0.10000000
2018-02-25 04:04:16,0.02120600,0.10000000
2018-02-25 04:04:16,0.02120700,0.10000000
2018-02-25 04:04:16,0.02120800,0.10000000
2018-02-25 04:04:16,0.02120900,0.10000000
2018-02-25 04:04:16,0.02121000,0.10000000
2018-02-25 04:04:16,0.02121100,0.10000000
2018-02-25 04:04:16,0.02121200,0.10000000
2018-02-25 04:04:16,0.02121300,0.10000000
2018-02-25 04:04:16,0.02121400,0.10000000
2018-02-25 04:04:16,0.02121500,0.10000000
2018-02-25 04:04:16,0.02121900,0.10000000
2018-02-25 04:04:16,0.02122600,0.10000000
2018-02-25 04:04:16,0.02123600,0.10000000
2018-02-25 04:04:16,0.02123700,0.10000000
2018-02-25 04:04:16,0.02123800,0.10000000
2018-02-25 04:04:16,0.02124000,1.36000000
2018-02-25 04:04:17,0.02120300,0.22000000
2018-02-25 04:04:17,0.02120100,0.17000000
2018-02-25 04:04:18,0.02120100,5.00000000
2018-02-25 04:04:18,0.02120100,2.36000000
2018-02-25 04:04:19,0.02120100,0.52000000
2018-02-25 04:04:19,0.02120100,0.60000000
2018-02-25 04:04:21,0.02120100,0.77000000
2018-02-25 04:04:21,0.02120800,0.12000000
2018-02-25 04:04:30,0.02120800,0.10000000
2018-02-25 04:04:30,0.02122000,1.44000000
2018-02-25 04:04:30,0.02122000,0.47000000
2018-02-25 04:04:31,0.02118900,2.19000000
2018-02-25 04:04:33,0.02119100,2.36000000
2018-02-25 04:04:34,0.02121800,0.51000000
2018-02-25 04:04:34,0.02119200,2.36000000
2018-02-25 04:04:37,0.02118900,0.85000000
2018-02-25 04:04:37,0.02118000,0.08000000
2018-02-25 04:04:37,0.02118000,0.85000000
2018-02-25 04:04:38,0.02120900,1.68000000
2018-02-25 04:04:38,0.02122000,4.82000000
2018-02-25 04:04:39,0.02122000,2.27000000
2018-02-25 04:04:39,0.02123600,0.10000000
2018-02-25 04:04:39,0.02123700,0.10000000
2018-02-25 04:04:39,0.02123800,0.10000000
2018-02-25 04:04:39,0.02124000,0.10000000
2018-02-25 04:04:39,0.02124900,0.05000000
2018-02-25 04:04:40,0.02118000,0.55000000
2018-02-25 04:04:40,0.02118000,8.22000000
2018-02-25 04:04:42,0.02118900,2.36000000
2018-02-25 04:04:43,0.02121000,1.00000000
2018-02-25 04:04:43,0.02118900,2.36000000
2018-02-25 04:04:45,0.02119800,0.63000000
2018-02-25 04:04:46,0.02119100,1.35000000
2018-02-25 04:04:46,0.02118900,1.01000000
2018-02-25 04:04:47,0.02118900,0.93000000
2018-02-25 04:04:49,0.02118900,0.47000000
2018-02-25 04:04:52,0.02118900,0.06000000
2018-02-25 04:04:52,0.02118900,0.47000000
2018-02-25 04:04:53,0.02118900,0.22000000
2018-02-25 04:04:53,0.02119800,3.41000000
2018-02-25 04:04:56,0.02118900,0.47000000
2018-02-25 04:04:58,0.02119800,0.47000000
2018-02-25 04:05:01,0.02119800,0.15000000
2018-02-25 04:05:02,0.02118900,0.06000000
2018-02-25 04:05:03,0.02118900,0.39000000
2018-02-25 04:05:03,0.02117800,4.09000000
2018-02-25 04:05:07,0.02117000,2.07000000
2018-02-25 04:05:07,0.02116900,0.05000000
2018-02-25 04:05:07,0.02115800,2.75000000
2018-02-25 04:05:08,0.02119800,0.47000000
2018-02-25 04:05:11,0.02116000,0.05000000
2018-02-25 04:05:11,0.02119800,0.11000000
2018-02-25 04:05:11,0.02116000,1.29000000
2018-02-25 04:05:13,0.02116000,0.10000000
2018-02-25 04:05:13,0.02119800,0.47000000
2018-02-25 04:05:14,0.02118700,0.47000000
2018-02-25 04:05:17,0.02116000,3.28000000
2018-02-25 04:05:27,0.02115800,0.14000000
2018-02-25 04:05:31,0.02115800,0.50000000
2018-02-25 04:05:32,0.02119700,2.05000000
2018-02-25 04:05:32,0.02119800,2.10000000
2018-02-25 04:05:32,0.02119800,1.41000000
2018-02-25 04:05:32,0.02119800,1.10000000
2018-02-25 04:05:33,0.02119800,0.47000000
2018-02-25 04:05:33,0.02119800,0.11000000
2018-02-25 04:05:33,0.02119900,0.47000000
2018-02-25 04:05:34,0.02119800,2.36000000
2018-02-25 04:05:35,0.02119800,0.10000000
2018-02-25 04:05:37,0.02119900,0.47000000
2018-02-25 04:05:37,0.02119800,0.30000000
2018-02-25 04:05:40,0.02118900,0.06000000
2018-02-25 04:05:42,0.02116000,0.47000000
2018-02-25 04:05:42,0.02116000,0.04000000
2018-02-25 04:05:42,0.02118900,0.43000000
2018-02-25 04:05:47,0.02115900,0.06000000
2018-02-25 04:05:47,0.02115800,1.48000000
2018-02-25 04:05:47,0.02115700,0.27000000
2018-02-25 04:05:47,0.02114000,0.15000000
2018-02-25 04:05:47,0.02113700,0.41000000
2018-02-25 04:05:49,0.02115900,0.19000000
2018-02-25 04:05:51,0.02114100,0.19000000
2018-02-25 04:05:54,0.02114100,0.15000000
2018-02-25 04:05:54,0.02114100,0.20000000
2018-02-25 04:05:54,0.02114100,3.18000000
2018-02-25 04:05:56,0.02114100,0.47000000
2018-02-25 04:05:57,0.02114100,0.90000000
2018-02-25 04:05:59,0.02114100,0.22000000
2018-02-25 04:06:00,0.02114100,0.25000000
2018-02-25 04:06:00,0.02114100,0.25000000
2018-02-25 04:06:04,0.02113800,2.55000000
2018-02-25 04:06:06,0.02113700,0.06000000
2018-02-25 04:06:20,0.02113000,0.05000000
2018-02-25 04:06:22,0.02114000,1.03000000
2018-02-25 04:06:24,0.02114000,0.34000000
2018-02-25 04:06:28,0.02114000,11.13000000
2018-02-25 04:06:28,0.02114100,16.34000000
2018-02-25 04:06:30,0.02114000,0.68000000
2018-02-25 04:06:32,0.02112600,0.05000000
2018-02-25 04:06:39,0.02112500,0.05000000
2018-02-25 04:06:39,0.02112400,0.42000000
2018-02-25 04:06:45,0.02113000,0.20000000
2018-02-25 04:06:49,0.02113900,0.59000000
2018-02-25 04:06:49,0.02114000,4.42000000
2018-02-25 04:06:49,0.02114100,3.83000000
2018-02-25 04:06:58,0.02112400,0.46000000
2018-02-25 04:07:00,0.02112400,0.59000000
2018-02-25 04:07:00,0.02111900,0.05000000
2018-02-25 04:07:00,0.02111700,0.05000000
2018-02-25 04:07:00,0.02111600,0.14000000
2018-02-25 04:07:00,0.02114100,0.47000000
2018-02-25 04:07:04,0.02114100,12.62000000
2018-02-25 04:07:04,0.02114100,5.00000000
2018-02-25 04:07:05,0.02114100,3.37000000
2018-02-25 04:07:06,0.02114100,0.11000000
2018-02-25 04:07:07,0.02114100,0.43000000
2018-02-25 04:07:07,0.02114100,0.40000000
2018-02-25 04:07:10,0.02114100,0.43000000
2018-02-25 04:07:10,0.02114100,0.30000000
2018-02-25 04:07:10,0.02116800,0.47000000
2018-02-25 04:07:11,0.02116800,0.47000000
2018-02-25 04:07:15,0.02116700,0.47000000
2018-02-25 04:07:15,0.02112300,0.11000000
2018-02-25 04:07:21,0.02112600,0.29000000
2018-02-25 04:07:22,0.02112600,0.05000000
2018-02-25 04:07:22,0.02112600,0.18000000
2018-02-25 04:07:28,0.02116200,0.19000000
2018-02-25 04:07:28,0.02116300,0.28000000
2018-02-25 04:07:30,0.02114100,0.14000000
2018-02-25 04:07:33,0.02114100,0.05000000
2018-02-25 04:07:35,0.02114800,0.63000000
2018-02-25 04:07:37,0.02114100,0.11000000
2018-02-25 04:07:50,0.02116400,0.88000000
2018-02-25 04:07:51,0.02114800,0.08000000
2018-02-25 04:07:51,0.02114800,0.20000000
2018-02-25 04:07:51,0.02116400,0.45000000
2018-02-25 04:07:51,0.02116800,1.00000000
2018-02-25 04:07:51,0.02116900,3.50000000
2018-02-25 04:07:51,0.02117000,2.08000000
2018-02-25 04:07:56,0.02114100,0.96000000
2018-02-25 04:07:57,0.02115000,2.36000000
2018-02-25 04:08:02,0.02114100,0.05000000
2018-02-25 04:08:02,0.02115000,22.10000000
2018-02-25 04:08:03,0.02115000,2.52000000
2018-02-25 04:08:04,0.02115000,3.41000000
2018-02-25 04:08:06,0.02115000,1.74000000
2018-02-25 04:08:10,0.02117000,3.36000000
2018-02-25 04:08:11,0.02117000,1.11000000
2018-02-25 04:08:16,0.02115000,0.49000000
2018-02-25 04:08:17,0.02117000,0.22000000
2018-02-25 04:08:19,0.02115000,0.05000000
2018-02-25 04:08:25,0.02115000,0.07000000
2018-02-25 04:08:25,0.02115000,0.34000000
2018-02-25 04:08:32,0.02115000,2.64000000
2018-02-25 04:08:41,0.02116900,0.47000000
2018-02-25 04:08:42,0.02115000,5.00000000
2018-02-25 04:08:43,0.02116900,0.30000000
2018-02-25 04:08:43,0.02115000,0.05000000
2018-02-25 04:08:43,0.02115000,1.00000000
2018-02-25 04:08:44,0.02115000,2.87000000
2018-02-25 04:08:45,0.02116800,0.68000000
2018-02-25 04:08:45,0.02116900,0.17000000
2018-02-25 04:08:45,0.02117000,0.15000000
2018-02-25 04:08:47,0.02117000,0.47000000
2018-02-25 04:08:49,0.02117000,0.01000000
2018-02-25 04:08:49,0.02118000,0.33000000
2018-02-25 04:08:49,0.02118900,0.13000000
2018-02-25 04:08:54,0.02115200,0.05000000
2018-02-25 04:08:55,0.02118800,0.49000000
2018-02-25 04:08:56,0.02118800,0.02000000
2018-02-25 04:08:57,0.02115200,0.19000000
2018-02-25 04:08:59,0.02115200,0.19000000
2018-02-25 04:09:01,0.02115200,0.19000000
2018-02-25 04:09:12,0.02117300,0.62000000
2018-02-25 04:09:12,0.02117500,0.78000000
2018-02-25 04:09:18,0.02117500,0.47000000
2018-02-25 04:09:25,0.02117500,0.44000000
2018-02-25 04:09:25,0.02115200,0.44000000
2018-02-25 04:09:26,0.02115200,0.96000000
2018-02-25 04:09:28,0.02115200,0.20000000
2018-02-25 04:09:31,0.02115200,0.11000000
2018-02-25 04:09:31,0.02115200,0.11000000
2018-02-25 04:09:31,0.02115200,0.49000000
2018-02-25 04:09:32,0.02115200,0.05000000
2018-02-25 04:09:32,0.02115200,0.30000000
2018-02-25 04:09:33,0.02115200,3.79000000
2018-02-25 04:09:34,0.02115200,0.65000000
2018-02-25 04:09:36,0.02117200,0.05000000
2018-02-25 04:09:36,0.02115200,0.05000000
2018-02-25 04:09:37,0.02115200,0.19000000
2018-02-25 04:09:37,0.02115200,0.49000000
2018-02-25 04:09:38,0.02117200,1.37000000
2018-02-25 04:09:39,0.02115200,0.19000000
2018-02-25 04:09:41,0.02115200,0.19000000
2018-02-25 04:09:43,0.02115200,0.49000000
2018-02-25 04:09:45,0.02115200,0.08000000
2018-02-25 04:09:45,0.02116900,0.95000000
2018-02-25 04:09:45,0.02117000,3.64000000
2018-02-25 04:09:45,0.02117300,0.41000000
2018-02-25 04:09:46,0.02119800,0.18000000
2018-02-25 04:09:46,0.02119900,0.31000000
2018-02-25 04:09:49,0.02115700,0.08000000
2018-02-25 04:09:52,0.02115700,7.00000000
2018-02-25 04:10:04,0.02115700,0.01000000
2018-02-25 04:10:05,0.02115300,1.00000000
2018-02-25 04:10:06,0.02115300,0.18000000
2018-02-25 04:10:06,0.02115300,0.32000000
2018-02-25 04:10:07,0.02119100,0.61000000
2018-02-25 04:10:07,0.02115300,16.82000000
2018-02-25 04:10:12,0.02115200,4.63000000
2018-02-25 04:10:12,0.02115200,0.07000000
2018-02-25 04:10:13,0.02115200,12.00000000
2018-02-25 04:10:13,0.02115000,14.03000000
2018-02-25 04:10:13,0.02114900,0.10000000
2018-02-25 04:10:13,0.02114800,0.47000000
2018-02-25 04:10:13,0.02114100,0.11000000
2018-02-25 04:10:19,0.02114500,0.96000000
2018-02-25 04:10:24,0.02114100,4.88000000
2018-02-25 04:10:25,0.02114100,11.76000000
2018-02-25 04:10:30,0.02114100,1.17000000
2018-02-25 04:10:32,0.02114100,5.61000000
2018-02-25 04:10:32,0.02112900,0.10000000
2018-02-25 04:10:32,0.02112700,0.39000000
2018-02-25 04:10:33,0.02113900,2.37000000
2018-02-25 04:10:35,0.02112700,0.49000000
2018-02-25 04:10:36,0.02113900,2.58000000
2018-02-25 04:10:36,0.02114100,3.52000000
2018-02-25 04:10:39,0.02112700,1.12000000
2018-02-25 04:10:39,0.02112600,3.09000000
2018-02-25 04:10:39,0.02112000,0.10000000
2018-02-25 04:10:39,0.02111700,0.36000000
2018-02-25 04:10:39,0.02111500,1.83000000
2018-02-25 04:10:46,0.02111700,7.09000000
2018-02-25 04:10:46,0.02111500,2.40000000
2018-02-25 04:10:49,0.02113900,7.09000000
2018-02-25 04:10:49,0.02114100,0.67000000
2018-02-25 04:10:55,0.02115300,0.47000000
2018-02-25 04:11:00,0.02114100,0.72000000
2018-02-25 04:11:03,0.02115300,0.03000000
2018-02-25 04:11:03,0.02116900,0.44000000
2018-02-25 04:11:05,0.02114400,5.29000000
2018-02-25 04:11:06,0.02114400,6.30000000
2018-02-25 04:11:08,0.02117800,0.47000000
2018-02-25 04:11:11,0.02114200,0.47000000
2018-02-25 04:11:11,0.02114100,3.29000000
2018-02-25 04:11:12,0.02114100,1.38000000
2018-02-25 04:11:15,0.02114100,0.39000000
2018-02-25 04:11:16,0.02116200,0.18000000
2018-02-25 04:11:19,0.02114100,3.76000000
2018-02-25 04:11:21,0.02114100,0.05000000
2018-02-25 04:11:21,0.02113500,0.05000000
2018-02-25 04:11:21,0.02112600,0.41000000
2018-02-25 04:11:21,0.02112000,0.10000000
2018-02-25 04:11:21,0.02111500,0.02000000
2018-02-25 04:11:23,0.02115600,0.47000000
2018-02-25 04:11:25,0.02115000,0.47000000
2018-02-25 04:11:29,0.02114600,4.38000000
2018-02-25 04:11:29,0.02114400,0.47000000
2018-02-25 04:11:31,0.02114400,1.41000000
2018-02-25 04:11:33,0.02113800,1.28000000
2018-02-25 04:11:34,0.02113500,1.41000000
2018-02-25 04:11:34,0.02113500,1.41000000
2018-02-25 04:11:34,0.02113500,1.49000000
2018-02-25 04:11:34,0.02113500,2.91000000
2018-02-25 04:11:34,0.02112200,1.41000000
2018-02-25 04:11:38,0.02113500,0.09000000
2018-02-25 04:11:38,0.02119900,0.49000000
2018-02-25 04:11:39,0.02119800,1.00000000
2018-02-25 04:11:39,0.02112500,0.47000000
2018-02-25 04:11:42,0.02117600,0.10000000
2018-02-25 04:11:42,0.02117700,0.44000000
2018-02-25 04:11:42,0.02117800,0.25000000
2018-02-25 04:11:42,0.02119900,20.35000000
2018-02-25 04:11:42,0.02119900,37.69000000
2018-02-25 04:11:42,0.02119900,5.71000000
2018-02-25 04:11:42,0.02119900,1.41000000
2018-02-25 04:11:42,0.02119900,7.96000000
2018-02-25 04:11:42,0.02119900,7.15000000
2018-02-25 04:11:42,0.02120000,1.00000000
2018-02-25 04:11:42,0.02119900,0.10000000
2018-02-25 04:11:42,0.02119900,0.28000000
2018-02-25 04:11:42,0.02119900,3.31000000
2018-02-25 04:11:42,0.02119900,0.81000000
2018-02-25 04:11:42,0.02119900,0.99000000
2018-02-25 04:11:42,0.02119900,0.47000000
2018-02-25 04:11:42,0.02119900,1.77000000
2018-02-25 04:11:43,0.02119900,0.08000000
2018-02-25 04:11:43,0.02119900,1.00000000
2018-02-25 04:11:43,0.02119900,2.48000000
2018-02-25 04:11:43,0.02119900,7.96000000
2018-02-25 04:11:43,0.02119900,5.49000000
2018-02-25 04:11:43,0.02119900,0.80000000
2018-02-25 04:11:44,0.02119900,0.63000000
2018-02-25 04:11:44,0.02119900,0.12000000
2018-02-25 04:11:45,0.02119900,0.11000000
2018-02-25 04:11:46,0.02119900,1.41000000
2018-02-25 04:11:46,0.02119900,1.41000000
2018-02-25 04:11:46,0.02119900,1.00000000
2018-02-25 04:11:46,0.02119900,1.41000000
2018-02-25 04:11:46,0.02119900,1.41000000
2018-02-25 04:11:46,0.02119900,1.41000000
2018-02-25 04:11:46,0.02119900,1.41000000
2018-02-25 04:11:46,0.02119900,1.83000000
2018-02-25 04:11:46,0.02119900,7.84000000
2018-02-25 04:11:46,0.02119900,1.41000000
2018-02-25 04:11:47,0.02119900,1.00000000
2018-02-25 04:11:47,0.02119900,1.41000000
2018-02-25 04:11:47,0.02119900,1.41000000
2018-02-25 04:11:47,0.02119900,1.41000000
2018-02-25 04:11:47,0.02119900,1.41000000
2018-02-25 04:11:47,0.02119900,1.41000000
2018-02-25 04:11:47,0.02119900,1.41000000
2018-02-25 04:11:47,0.02119900,1.19000000
2018-02-25 04:11:47,0.02119900,1.00000000
2018-02-25 04:11:47,0.02119900,0.20000000
2018-02-25 04:11:47,0.02119900,2.38000000
2018-02-25 04:11:48,0.02119900,7.84000000
2018-02-25 04:11:48,0.02119900,0.10000000
2018-02-25 04:11:48,0.02119900,1.77000000
2018-02-25 04:11:48,0.02119900,0.05000000
2018-02-25 04:11:49,0.02119900,0.06000000
2018-02-25 04:11:49,0.02119900,0.11000000
2018-02-25 04:11:49,0.02119900,0.14000000
2018-02-25 04:11:49,0.02119900,2.87000000
2018-02-25 04:11:50,0.02119900,10.66000000
2018-02-25 04:11:50,0.02119900,7.76000000
2018-02-25 04:11:50,0.02119900,2.83000000
2018-02-25 04:11:50,0.02119900,0.49000000
2018-02-25 04:11:50,0.02119900,2.38000000
2018-02-25 04:11:51,0.02119900,0.79000000
2018-02-25 04:11:51,0.02119900,12.00000000
2018-02-25 04:11:53,0.02119900,0.10000000
2018-02-25 04:11:53,0.02119900,0.05000000
2018-02-25 04:11:54,0.02119900,0.15000000
2018-02-25 04:11:54,0.02119900,6.18000000
2018-02-25 04:11:56,0.02119900,1.94000000
2018-02-25 04:11:56,0.02119900,2.36000000
2018-02-25 04:11:56,0.02120000,0.77000000
2018-02-25 04:11:58,0.02120100,0.08000000
2018-02-25 04:12:00,0.02120100,0.01000000
2018-02-25 04:12:00,0.02119900,0.46000000
2018-02-25 04:12:00,0.02119900,49.13000000
2018-02-25 04:12:00,0.02119900,1.68000000
2018-02-25 04:12:00,0.02119900,0.10000000
2018-02-25 04:12:02,0.02119900,0.11000000
2018-02-25 04:12:02,0.02119900,0.05000000
2018-02-25 04:12:02,0.02119900,0.70000000
2018-02-25 04:12:04,0.02119900,0.15000000
2018-02-25 04:12:04,0.02119900,8.30000000
2018-02-25 04:12:05,0.02119900,0.10000000
2018-02-25 04:12:06,0.02119900,0.08000000
2018-02-25 04:12:07,0.02119900,1.55000000
2018-02-25 04:12:07,0.02119900,0.08000000
2018-02-25 04:12:07,0.02119900,0.40000000
2018-02-25 04:12:08,0.02119900,0.27000000
2018-02-25 04:12:08,0.02119900,0.13000000
2018-02-25 04:12:09,0.02120400,1.34000000
2018-02-25 04:12:09,0.02119900,0.11000000
2018-02-25 04:12:09,0.02119900,0.10000000
2018-02-25 04:12:11,0.02119900,0.16000000
2018-02-25 04:12:12,0.02120400,0.49000000
2018-02-25 04:12:12,0.02120100,0.11000000
2018-02-25 04:12:14,0.02120100,0.15000000
2018-02-25 04:12:14,0.02120100,0.10000000
2018-02-25 04:12:14,0.02120100,0.10000000
2018-02-25 04:12:14,0.02120100,0.80000000
2018-02-25 04:12:14,0.02120400,0.28000000
2018-02-25 04:12:14,0.02120500,0.09000000
2018-02-25 04:12:14,0.02122000,2.55000000
2018-02-25 04:12:15,0.02120100,0.09000000
2018-02-25 04:12:15,0.02120100,0.46000000
2018-02-25 04:12:16,0.02120100,0.10000000
2018-02-25 04:12:16,0.02120100,0.06000000
2018-02-25 04:12:16,0.02119900,1.96000000
2018-02-25 04:12:16,0.02119900,1.41000000
2018-02-25 04:12:16,0.02119900,1.41000000
2018-02-25 04:12:16,0.02119900,1.41000000
2018-02-25 04:12:16,0.02119900,0.20000000
2018-02-25 04:12:19,0.02120000,0.10000000
2018-02-25 04:12:19,0.02120000,0.05000000
2018-02-25 04:12:19,0.02120000,0.09000000
2018-02-25 04:12:19,0.02119900,1.41000000
2018-02-25 04:12:19,0.02119900,1.17000000
2018-02-25 04:12:20,0.02119900,0.14000000
2018-02-25 04:12:22,0.02119900,0.81000000
2018-02-25 04:12:22,0.02119900,2.25000000
2018-02-25 04:12:22,0.02119900,0.07000000
2018-02-25 04:12:22,0.02119900,0.15000000
2018-02-25 04:12:23,0.02119900,10.95000000
2018-02-25 04:12:23,0.02119900,0.58000000
2018-02-25 04:12:24,0.02120000,0.21000000
2018-02-25 04:12:24,0.02120000,0.03000000
2018-02-25 04:12:24,0.02119900,0.18000000
2018-02-25 04:12:25,0.02120000,1.11000000
2018-02-25 04:12:26,0.02119900,0.05000000
2018-02-25 04:12:26,0.02119900,0.39000000
2018-02-25 04:12:27,0.02119900,0.58000000
2018-02-25 04:12:28,0.02119900,0.47000000
2018-02-25 04:12:33,0.02119900,1.70000000
2018-02-25 04:12:37,0.02119900,7.07000000
2018-02-25 04:12:39,0.02116400,2.36000000
2018-02-25 04:12:41,0.02120200,0.47000000
2018-02-25 04:12:43,0.02116700,0.11000000
2018-02-25 04:12:50,0.02116900,0.89000000
2018-02-25 04:12:50,0.02116700,1.78000000
2018-02-25 04:12:50,0.02116500,1.29000000
2018-02-25 04:12:53,0.02118800,1.00000000
2018-02-25 04:12:56,0.02118800,1.47000000
2018-02-25 04:12:56,0.02119900,0.47000000
2018-02-25 04:12:56,0.02120000,0.05000000
2018-02-25 04:13:07,0.02116700,1.51000000
2018-02-25 04:13:09,0.02116700,0.01000000
2018-02-25 04:13:09,0.02118500,0.42000000
2018-02-25 04:13:09,0.02118600,0.14000000
2018-02-25 04:13:14,0.02118300,1.68000000
2018-02-25 04:13:17,0.02118600,0.81000000
2018-02-25 04:13:17,0.02118700,1.19000000
2018-02-25 04:13:28,0.02117000,0.08000000
2018-02-25 04:13:28,0.02117000,0.14000000
2018-02-25 04:13:28,0.02117000,0.08000000
2018-02-25 04:13:29,0.02117000,0.08000000
2018-02-25 04:13:29,0.02117000,0.16000000
2018-02-25 04:13:29,0.02117000,0.47000000
2018-02-25 04:13:29,0.02117000,0.08000000
2018-02-25 04:13:29,0.02117000,0.08000000
2018-02-25 04:13:30,0.02115600,2.97000000
2018-02-25 04:13:30,0.02115500,24.56000000
2018-02-25 04:13:30,0.02117000,0.08000000
2018-02-25 04:13:30,0.02117000,0.08000000
2018-02-25 04:13:31,0.02117000,0.08000000
2018-02-25 04:13:32,0.02117000,0.08000000
2018-02-25 04:13:34,0.02117000,0.08000000
2018-02-25 04:13:34,0.02117000,0.08000000
2018-02-25 04:13:34,0.02117000,0.29000000
2018-02-25 04:13:37,0.02116500,0.08000000
2018-02-25 04:13:38,0.02116100,0.08000000
2018-02-25 04:13:38,0.02115700,0.24000000
2018-02-25 04:13:48,0.02112500,0.08000000
2018-02-25 04:13:48,0.02112400,0.41000000
2018-02-25 04:14:01,0.02114200,0.02000000
2018-02-25 04:14:01,0.02115700,0.39000000
2018-02-25 04:14:01,0.02116500,0.46000000
2018-02-25 04:14:01,0.02116700,2.09000000
2018-02-25 04:14:01,0.02118600,2.63000000
2018-02-25 04:14:09,0.02114300,0.98000000
2018-02-25 04:14:16,0.02118000,2.29000000
2018-02-25 04:14:17,0.02118000,1.94000000
2018-02-25 04:14:19,0.02118300,0.11000000
2018-02-25 04:14:22,0.02118300,0.87000000
2018-02-25 04:14:23,0.02118300,0.72000000
2018-02-25 04:14:24,0.02118300,0.21000000
2018-02-25 04:14:24,0.02118300,0.47000000
2018-02-25 04:14:24,0.02118000,0.09000000
2018-02-25 04:14:24,0.02118000,0.64000000
2018-02-25 04:14:25,0.02118000,0.24000000
2018-02-25 04:14:26,0.02118000,0.23000000
2018-02-25 04:14:26,0.02118000,3.14000000
2018-02-25 04:14:33,0.02118300,2.43000000
2018-02-25 04:14:33,0.02118500,0.47000000
2018-02-25 04:14:35,0.02118300,0.19000000
2018-02-25 04:14:36,0.02118300,0.16000000
2018-02-25 04:14:36,0.02118400,0.24000000
2018-02-25 04:14:37,0.02118400,0.47000000
2018-02-25 04:14:37,0.02118400,1.84000000
2018-02-25 04:14:37,0.02118300,0.19000000
2018-02-25 04:14:39,0.02118300,0.56000000
2018-02-25 04:14:39,0.02118300,1.52000000
2018-02-25 04:14:40,0.02118400,2.32000000
2018-02-25 04:14:40,0.02118500,1.78000000
2018-02-25 04:14:40,0.02118000,0.01000000
2018-02-25 04:14:40,0.02115400,0.20000000
2018-02-25 04:14:40,0.02115400,0.21000000
2018-02-25 04:14:41,0.02115500,0.23000000
2018-02-25 04:14:42,0.02118400,2.39000000
2018-02-25 04:14:42,0.02118400,0.23000000
2018-02-25 04:14:42,0.02118400,0.41000000
2018-02-25 04:14:44,0.02118400,0.15000000
2018-02-25 04:14:45,0.02118500,0.47000000
2018-02-25 04:14:48,0.02118500,1.41000000
2018-02-25 04:14:48,0.02118500,0.24000000
2018-02-25 04:14:48,0.02118500,1.41000000
2018-02-25 04:14:49,0.02118500,0.18000000
2018-02-25 04:14:49,0.02118600,0.18000000
2018-02-25 04:14:49,0.02118600,0.90000000
2018-02-25 04:14:50,0.02118500,0.06000000
2018-02-25 04:14:50,0.02118400,0.17000000
2018-02-25 04:14:52,0.02118400,11.48000000
2018-02-25 04:15:04,0.02118600,0.41000000
2018-02-25 04:15:04,0.02118700,0.08000000
2018-02-25 04:15:04,0.02118500,0.24000000
2018-02-25 04:15:04,0.02118400,0.34000000
2018-02-25 04:15:08,0.02118500,0.11000000
2018-02-25 04:15:08,0.02118500,0.13000000
2018-02-25 04:15:08,0.02118400,2.87000000
2018-02-25 04:15:08,0.02118400,1.26000000
2018-02-25 04:15:10,0.02118400,0.68000000
2018-02-25 04:15:10,0.02118400,1.53000000
2018-02-25 04:15:11,0.02118400,1.30000000
2018-02-25 04:15:13,0.02118400,1.73000000
2018-02-25 04:15:18,0.02118400,0.11000000
2018-02-25 04:15:18,0.02118400,2.20000000
2018-02-25 04:15:18,0.02118400,1.25000000
2018-02-25 04:15:20,0.02118400,24.67000000
2018-02-25 04:15:23,0.02118400,0.01000000
2018-02-25 04:15:27,0.02115500,0.93000000
2018-02-25 04:15:29,0.02115500,0.28000000
2018-02-25 04:15:32,0.02115500,0.65000000
2018-02-25 04:15:33,0.02117000,0.67000000
2018-02-25 04:15:38,0.02118300,0.47000000
2018-02-25 04:15:53,0.02116900,1.21000000
2018-02-25 04:15:53,0.02118400,10.55000000
2018-02-25 04:15:53,0.02118500,0.05000000
2018-02-25 04:15:56,0.02118500,1.88000000
2018-02-25 04:15:57,0.02118500,0.11000000
2018-02-25 04:15:59,0.02118700,0.06000000
2018-02-25 04:16:00,0.02118500,0.98000000
2018-02-25 04:16:00,0.02118500,0.49000000
2018-02-25 04:16:00,0.02118500,0.11000000
2018-02-25 04:16:05,0.02118700,0.22000000
2018-02-25 04:16:05,0.02118600,0.11000000
2018-02-25 04:16:05,0.02118600,0.13000000
2018-02-25 04:16:05,0.02118500,2.40000000
2018-02-25 04:16:06,0.02118700,2.64000000
2018-02-25 04:16:07,0.02118500,0.13000000
2018-02-25 04:16:08,0.02118700,1.29000000
2018-02-25 04:16:09,0.02118700,1.29000000
2018-02-25 04:16:09,0.02115600,1.29000000
2018-02-25 04:16:18,0.02118500,0.20000000
2018-02-25 04:16:20,0.02118500,1.09000000
2018-02-25 04:16:20,0.02118500,4.12000000
2018-02-25 04:16:31,0.02118600,2.90000000
2018-02-25 04:16:31,0.02118700,1.65000000
2018-02-25 04:16:31,0.02118900,0.08000000
2018-02-25 04:16:31,0.02118900,6.44000000
2018-02-25 04:16:31,0.02118900,0.28000000
2018-02-25 04:16:32,0.02118900,3.59000000
2018-02-25 04:16:33,0.02118900,12.41000000
2018-02-25 04:16:34,0.02119000,0.15000000
2018-02-25 04:16:34,0.02119000,0.09000000
2018-02-25 04:16:34,0.02118900,0.11000000
2018-02-25 04:16:34,0.02118900,0.20000000
2018-02-25 04:16:35,0.02118900,0.10000000
2018-02-25 04:16:35,0.02118900,6.16000000
2018-02-25 04:16:35,0.02118900,5.40000000
2018-02-25 04:16:37,0.02119900,3.59000000
2018-02-25 04:16:37,0.02118900,4.33000000
2018-02-25 04:16:38,0.02118900,0.55000000
2018-02-25 04:16:38,0.02118900,0.49000000
2018-02-25 04:16:40,0.02119000,0.20000000
2018-02-25 04:16:40,0.02119000,0.04000000
2018-02-25 04:16:40,0.02118900,0.06000000
2018-02-25 04:16:40,0.02118900,2.37000000
2018-02-25 04:16:43,0.02118900,5.41000000
2018-02-25 04:16:44,0.02118900,0.15000000
2018-02-25 04:16:45,0.02118900,0.10000000
2018-02-25 04:16:48,0.02118900,3.07000000
2018-02-25 04:16:49,0.02118900,1.85000000
2018-02-25 04:16:50,0.02118900,10.00000000
2018-02-25 04:16:52,0.02118900,0.10000000
2018-02-25 04:16:54,0.02118900,0.08000000
2018-02-25 04:16:54,0.02118900,0.15000000
2018-02-25 04:16:55,0.02118900,1.18000000
2018-02-25 04:16:56,0.02118900,0.10000000
2018-02-25 04:16:56,0.02119600,1.51000000
2018-02-25 04:17:04,0.02119500,1.18000000
2018-02-25 04:17:04,0.02119600,45.67000000
2018-02-25 04:17:04,0.02119900,2.25000000
2018-02-25 04:17:05,0.02118900,0.03000000
2018-02-25 04:17:07,0.02118900,0.16000000
2018-02-25 04:17:07,0.02119600,0.40000000
2018-02-25 04:17:08,0.02119600,1.17000000
2018-02-25 04:17:08,0.02119600,1.00000000
2018-02-25 04:17:08,0.02119600,0.66000000
2018-02-25 04:17:08,0.02119600,0.66000000
2018-02-25 04:17:08,0.02115900,7.04000000
2018-02-25 04:17:08,0.02115700,1.10000000
2018-02-25 04:17:08,0.02115700,0.10000000
2018-02-25 04:17:09,0.02115700,0.20000000
2018-02-25 04:17:11,0.02115300,4.38000000
2018-02-25 04:17:11,0.02115200,2.66000000
2018-02-25 04:17:11,0.02115200,0.49000000
2018-02-25 04:17:13,0.02115400,0.40000000
2018-02-25 04:17:14,0.02115900,0.38000000
2018-02-25 04:17:18,0.02115300,0.78000000
2018-02-25 04:17:18,0.02115400,0.11000000
2018-02-25 04:17:20,0.02115400,0.67000000
2018-02-25 04:17:21,0.02115300,0.78000000
2018-02-25 04:17:21,0.02115200,4.46000000
2018-02-25 04:17:23,0.02115200,11.88000000
2018-02-25 04:17:30,0.02115900,0.23000000
2018-02-25 04:17:30,0.02115900,1.33000000
2018-02-25 04:17:30,0.02115900,0.20000000
2018-02-25 04:17:35,0.02115900,0.73000000
2018-02-25 04:17:35,0.02115900,0.47000000
2018-02-25 04:17:36,0.02115900,0.61000000
2018-02-25 04:17:36,0.02115300,0.37000000
2018-02-25 04:17:39,0.02115900,0.75000000
2018-02-25 04:17:39,0.02115300,0.49000000
2018-02-25 04:17:40,0.02115400,0.11000000
2018-02-25 04:17:43,0.02115300,1.00000000
2018-02-25 04:17:44,0.02115300,0.49000000
2018-02-25 04:17:46,0.02115300,0.02000000
2018-02-25 04:17:48,0.02115300,1.35000000
2018-02-25 04:17:52,0.02115300,0.79000000
2018-02-25 04:18:03,0.02115300,3.79000000
2018-02-25 04:18:05,0.02115300,0.01000000
2018-02-25 04:18:05,0.02115200,0.98000000
2018-02-25 04:18:11,0.02117800,0.49000000
2018-02-25 04:18:13,0.02115200,0.43000000
2018-02-25 04:18:18,0.02115200,5.00000000
2018-02-25 04:18:18,0.02115200,0.49000000
2018-02-25 04:18:18,0.02115200,1.06000000
2018-02-25 04:18:18,0.02115200,1.41000000
2018-02-25 04:18:18,0.02115200,0.71000000
2018-02-25 04:18:18,0.02115100,0.72000000
2018-02-25 04:18:20,0.02115100,0.14000000
2018-02-25 04:18:20,0.02115100,1.61000000
2018-02-25 04:18:22,0.02115100,1.16000000
2018-02-25 04:18:24,0.02117100,0.49000000
2018-02-25 04:18:25,0.02115100,0.17000000
2018-02-25 04:18:28,0.02116000,0.18000000
2018-02-25 04:18:31,0.02116000,0.23000000
2018-02-25 04:18:31,0.02116000,0.23000000
2018-02-25 04:18:31,0.02116000,0.86000000
2018-02-25 04:18:31,0.02115100,0.20000000
2018-02-25 04:18:31,0.02113900,0.07000000
2018-02-25 04:18:31,0.02113000,0.25000000
2018-02-25 04:18:31,0.02112500,0.05000000
2018-02-25 04:18:31,0.02112300,0.07000000
2018-02-25 04:18:31,0.02112500,1.36000000
2018-02-25 04:18:32,0.02112600,0.23000000
2018-02-25 04:18:32,0.02116000,0.57000000
2018-02-25 04:18:33,0.02116000,0.01000000
2018-02-25 04:18:33,0.02116700,1.40000000
2018-02-25 04:18:33,0.02116800,3.39000000
2018-02-25 04:18:33,0.02116900,1.41000000
2018-02-25 04:18:33,0.02115900,0.22000000
2018-02-25 04:18:33,0.02115900,0.01000000
2018-02-25 04:18:33,0.02116900,0.21000000
2018-02-25 04:18:33,0.02116900,1.41000000
2018-02-25 04:18:33,0.02116900,1.41000000
2018-02-25 04:18:33,0.02116900,0.14000000
2018-02-25 04:18:33,0.02117000,0.47000000
2018-02-25 04:18:34,0.02116800,1.35000000
2018-02-25 04:18:34,0.02116800,0.01000000
2018-02-25 04:18:34,0.02117500,0.61000000
2018-02-25 04:18:34,0.02117700,1.41000000
2018-02-25 04:18:34,0.02117700,1.41000000
2018-02-25 04:18:34,0.02117700,1.41000000
2018-02-25 04:18:34,0.02117700,1.41000000
2018-02-25 04:18:34,0.02116000,0.15000000
2018-02-25 04:18:34,0.02117700,1.41000000
2018-02-25 04:18:34,0.02117700,1.25000000
2018-02-25 04:18:35,0.02118500,1.54000000
2018-02-25 04:18:35,0.02116000,0.69000000
2018-02-25 04:18:36,0.02118800,0.47000000
2018-02-25 04:18:37,0.02118800,6.54000000
2018-02-25 04:18:38,0.02118900,8.05000000
2018-02-25 04:18:38,0.02116300,6.56000000
2018-02-25 04:18:40,0.02116300,0.23000000
2018-02-25 04:18:41,0.02116300,0.28000000
2018-02-25 04:18:41,0.02116300,0.01000000
2018-02-25 04:18:41,0.02116100,0.74000000
2018-02-25 04:18:42,0.02116100,1.41000000
2018-02-25 04:18:42,0.02116100,0.50000000
2018-02-25 04:18:43,0.02119000,0.11000000
2018-02-25 04:18:46,0.02118100,1.26000000
2018-02-25 04:18:47,0.02116200,1.41000000
2018-02-25 04:18:47,0.02116000,1.50000000
2018-02-25 04:18:47,0.02116000,5.71000000
2018-02-25 04:18:47,0.02116200,0.25000000
2018-02-25 04:18:48,0.02116200,1.16000000
2018-02-25 04:18:49,0.02116200,0.11000000
2018-02-25 04:18:50,0.02116100,2.33000000
2018-02-25 04:18:51,0.02116200,0.10000000
2018-02-25 04:18:51,0.02116000,0.08000000
2018-02-25 04:19:00,0.02116800,0.49000000
2018-02-25 04:19:00,0.02116000,0.34000000
2018-02-25 04:19:02,0.02116800,0.21000000
2018-02-25 04:19:04,0.02116000,0.11000000
2018-02-25 04:19:09,0.02116000,5.34000000
2018-02-25 04:19:13,0.02116000,4.99000000
2018-02-25 04:19:13,0.02114200,0.47000000
2018-02-25 04:19:13,0.02114000,0.20000000
2018-02-25 04:19:13,0.02113000,0.20000000
2018-02-25 04:19:13,0.02112800,9.23000000
2018-02-25 04:19:15,0.02116800,9.57000000
2018-02-25 04:19:15,0.02116900,4.87000000
2018-02-25 04:19:17,0.02116900,0.22000000
2018-02-25 04:19:21,0.02116900,0.37000000
2018-02-25 04:19:22,0.02116200,0.08000000
2018-02-25 04:19:24,0.02116200,0.26000000
2018-02-25 04:19:26,0.02117000,0.40000000
2018-02-25 04:19:29,0.02117000,0.13000000
2018-02-25 04:19:39,0.02117000,0.93000000
2018-02-25 04:19:40,0.02117000,0.47000000
2018-02-25 04:19:43,0.02117100,0.91000000
2018-02-25 04:19:47,0.02117000,2.71000000
2018-02-25 04:19:55,0.02117100,2.57000000
2018-02-25 04:20:01,0.02117000,13.18000000
2018-02-25 04:20:02,0.02117000,0.48000000
2018-02-25 04:20:02,0.02113800,0.06000000
2018-02-25 04:20:02,0.02113800,0.06000000
2018-02-25 04:20:03,0.02113800,0.21000000
2018-02-25 04:20:03,0.02113800,0.01000000
2018-02-25 04:20:03,0.02117100,0.20000000
2018-02-25 04:20:03,0.02117100,0.06000000
2018-02-25 04:20:03,0.02117100,0.42000000
2018-02-25 04:20:03,0.02117100,0.36000000
2018-02-25 04:20:03,0.02117100,0.36000000
2018-02-25 04:20:44,0.02116700,0.20000000
2018-02-25 04:20:44,0.02116800,0.81000000
2018-02-25 04:20:48,0.02116800,0.47000000
2018-02-25 04:20:56,0.02112900,0.02000000
2018-02-25 04:21:02,0.02113200,0.11000000
2018-02-25 04:21:04,0.02113200,1.41000000
2018-02-25 04:21:04,0.02113200,0.12000000
2018-02-25 04:21:04,0.02113200,1.41000000
2018-02-25 04:21:04,0.02113200,1.41000000
2018-02-25 04:21:04,0.02113200,0.22000000
2018-02-25 04:21:05,0.02113200,1.41000000
2018-02-25 04:21:06,0.02113500,0.93000000
2018-02-25 04:21:09,0.02113500,0.01000000
2018-02-25 04:21:09,0.02113000,0.89000000
2018-02-25 04:21:10,0.02113000,0.05000000
2018-02-25 04:21:10,0.02113000,1.41000000
2018-02-25 04:21:10,0.02113000,1.41000000
2018-02-25 04:21:10,0.02113000,1.41000000
2018-02-25 04:21:10,0.02113000,1.41000000
2018-02-25 04:21:10,0.02113000,4.36000000
2018-02-25 04:21:10,0.02113000,1.41000000
2018-02-25 04:21:11,0.02113000,0.05000000
2018-02-25 04:21:11,0.02112900,7.05000000
2018-02-25 04:21:11,0.02112900,0.11000000
2018-02-25 04:21:12,0.02112900,1.41000000
2018-02-25 04:21:12,0.02112900,2.84000000
2018-02-25 04:21:12,0.02112900,2.93000000
2018-02-25 04:21:12,0.02112900,1.39000000
2018-02-25 04:21:13,0.02112900,0.71000000
2018-02-25 04:21:13,0.02112500,0.36000000
2018-02-25 04:21:14,0.02112900,1.25000000
2018-02-25 04:21:14,0.02113000,0.35000000
2018-02-25 04:21:14,0.02116400,1.00000000
2018-02-25 04:21:14,0.02113200,10.00000000
2018-02-25 04:21:15,0.02113200,3.25000000
2018-02-25 04:21:16,0.02113200,0.20000000
2018-02-25 04:21:16,0.02113200,0.67000000
2018-02-25 04:21:18,0.02113100,0.47000000
2018-02-25 04:21:18,0.02113100,0.53000000
2018-02-25 04:21:18,0.02113000,9.19000000
2018-02-25 04:21:19,0.02113000,0.01000000
2018-02-25 04:21:19,0.02112500,0.01000000
2018-02-25 04:21:19,0.02112300,19.48000000
2018-02-25 04:21:21,0.02112300,0.05000000
2018-02-25 04:21:21,0.02112300,9.85000000
2018-02-25 04:21:22,0.02112800,0.94000000
2018-02-25 04:21:23,0.02112300,0.05000000
2018-02-25 04:21:23,0.02112300,1.42000000
2018-02-25 04:21:23,0.02112300,1.42000000
2018-02-25 04:21:23,0.02112800,1.00000000
2018-02-25 04:21:24,0.02112300,0.11000000
2018-02-25 04:21:25,0.02112300,6.20000000
2018-02-25 04:21:26,0.02112800,0.68000000
2018-02-25 04:21:27,0.02112300,0.01000000
2018-02-25 04:21:27,0.02112000,1.40000000
2018-02-25 04:21:27,0.02111900,0.10000000
2018-02-25 04:21:27,0.02111800,0.08000000
2018-02-25 04:21:27,0.02111500,0.08000000
2018-02-25 04:21:27,0.02111500,0.98000000
2018-02-25 04:21:28,0.02112800,1.17000000
2018-02-25 04:21:32,0.02112200,0.66000000
2018-02-25 04:21:34,0.02112200,0.14000000
2018-02-25 04:21:34,0.02112200,0.49000000
2018-02-25 04:21:37,0.02111500,0.01000000
2018-02-25 04:21:40,0.02111300,0.49000000
2018-02-25 04:21:42,0.02111100,0.11000000
2018-02-25 04:21:42,0.02111000,0.20000000
2018-02-25 04:21:45,0.02111000,0.14000000
2018-02-25 04:21:48,0.02111000,0.48000000
2018-02-25 04:21:50,0.02111000,0.83000000
2018-02-25 04:21:50,0.02111000,0.18000000
2018-02-25 04:21:52,0.02110600,0.11000000
2018-02-25 04:21:52,0.02110500,0.05000000
2018-02-25 04:21:53,0.02110200,5.55000000
2018-02-25 04:21:53,0.02110200,6.61000000
2018-02-25 04:21:56,0.02110300,10.78000000
2018-02-25 04:21:58,0.02110300,0.16000000
2018-02-25 04:21:58,0.02110200,0.01000000
2018-02-25 04:21:59,0.02110200,0.08000000
2018-02-25 04:21:59,0.02110100,0.11000000
2018-02-25 04:21:59,0.02110200,0.25000000
2018-02-25 04:22:00,0.02110300,1.17000000
2018-02-25 04:22:03,0.02110200,0.10000000
2018-02-25 04:22:04,0.02110200,0.16000000
2018-02-25 04:22:04,0.02110200,0.08000000
2018-02-25 04:22:05,0.02110200,0.08000000
2018-02-25 04:22:06,0.02110200,0.50000000
2018-02-25 04:22:09,0.02110200,1.97000000
2018-02-25 04:22:10,0.02110100,1.00000000
2018-02-25 04:22:10,0.02110200,0.49000000
2018-02-25 04:22:13,0.02110100,1.45000000
2018-02-25 04:22:14,0.02110200,0.08000000
2018-02-25 04:22:17,0.02110200,2.16000000
2018-02-25 04:22:21,0.02110200,0.68000000
2018-02-25 04:22:23,0.02110200,0.11000000
2018-02-25 04:22:23,0.02110200,4.44000000
2018-02-25 04:22:39,0.02110400,0.40000000
2018-02-25 04:22:41,0.02111500,0.08000000
2018-02-25 04:22:41,0.02111500,0.41000000
2018-02-25 04:22:47,0.02111500,0.40000000
2018-02-25 04:22:48,0.02110300,0.20000000
2018-02-25 04:22:48,0.02110200,2.24000000
2018-02-25 04:22:49,0.02110100,10.13000000
2018-02-25 04:22:50,0.02111600,0.20000000
2018-02-25 04:22:50,0.02110100,13.22000000
2018-02-25 04:22:51,0.02110100,1.80000000
2018-02-25 04:22:56,0.02112800,0.23000000
2018-02-25 04:22:56,0.02112900,0.26000000
2018-02-25 04:23:11,0.02110200,0.10000000
2018-02-25 04:23:14,0.02110300,0.15000000
2018-02-25 04:23:15,0.02110300,0.40000000
2018-02-25 04:23:16,0.02110200,0.10000000
2018-02-25 04:23:16,0.02110300,0.10000000
2018-02-25 04:23:22,0.02110300,0.20000000
2018-02-25 04:23:38,0.02112000,4.49000000
2018-02-25 04:23:41,0.02112100,0.47000000
2018-02-25 04:23:42,0.02112100,0.20000000
2018-02-25 04:23:42,0.02112100,0.42000000
2018-02-25 04:23:44,0.02112100,0.01000000
2018-02-25 04:23:45,0.02112000,3.93000000
2018-02-25 04:23:50,0.02112100,0.14000000
2018-02-25 04:23:50,0.02112100,0.95000000
2018-02-25 04:23:58,0.02112100,0.01000000
2018-02-25 04:23:58,0.02112000,0.24000000
2018-02-25 04:23:59,0.02112000,1.05000000
2018-02-25 04:24:02,0.02112100,1.67000000
2018-02-25 04:24:02,0.02113300,0.49000000
2018-02-25 04:24:03,0.02113300,0.08000000
2018-02-25 04:24:04,0.02113300,0.04000000
2018-02-25 04:24:05,0.02112100,1.98000000
2018-02-25 04:24:06,0.02113300,0.16000000
2018-02-25 04:24:08,0.02113100,0.16000000
2018-02-25 04:24:08,0.02113100,0.18000000
2018-02-25 04:24:08,0.02113100,0.91000000
2018-02-25 04:24:09,0.02112100,0.17000000
2018-02-25 04:24:14,0.02112100,0.49000000
2018-02-25 04:24:17,0.02113000,0.82000000
2018-02-25 04:24:17,0.02113000,3.18000000
2018-02-25 04:24:17,0.02113000,1.28000000
2018-02-25 04:24:23,0.02112900,0.14000000
2018-02-25 04:24:23,0.02113000,4.25000000
2018-02-25 04:24:24,0.02113000,1.40000000
2018-02-25 04:24:27,0.02112100,0.13000000
2018-02-25 04:24:33,0.02112900,0.14000000
2018-02-25 04:24:36,0.02112900,0.14000000
2018-02-25 04:24:37,0.02112900,2.38000000
2018-02-25 04:24:39,0.02112900,0.14000000
2018-02-25 04:24:40,0.02112900,2.23000000
2018-02-25 04:24:41,0.02113000,4.05000000
2018-02-25 04:24:41,0.02113000,0.40000000
2018-02-25 04:24:41,0.02112900,0.11000000
2018-02-25 04:24:41,0.02112100,9.60000000
2018-02-25 04:24:48,0.02112100,0.01000000
2018-02-25 04:24:52,0.02110300,1.03000000
2018-02-25 04:25:03,0.02110400,0.24000000
2018-02-25 04:25:03,0.02110300,0.47000000
2018-02-25 04:25:10,0.02110400,0.24000000
2018-02-25 04:25:10,0.02110300,7.85000000
2018-02-25 04:25:11,0.02110300,0.11000000
2018-02-25 04:25:15,0.02110300,0.26000000
2018-02-25 04:25:26,0.02112000,0.14000000
2018-02-25 04:25:26,0.02112100,0.58000000
2018-02-25 04:25:36,0.02110300,0.49000000
2018-02-25 04:25:40,0.02112000,0.05000000
2018-02-25 04:26:05,0.02110300,33.61000000
2018-02-25 04:26:05,0.02110300,0.80000000
2018-02-25 04:26:05,0.02110300,2.44000000
2018-02-25 04:26:05,0.02110300,7.63000000
2018-02-25 04:26:05,0.02110100,8.19000000
2018-02-25 04:26:05,0.02110000,0.19000000
2018-02-25 04:26:05,0.02110000,0.62000000
2018-02-25 04:26:05,0.02110000,6.62000000
2018-02-25 04:26:05,0.02110000,0.62000000
2018-02-25 04:26:05,0.02110000,18.51000000
2018-02-25 04:26:05,0.02110000,2.94000000
2018-02-25 04:26:05,0.02110000,2.51000000
2018-02-25 04:26:05,0.02109400,0.07000000
2018-02-25 04:26:05,0.02109000,0.05000000
2018-02-25 04:26:05,0.02108900,31.04000000
2018-02-25 04:26:05,0.02108900,2.86000000
2018-02-25 04:26:05,0.02108900,3.49000000
2018-02-25 04:26:05,0.02108900,6.66000000
2018-02-25 04:26:06,0.02108900,0.91000000
2018-02-25 04:26:06,0.02108900,1.04000000
2018-02-25 04:26:06,0.02108800,2.00000000
2018-02-25 04:26:06,0.02108700,17.07000000
2018-02-25 04:26:07,0.02110000,0.17000000
2018-02-25 04:26:09,0.02110000,1.70000000
2018-02-25 04:26:14,0.02108700,4.37000000
2018-02-25 04:26:15,0.02108700,4.65000000
2018-02-25 04:26:19,0.02108700,1.10000000
2018-02-25 04:26:24,0.02108700,0.49000000
2018-02-25 04:26:24,0.02108700,1.63000000
2018-02-25 04:26:34,0.02108700,0.05000000
2018-02-25 04:26:35,0.02108700,0.64000000
2018-02-25 04:26:35,0.02108100,0.53000000
2018-02-25 04:26:36,0.02108100,0.96000000
2018-02-25 04:26:36,0.02108100,0.47000000
2018-02-25 04:26:38,0.02107300,0.05000000
2018-02-25 04:26:39,0.02107300,0.94000000
2018-02-25 04:26:40,0.02107300,33.23000000
2018-02-25 04:26:40,0.02108100,0.93000000
2018-02-25 04:26:40,0.02108100,2.37000000
2018-02-25 04:26:42,0.02108100,1.36000000
2018-02-25 04:26:42,0.02108100,0.17000000
2018-02-25 04:26:45,0.02108100,0.11000000
2018-02-25 04:26:45,0.02108100,0.49000000
2018-02-25 04:26:46,0.02107100,1.00000000
2018-02-25 04:26:47,0.02107100,0.10000000
2018-02-25 04:26:47,0.02108100,0.40000000
2018-02-25 04:26:55,0.02108100,0.38000000
2018-02-25 04:26:57,0.02109900,1.09000000
2018-02-25 04:27:00,0.02109900,0.06000000
2018-02-25 04:27:14,0.02108400,0.24000000
2018-02-25 04:27:15,0.02107100,1.42000000
2018-02-25 04:27:15,0.02107100,0.24000000
2018-02-25 04:27:15,0.02107100,1.42000000
2018-02-25 04:27:15,0.02107100,0.28000000
2018-02-25 04:27:15,0.02107000,1.42000000
2018-02-25 04:27:17,0.02107000,0.30000000
2018-02-25 04:27:17,0.02107000,0.28000000
2018-02-25 04:27:17,0.02106400,1.00000000
2018-02-25 04:27:17,0.02106000,1.18000000
2018-02-25 04:27:17,0.02106000,0.28000000
2018-02-25 04:27:21,0.02106000,17.21000000
2018-02-25 04:27:21,0.02106000,1.33000000
2018-02-25 04:27:21,0.02108400,0.06000000
2018-02-25 04:27:21,0.02108400,1.19000000
2018-02-25 04:27:30,0.02106000,0.22000000
2018-02-25 04:27:32,0.02108400,0.51000000
2018-02-25 04:27:35,0.02109700,1.04000000
2018-02-25 04:27:46,0.02109700,0.57000000
2018-02-25 04:27:47,0.02108400,0.84000000
2018-02-25 04:27:49,0.02109500,4.38000000
2018-02-25 04:27:53,0.02109500,0.05000000
2018-02-25 04:27:53,0.02109500,0.05000000
2018-02-25 04:27:54,0.02109500,0.11000000
2018-02-25 04:27:54,0.02109600,2.23000000
2018-02-25 04:27:55,0.02109500,1.79000000
2018-02-25 04:27:57,0.02109500,1.17000000
2018-02-25 04:28:03,0.02109300,34.03000000
2018-02-25 04:28:05,0.02109300,0.17000000
2018-02-25 04:28:17,0.02109200,0.11000000
2018-02-25 04:28:18,0.02107400,1.26000000
2018-02-25 04:28:28,0.02107400,1.00000000
2018-02-25 04:28:28,0.02107400,1.00000000
2018-02-25 04:28:28,0.02107300,1.42000000
2018-02-25 04:28:28,0.02107300,0.48000000
2018-02-25 04:28:29,0.02107300,0.17000000
2018-02-25 04:28:29,0.02107300,1.53000000
2018-02-25 04:28:29,0.02107000,1.27000000
2018-02-25 04:28:30,0.02107300,1.85000000
2018-02-25 04:28:31,0.02107300,2.37000000
2018-02-25 04:28:32,0.02107200,0.47000000
2018-02-25 04:28:34,0.02107100,0.73000000
2018-02-25 04:28:34,0.02107100,0.39000000
2018-02-25 04:28:35,0.02107000,0.90000000
2018-02-25 04:28:35,0.02107000,0.85000000
2018-02-25 04:28:35,0.02107100,1.52000000
2018-02-25 04:28:38,0.02107100,2.37000000
2018-02-25 04:28:40,0.02107100,0.80000000
2018-02-25 04:28:41,0.02107100,0.06000000
2018-02-25 04:28:41,0.02107400,0.41000000
2018-02-25 04:28:41,0.02107400,0.71000000
2018-02-25 04:28:41,0.02107400,1.90000000
2018-02-25 04:28:42,0.02107400,0.63000000
2018-02-25 04:28:46,0.02107400,0.37000000
2018-02-25 04:28:49,0.02107400,0.37000000
2018-02-25 04:28:49,0.02107100,0.11000000
2018-02-25 04:28:49,0.02106800,2.52000000
2018-02-25 04:28:49,0.02106000,3.12000000
2018-02-25 04:28:49,0.02105200,0.33000000
2018-02-25 04:28:49,0.02105100,15.10000000
2018-02-25 04:28:51,0.02107300,0.10000000
2018-02-25 04:28:51,0.02108900,0.16000000
2018-02-25 04:28:58,0.02108800,0.32000000
2018-02-25 04:28:59,0.02108800,0.41000000
2018-02-25 04:28:59,0.02108900,0.18000000
2018-02-25 04:29:00,0.02108900,0.05000000
2018-02-25 04:29:00,0.02108900,0.50000000
2018-02-25 04:29:00,0.02108900,0.12000000
2018-02-25 04:29:02,0.02108900,0.11000000
2018-02-25 04:29:02,0.02107400,1.00000000
2018-02-25 04:29:02,0.02107100,0.20000000
2018-02-25 04:29:18,0.02107100,0.35000000
2018-02-25 04:29:19,0.02107100,0.27000000
2018-02-25 04:29:24,0.02107100,0.71000000
2018-02-25 04:29:24,0.02108100,0.29000000
2018-02-25 04:29:24,0.02106100,0.17000000
2018-02-25 04:29:24,0.02106000,1.69000000
2018-02-25 04:29:24,0.02105900,0.05000000
2018-02-25 04:29:24,0.02105800,4.77000000
2018-02-25 04:29:24,0.02105200,0.20000000
2018-02-25 04:29:24,0.02105000,6.86000000
2018-02-25 04:29:30,0.02107300,0.10000000
2018-02-25 04:29:30,0.02107900,0.36000000
2018-02-25 04:29:30,0.02107900,1.07000000
2018-02-25 04:29:31,0.02107600,0.51000000
2018-02-25 04:29:34,0.02107400,0.47000000
2018-02-25 04:29:37,0.02107300,0.05000000
2018-02-25 04:29:40,0.02107300,0.10000000
2018-02-25 04:29:50,0.02106000,1.00000000
2018-02-25 04:29:50,0.02107100,7.16000000
2018-02-25 04:29:52,0.02107100,0.47000000
2018-02-25 04:30:01,0.02107000,0.14000000
2018-02-25 04:30:03,0.02106800,3.50000000
2018-02-25 04:30:03,0.02105700,0.46000000
2018-02-25 04:30:04,0.02105600,0.21000000
2018-02-25 04:30:04,0.02106900,0.06000000
2018-02-25 04:30:08,0.02106900,0.80000000
2018-02-25 04:30:08,0.02107000,7.74000000
2018-02-25 04:30:08,0.02107100,1.00000000
2018-02-25 04:30:08,0.02107200,0.72000000
2018-02-25 04:30:08,0.02107300,1.79000000
2018-02-25 04:30:08,0.02107300,0.77000000
2018-02-25 04:30:08,0.02107500,0.05000000
2018-02-25 04:30:08,0.02109200,2.17000000
2018-02-25 04:30:09,0.02109200,0.05000000
2018-02-25 04:30:09,0.02110000,3.11000000
2018-02-25 04:30:09,0.02110300,1.64000000
2018-02-25 04:30:09,0.02110300,0.86000000
2018-02-25 04:30:09,0.02110300,0.58000000
2018-02-25 04:30:10,0.02110300,2.61000000
2018-02-25 04:30:10,0.02113300,2.64000000
2018-02-25 04:30:10,0.02114000,0.35000000
2018-02-25 04:30:10,0.02115000,0.25000000
2018-02-25 04:30:10,0.02115800,0.07000000
2018-02-25 04:30:10,0.02117000,3.19000000
2018-02-25 04:30:10,0.02110300,1.43000000
2018-02-25 04:30:10,0.02110200,1.86000000
2018-02-25 04:30:10,0.02110300,0.07000000
2018-02-25 04:30:11,0.02117000,0.47000000
2018-02-25 04:30:11,0.02117100,1.03000000
2018-02-25 04:30:11,0.02110800,1.32000000
2018-02-25 04:30:11,0.02110800,1.42000000
2018-02-25 04:30:11,0.02110800,1.42000000
2018-02-25 04:30:11,0.02110800,1.42000000
2018-02-25 04:30:11,0.02110800,1.42000000
2018-02-25 04:30:12,0.02111100,0.80000000
2018-02-25 04:30:12,0.02116900,0.20000000
2018-02-25 04:30:12,0.02111100,1.01000000
2018-02-25 04:30:12,0.02111200,0.07000000
2018-02-25 04:30:13,0.02112000,14.60000000
2018-02-25 04:30:13,0.02111700,4.97000000
2018-02-25 04:30:13,0.02111500,0.47000000
2018-02-25 04:30:13,0.02111200,1.42000000
2018-02-25 04:30:13,0.02111200,1.02000000
2018-02-25 04:30:13,0.02111100,0.14000000
2018-02-25 04:30:14,0.02110900,1.42000000
2018-02-25 04:30:14,0.02110900,1.03000000
2018-02-25 04:30:14,0.02110600,2.79000000
2018-02-25 04:30:17,0.02110300,0.40000000
2018-02-25 04:30:22,0.02110300,1.07000000
2018-02-25 04:30:22,0.02110300,1.08000000
2018-02-25 04:30:25,0.02110300,1.42000000
2018-02-25 04:30:25,0.02110300,0.57000000
2018-02-25 04:30:25,0.02110300,0.64000000
2018-02-25 04:30:26,0.02110000,0.17000000
2018-02-25 04:30:30,0.02110300,1.81000000
2018-02-25 04:30:34,0.02109400,0.06000000
2018-02-25 04:30:34,0.02107200,0.10000000
2018-02-25 04:30:38,0.02107200,0.74000000
2018-02-25 04:30:38,0.02106900,0.80000000
2018-02-25 04:30:38,0.02106100,3.45000000
2018-02-25 04:30:39,0.02108200,1.42000000
2018-02-25 04:30:39,0.02108200,1.42000000
2018-02-25 04:30:41,0.02108000,0.23000000
2018-02-25 04:30:41,0.02107900,3.39000000
2018-02-25 04:30:41,0.02108000,0.28000000
2018-02-25 04:30:41,0.02108100,3.45000000
2018-02-25 04:30:41,0.02108200,9.07000000
2018-02-25 04:30:41,0.02108600,4.39000000
2018-02-25 04:30:41,0.02108700,7.42000000
2018-02-25 04:30:41,0.02108700,0.71000000
2018-02-25 04:30:41,0.02109400,0.37000000
2018-02-25 04:30:41,0.02110300,0.10000000
2018-02-25 04:30:41,0.02111700,0.47000000
2018-02-25 04:30:41,0.02115000,0.17000000
2018-02-25 04:30:41,0.02115400,2.00000000
2018-02-25 04:30:41,0.02115900,2.52000000
2018-02-25 04:30:41,0.02117100,1.93000000
2018-02-25 04:30:41,0.02117100,0.10000000
2018-02-25 04:30:42,0.02117000,4.71000000
2018-02-25 04:30:43,0.02116900,0.23000000
2018-02-25 04:30:43,0.02116800,0.12000000
2018-02-25 04:30:43,0.02110500,2.35000000
2018-02-25 04:30:44,0.02110600,3.37000000
2018-02-25 04:30:44,0.02110900,3.70000000
2018-02-25 04:30:44,0.02110700,0.74000000
2018-02-25 04:30:44,0.02110500,0.47000000
2018-02-25 04:30:51,0.02111400,46.00000000
2018-02-25 04:30:51,0.02111200,0.47000000
2018-02-25 04:30:54,0.02110500,1.87000000
2018-02-25 04:30:54,0.02110500,0.01000000
2018-02-25 04:30:54,0.02110300,0.13000000
2018-02-25 04:30:55,0.02110300,1.97000000
2018-02-25 04:31:00,0.02111100,0.47000000
2018-02-25 04:31:04,0.02110300,0.01000000
2018-02-25 04:31:04,0.02110000,0.11000000
2018-02-25 04:31:04,0.02110000,0.05000000
2018-02-25 04:31:04,0.02110000,0.01000000
2018-02-25 04:31:04,0.02109800,0.14000000
2018-02-25 04:31:04,0.02109800,0.05000000
2018-02-25 04:31:04,0.02110800,0.51000000
2018-02-25 04:31:04,0.02110900,4.80000000
2018-02-25 04:31:04,0.02111100,1.09000000
2018-02-25 04:31:07,0.02110500,2.16000000
2018-02-25 04:31:10,0.02110500,2.00000000
2018-02-25 04:31:16,0.02107400,0.14000000
2018-02-25 04:31:16,0.02106700,0.86000000
2018-02-25 04:31:17,0.02106700,0.43000000
2018-02-25 04:31:23,0.02107200,1.35000000
2018-02-25 04:31:23,0.02107300,0.05000000
2018-02-25 04:31:24,0.02107300,0.94000000
2018-02-25 04:31:24,0.02107300,0.01000000
2018-02-25 04:31:24,0.02109700,0.46000000
2018-02-25 04:31:27,0.02109700,0.47000000
2018-02-25 04:31:35,0.02112900,0.10000000
2018-02-25 04:31:37,0.02109600,0.41000000
2018-02-25 04:31:38,0.02108100,2.00000000
2018-02-25 04:31:39,0.02109700,6.00000000
2018-02-25 04:31:40,0.02109600,1.09000000
2018-02-25 04:31:41,0.02109600,0.11000000
2018-02-25 04:31:46,0.02109600,0.01000000
2018-02-25 04:31:49,0.02109600,0.11000000
2018-02-25 04:31:53,0.02109600,0.11000000
2018-02-25 04:32:10,0.02109300,0.06000000
2018-02-25 04:32:11,0.02109300,3.59000000
2018-02-25 04:32:11,0.02109600,2.45000000
2018-02-25 04:32:11,0.02110500,4.09000000
2018-02-25 04:32:11,0.02111100,1.73000000
2018-02-25 04:32:11,0.02111100,0.23000000
2018-02-25 04:32:11,0.02111100,0.23000000
2018-02-25 04:32:11,0.02111100,0.17000000
2018-02-25 04:32:11,0.02111700,16.34000000
2018-02-25 04:32:11,0.02111700,4.80000000
2018-02-25 04:32:11,0.02111700,2.32000000
2018-02-25 04:32:11,0.02112300,0.13000000
2018-02-25 04:32:12,0.02112300,0.23000000
2018-02-25 04:32:12,0.02111300,2.45000000
2018-02-25 04:32:12,0.02112300,0.25000000
2018-02-25 04:32:13,0.02112300,1.39000000
2018-02-25 04:32:13,0.02113200,3.31000000
2018-02-25 04:32:13,0.02113200,0.20000000
2018-02-25 04:32:14,0.02113200,0.14000000
2018-02-25 04:32:15,0.02112300,0.15000000
2018-02-25 04:32:15,0.02110100,0.15000000
2018-02-25 04:32:21,0.02109700,3.10000000
2018-02-25 04:32:21,0.02112700,0.15000000
2018-02-25 04:32:21,0.02112900,0.10000000
2018-02-25 04:32:21,0.02109600,2.31000000
2018-02-25 04:32:22,0.02113200,0.03000000
2018-02-25 04:32:25,0.02109800,1.42000000
2018-02-25 04:32:26,0.02109800,0.07000000
2018-02-25 04:32:27,0.02109500,1.35000000
2018-02-25 04:32:36,0.02109900,2.83000000
2018-02-25 04:32:40,0.02109900,0.01000000
2018-02-25 04:32:40,0.02110100,0.15000000
2018-02-25 04:32:42,0.02110100,0.11000000
2018-02-25 04:32:52,0.02109300,1.83000000
2018-02-25 04:32:54,0.02109300,0.06000000
2018-02-25 04:32:57,0.02109800,42.06000000
2018-02-25 04:32:57,0.02109900,4.90000000
2018-02-25 04:32:57,0.02110000,1.90000000
2018-02-25 04:33:03,0.02113800,0.10000000
2018-02-25 04:33:26,0.02113300,2.31000000
2018-02-25 04:33:26,0.02113400,0.10000000
2018-02-25 04:33:31,0.02110300,0.49000000
2018-02-25 04:33:32,0.02113400,0.40000000
2018-02-25 04:33:34,0.02113400,0.24000000
2018-02-25 04:33:34,0.02113800,0.78000000
2018-02-25 04:33:34,0.02114000,28.00000000
2018-02-25 04:33:34,0.02115000,0.17000000
2018-02-25 04:33:34,0.02116900,0.10000000
2018-02-25 04:33:34,0.02117000,3.84000000
2018-02-25 04:33:34,0.02117100,2.06000000
2018-02-25 04:33:34,0.02118700,9.01000000
2018-02-25 04:33:35,0.02111200,0.10000000
2018-02-25 04:33:37,0.02117600,1.00000000
2018-02-25 04:33:37,0.02117700,0.10000000
2018-02-25 04:33:37,0.02117800,0.52000000
2018-02-25 04:33:37,0.02117900,2.00000000
2018-02-25 04:33:37,0.02118000,1.00000000
2018-02-25 04:33:37,0.02118700,11.75000000
2018-02-25 04:33:38,0.02112200,0.12000000
2018-02-25 04:33:38,0.02112200,0.47000000
2018-02-25 04:33:38,0.02112400,1.41000000
2018-02-25 04:33:38,0.02112400,1.01000000
2018-02-25 04:33:38,0.02112400,1.01000000
2018-02-25 04:33:38,0.02112400,1.02000000
2018-02-25 04:33:38,0.02112400,1.02000000
2018-02-25 04:33:38,0.02112400,0.11000000
2018-02-25 04:33:39,0.02112700,0.05000000
2018-02-25 04:33:40,0.02117400,0.05000000
2018-02-25 04:33:43,0.02113700,0.41000000
2018-02-25 04:33:43,0.02113600,0.22000000
2018-02-25 04:33:43,0.02113600,0.11000000
2018-02-25 04:33:45,0.02112900,2.00000000
2018-02-25 04:33:46,0.02111300,0.94000000
2018-02-25 04:33:52,0.02111300,0.47000000
2018-02-25 04:33:54,0.02113100,0.46000000
2018-02-25 04:33:55,0.02112400,0.11000000
2018-02-25 04:33:58,0.02112400,0.11000000
2018-02-25 04:34:01,0.02113100,0.11000000
2018-02-25 04:34:04,0.02112400,1.53000000
2018-02-25 04:34:20,0.02110000,5.73000000
2018-02-25 04:34:20,0.02109900,1.30000000
2018-02-25 04:34:20,0.02109600,0.02000000
2018-02-25 04:34:24,0.02109600,0.07000000
2018-02-25 04:34:24,0.02109800,0.23000000
2018-02-25 04:34:25,0.02109800,1.93000000
2018-02-25 04:34:25,0.02109400,0.07000000
2018-02-25 04:34:25,0.02109300,0.39000000
2018-02-25 04:34:25,0.02109500,1.92000000
2018-02-25 04:34:27,0.02109500,0.10000000
2018-02-25 04:34:29,0.02109300,0.50000000
2018-02-25 04:34:29,0.02109300,0.92000000
2018-02-25 04:34:35,0.02109400,0.34000000
2018-02-25 04:34:38,0.02109500,0.66000000
2018-02-25 04:34:38,0.02109300,0.19000000
2018-02-25 04:34:48,0.02109500,1.63000000
2018-02-25 04:34:48,0.02109500,0.03000000
2018-02-25 04:34:48,0.02109600,0.20000000
2018-02-25 04:34:53,0.02109600,0.64000000
2018-02-25 04:34:53,0.02110000,0.38000000
2018-02-25 04:34:56,0.02110000,2.03000000
2018-02-25 04:35:16,0.02109900,0.53000000
2018-02-25 04:35:17,0.02109900,0.47000000
2018-02-25 04:35:17,0.02110000,0.47000000
2018-02-25 04:35:19,0.02109300,3.92000000
2018-02-25 04:35:24,0.02110000,0.23000000
2018-02-25 04:35:24,0.02110000,0.22000000
2018-02-25 04:35:24,0.02110000,0.22000000
2018-02-25 04:35:24,0.02110000,0.30000000
2018-02-25 04:35:25,0.02110000,1.30000000
2018-02-25 04:35:52,0.02108200,1.95000000
2018-02-25 04:35:58,0.02108200,0.06000000
2018-02-25 04:35:58,0.02108100,0.10000000
2018-02-25 04:35:58,0.02108000,0.51000000
2018-02-25 04:35:58,0.02107300,1.60000000
2018-02-25 04:36:08,0.02106900,0.85000000
2018-02-25 04:36:10,0.02108200,0.17000000
2018-02-25 04:36:12,0.02108200,0.82000000
2018-02-25 04:36:20,0.02108200,1.25000000
2018-02-25 04:36:23,0.02107200,0.24000000
2018-02-25 04:36:23,0.02107100,3.34000000
2018-02-25 04:36:23,0.02107100,0.22000000
2018-02-25 04:36:28,0.02109900,1.60000000
2018-02-25 04:36:29,0.02110000,0.47000000
2018-02-25 04:36:30,0.02109900,0.32000000
2018-02-25 04:36:49,0.02108500,3.04000000
2018-02-25 04:36:58,0.02109600,0.43000000
2018-02-25 04:37:09,0.02108500,1.00000000
2018-02-25 04:37:09,0.02107000,1.16000000
2018-02-25 04:37:15,0.02107300,0.59000000
2018-02-25 04:37:15,0.02107300,0.23000000
2018-02-25 04:37:16,0.02109600,2.04000000
2018-02-25 04:37:33,0.02109600,0.05000000
2018-02-25 04:37:34,0.02109500,0.82000000
2018-02-25 04:37:34,0.02109600,0.72000000
2018-02-25 04:37:34,0.02109900,1.95000000
2018-02-25 04:37:34,0.02110000,27.52000000
2018-02-25 04:37:34,0.02112400,0.47000000
2018-02-25 04:37:35,0.02110000,2.27000000
2018-02-25 04:37:37,0.02110000,0.11000000
2018-02-25 04:37:39,0.02112300,0.49000000
2018-02-25 04:37:41,0.02110000,0.11000000
2018-02-25 04:37:43,0.02112000,0.36000000
2018-02-25 04:37:45,0.02110100,0.24000000
2018-02-25 04:37:46,0.02110000,0.13000000
2018-02-25 04:37:49,0.02110000,0.12000000
2018-02-25 04:37:49,0.02110000,2.33000000
2018-02-25 04:37:53,0.02110000,0.11000000
2018-02-25 04:37:56,0.02110000,0.60000000
2018-02-25 04:37:57,0.02110000,0.11000000
2018-02-25 04:37:58,0.02111900,0.29000000
2018-02-25 04:37:58,0.02112000,9.71000000
2018-02-25 04:38:02,0.02110000,0.11000000
2018-02-25 04:38:06,0.02110000,14.30000000
2018-02-25 04:38:07,0.02110000,0.63000000
2018-02-25 04:38:07,0.02110300,0.47000000
2018-02-25 04:38:07,0.02110000,1.31000000
2018-02-25 04:38:07,0.02107100,0.63000000
2018-02-25 04:38:12,0.02107300,0.24000000
2018-02-25 04:38:12,0.02107000,0.25000000
2018-02-25 04:38:26,0.02108200,1.76000000
2018-02-25 04:38:36,0.02108200,1.76000000
2018-02-25 04:38:36,0.02108200,0.49000000
2018-02-25 04:38:41,0.02108200,0.84000000
2018-02-25 04:38:44,0.02108200,2.27000000
2018-02-25 04:38:45,0.02108000,4.79000000
2018-02-25 04:38:56,0.02107800,1.69000000
2018-02-25 04:39:04,0.02107800,6.62000000
2018-02-25 04:39:04,0.02107400,0.50000000
2018-02-25 04:39:04,0.02107000,0.80000000
2018-02-25 04:39:04,0.02106900,1.15000000
2018-02-25 04:39:04,0.02106700,1.79000000
2018-02-25 04:39:04,0.02106500,0.91000000
2018-02-25 04:39:04,0.02106100,1.56000000
2018-02-25 04:39:04,0.02106000,2.05000000
2018-02-25 04:39:04,0.02105700,2.39000000
2018-02-25 04:39:04,0.02105400,0.47000000
2018-02-25 04:39:04,0.02105200,0.10000000
2018-02-25 04:39:04,0.02105100,0.11000000
2018-02-25 04:39:04,0.02105000,3.14000000
2018-02-25 04:39:04,0.02104900,0.39000000
2018-02-25 04:39:04,0.02104700,4.74000000
2018-02-25 04:39:04,0.02104000,1.00000000
2018-02-25 04:39:04,0.02103900,1.43000000
2018-02-25 04:39:04,0.02103700,10.39000000
2018-02-25 04:39:04,0.02103600,3.94000000
2018-02-25 04:39:04,0.02103400,0.07000000
2018-02-25 04:39:04,0.02103100,0.15000000
2018-02-25 04:39:04,0.02102900,0.60000000
2018-02-25 04:39:04,0.02101400,2.08000000
2018-02-25 04:39:04,0.02101300,0.14000000
2018-02-25 04:39:04,0.02101200,0.71000000
2018-02-25 04:39:04,0.02101100,7.35000000
2018-02-25 04:39:05,0.02105200,0.10000000
2018-02-25 04:39:06,0.02107700,0.05000000
2018-02-25 04:39:06,0.02107300,0.10000000
2018-02-25 04:39:08,0.02107600,0.10000000
2018-02-25 04:39:14,0.02107600,0.53000000
2018-02-25 04:39:14,0.02107700,0.42000000
2018-02-25 04:39:17,0.02107800,0.35000000
2018-02-25 04:39:17,0.02105200,0.10000000
2018-02-25 04:39:17,0.02105000,0.55000000
2018-02-25 04:39:19,0.02107800,0.10000000
2018-02-25 04:39:19,0.02105300,0.47000000
2018-02-25 04:39:19,0.02105200,1.84000000
2018-02-25 04:39:22,0.02105200,0.49000000
2018-02-25 04:39:23,0.02105200,0.10000000
2018-02-25 04:39:25,0.02109700,0.49000000
2018-02-25 04:39:25,0.02109700,0.47000000
2018-02-25 04:39:26,0.02109700,0.47000000
2018-02-25 04:39:26,0.02109700,0.47000000
2018-02-25 04:39:28,0.02110200,0.49000000
2018-02-25 04:39:29,0.02110200,3.72000000
2018-02-25 04:39:29,0.02106200,0.94000000
2018-02-25 04:39:29,0.02106100,0.06000000
2018-02-25 04:39:30,0.02106400,0.53000000
2018-02-25 04:39:45,0.02106400,0.20000000
2018-02-25 04:39:46,0.02106400,3.95000000
2018-02-25 04:39:46,0.02105900,0.47000000
2018-02-25 04:39:46,0.02105400,0.56000000
2018-02-25 04:39:51,0.02105300,6.40000000
2018-02-25 04:39:51,0.02105200,0.10000000
2018-02-25 04:39:51,0.02105000,0.09000000
2018-02-25 04:39:51,0.02103100,0.10000000
2018-02-25 04:39:51,0.02103000,9.00000000
2018-02-25 04:39:51,0.02101500,0.60000000
2018-02-25 04:39:51,0.02101400,1.60000000
2018-02-25 04:39:51,0.02101200,1.60000000
2018-02-25 04:39:51,0.02101000,13.87000000
2018-02-25 04:39:51,0.02105300,0.47000000
2018-02-25 04:39:51,0.02105100,1.42000000
2018-02-25 04:39:51,0.02105100,1.42000000
2018-02-25 04:39:51,0.02105100,1.42000000
2018-02-25 04:39:51,0.02100400,0.14000000
2018-02-25 04:39:51,0.02105100,1.42000000
2018-02-25 04:39:51,0.02105100,1.49000000
2018-02-25 04:39:52,0.02105200,0.10000000
2018-02-25 04:39:52,0.02105200,0.10000000
2018-02-25 04:40:00,0.02105400,0.01000000
2018-02-25 04:40:00,0.02106400,0.05000000
2018-02-25 04:40:06,0.02106400,0.01000000
2018-02-25 04:40:06,0.02106800,0.22000000
2018-02-25 04:40:06,0.02106800,0.21000000
2018-02-25 04:40:07,0.02107300,0.10000000
2018-02-25 04:40:09,0.02110200,0.97000000
2018-02-25 04:40:09,0.02110300,1.34000000
2018-02-25 04:40:09,0.02110500,0.49000000
2018-02-25 04:40:09,0.02111000,0.19000000
2018-02-25 04:40:09,0.02111100,5.36000000
2018-02-25 04:40:09,0.02111500,3.94000000
2018-02-25 04:40:09,0.02112400,3.91000000
2018-02-25 04:40:09,0.02113000,0.60000000
2018-02-25 04:40:09,0.02113300,2.00000000
2018-02-25 04:40:09,0.02114400,0.60000000
2018-02-25 04:40:09,0.02114500,1.00000000
2018-02-25 04:40:09,0.02115000,1.92000000
2018-02-25 04:40:09,0.02115500,0.43000000
2018-02-25 04:40:15,0.02107900,1.50000000
2018-02-25 04:40:18,0.02113600,4.42000000
2018-02-25 04:40:18,0.02113700,0.71000000
2018-02-25 04:40:19,0.02109400,0.47000000
2018-02-25 04:40:20,0.02109800,0.07000000
2018-02-25 04:40:23,0.02110800,2.85000000
2018-02-25 04:40:23,0.02110800,0.07000000
2018-02-25 04:40:23,0.02109200,0.47000000
2018-02-25 04:40:23,0.02106500,0.47000000
2018-02-25 04:40:25,0.02110800,1.50000000
2018-02-25 04:40:26,0.02108000,0.17000000
2018-02-25 04:40:26,0.02106600,0.12000000
2018-02-25 04:40:27,0.02106700,0.23000000
2018-02-25 04:40:27,0.02106500,2.04000000
2018-02-25 04:40:29,0.02106600,0.22000000
2018-02-25 04:40:33,0.02106700,0.01000000
2018-02-25 04:40:33,0.02109900,1.65000000
2018-02-25 04:40:45,0.02106200,0.23000000
2018-02-25 04:41:12,0.02106200,1.84000000
2018-02-25 04:41:12,0.02106100,0.23000000
2018-02-25 04:41:18,0.02108700,0.94000000
2018-02-25 04:41:33,0.02108700,0.74000000
2018-02-25 04:41:33,0.02109100,1.07000000
2018-02-25 04:41:34,0.02109100,0.39000000
2018-02-25 04:41:34,0.02110000,0.17000000
2018-02-25 04:41:35,0.02108700,3.35000000
2018-02-25 04:41:37,0.02107500,0.47000000
2018-02-25 04:41:37,0.02107400,7.10000000
2018-02-25 04:41:37,0.02107200,0.53000000
2018-02-25 04:41:40,0.02111200,0.70000000
2018-02-25 04:41:41,0.02111200,0.10000000
2018-02-25 04:41:42,0.02107600,0.94000000
2018-02-25 04:41:42,0.02107200,0.41000000
2018-02-25 04:41:43,0.02110000,1.00000000
2018-02-25 04:41:45,0.02110700,6.30000000
2018-02-25 04:41:45,0.02110900,43.70000000
2018-02-25 04:41:45,0.02110900,0.58000000
2018-02-25 04:41:52,0.02107600,1.31000000
2018-02-25 04:41:54,0.02107800,0.47000000
2018-02-25 04:42:03,0.02107900,0.53000000
2018-02-25 04:42:10,0.02110700,0.76000000
2018-02-25 04:42:11,0.02108000,1.20000000
2018-02-25 04:42:11,0.02107900,2.90000000
2018-02-25 04:42:11,0.02107900,0.11000000
2018-02-25 04:42:11,0.02107900,0.12000000
2018-02-25 04:42:11,0.02107900,0.12000000
2018-02-25 04:42:12,0.02107700,0.05000000
2018-02-25 04:42:12,0.02107700,0.50000000
2018-02-25 04:42:12,0.02107900,16.79000000
2018-02-25 04:42:13,0.02107900,1.42000000
2018-02-25 04:42:13,0.02107900,2.96000000
2018-02-25 04:42:13,0.02107900,2.96000000
2018-02-25 04:42:13,0.02107900,1.42000000
2018-02-25 04:42:13,0.02107900,2.97000000
2018-02-25 04:42:13,0.02107900,7.08000000
2018-02-25 04:42:14,0.02107900,0.19000000
2018-02-25 04:42:15,0.02107300,0.20000000
2018-02-25 04:42:15,0.02107900,0.61000000
2018-02-25 04:42:26,0.02109100,0.16000000
2018-02-25 04:42:28,0.02109100,2.68000000
2018-02-25 04:42:29,0.02109100,1.42000000
2018-02-25 04:42:29,0.02109100,1.42000000
2018-02-25 04:42:29,0.02109100,1.42000000
2018-02-25 04:42:29,0.02109100,1.42000000
2018-02-25 04:42:30,0.02109100,1.42000000
2018-02-25 04:42:30,0.02113000,0.47000000
2018-02-25 04:42:30,0.02109100,1.42000000
2018-02-25 04:42:34,0.02113000,2.10000000
2018-02-25 04:42:43,0.02109100,0.35000000
2018-02-25 04:42:44,0.02112200,14.04000000
2018-02-25 04:42:44,0.02112300,40.26000000
2018-02-25 04:42:44,0.02109100,0.70000000
2018-02-25 04:42:46,0.02109100,2.17000000
2018-02-25 04:42:47,0.02108900,14.17000000
2018-02-25 04:42:51,0.02108900,0.01000000
2018-02-25 04:42:51,0.02109100,0.31000000
2018-02-25 04:42:52,0.02108800,5.00000000
2018-02-25 04:42:52,0.02108000,4.09000000
2018-02-25 04:42:52,0.02107000,0.07000000
2018-02-25 04:42:52,0.02106700,0.94000000
2018-02-25 04:42:52,0.02112500,0.51000000
2018-02-25 04:42:55,0.02109000,1.83000000
2018-02-25 04:42:55,0.02109000,4.08000000
2018-02-25 04:42:56,0.02108700,0.17000000
2018-02-25 04:42:57,0.02106500,0.17000000
2018-02-25 04:43:07,0.02106500,0.10000000
2018-02-25 04:43:07,0.02106600,0.10000000
2018-02-25 04:43:07,0.02106500,0.24000000
2018-02-25 04:43:07,0.02110500,0.05000000
2018-02-25 04:43:15,0.02109000,1.20000000
2018-02-25 04:43:15,0.02109000,0.33000000
2018-02-25 04:43:18,0.02109000,0.21000000
2018-02-25 04:43:19,0.02109000,0.25000000
2018-02-25 04:43:21,0.02109300,0.13000000
2018-02-25 04:43:26,0.02109300,0.74000000
2018-02-25 04:43:26,0.02109000,0.01000000
2018-02-25 04:43:26,0.02107600,0.10000000
2018-02-25 04:43:26,0.02106200,0.25000000
2018-02-25 04:43:27,0.02110200,0.24000000
2018-02-25 04:43:27,0.02110300,0.23000000
2018-02-25 04:43:28,0.02110200,0.47000000
2018-02-25 04:43:33,0.02107100,0.17000000
2018-02-25 04:43:42,0.02107100,0.47000000
2018-02-25 04:43:42,0.02107000,0.13000000
2018-02-25 04:43:42,0.02106600,0.15000000
2018-02-25 04:43:59,0.02107200,0.28000000
2018-02-25 04:44:03,0.02107100,1.71000000
2018-02-25 04:44:04,0.02107100,0.12000000
2018-02-25 04:44:04,0.02109800,0.17000000
2018-02-25 04:44:04,0.02110000,0.48000000
2018-02-25 04:44:04,0.02110100,0.11000000
2018-02-25 04:44:09,0.02110100,0.72000000
2018-02-25 04:44:12,0.02110100,0.49000000
2018-02-25 04:44:16,0.02110100,0.59000000
2018-02-25 04:44:29,0.02110100,5.10000000
2018-02-25 04:44:33,0.02110200,0.05000000
2018-02-25 04:44:34,0.02110200,0.06000000
2018-02-25 04:44:34,0.02110200,0.11000000
2018-02-25 04:44:34,0.02110200,0.12000000
2018-02-25 04:44:34,0.02110200,0.79000000
2018-02-25 04:44:34,0.02110300,1.17000000
2018-02-25 04:44:34,0.02110100,0.11000000
2018-02-25 04:44:34,0.02110700,1.00000000
2018-02-25 04:44:34,0.02111000,0.17000000
2018-02-25 04:44:34,0.02111300,0.19000000
2018-02-25 04:44:34,0.02112200,0.09000000
2018-02-25 04:44:34,0.02112700,0.02000000
2018-02-25 04:44:39,0.02110100,0.49000000
2018-02-25 04:44:46,0.02111300,0.54000000
2018-02-25 04:44:48,0.02112700,1.98000000
2018-02-25 04:44:49,0.02112700,11.23000000
2018-02-25 04:44:49,0.02112700,5.94000000
2018-02-25 04:44:51,0.02112700,3.28000000
2018-02-25 04:44:51,0.02112700,1.41000000
2018-02-25 04:44:51,0.02112700,3.01000000
2018-02-25 04:44:51,0.02112700,3.32000000
2018-02-25 04:44:52,0.02112700,0.32000000
2018-02-25 04:44:54,0.02112700,0.32000000
2018-02-25 04:44:55,0.02112700,1.56000000
2018-02-25 04:44:56,0.02112700,0.29000000
2018-02-25 04:44:57,0.02112700,0.11000000
2018-02-25 04:45:01,0.02112700,0.39000000
2018-02-25 04:45:02,0.02112700,0.11000000
2018-02-25 04:45:02,0.02112700,29.85000000
2018-02-25 04:45:02,0.02112700,0.90000000
2018-02-25 04:45:05,0.02112800,0.71000000
2018-02-25 04:45:05,0.02112700,1.34000000
2018-02-25 04:45:07,0.02112700,0.87000000
2018-02-25 04:45:09,0.02112700,0.43000000
2018-02-25 04:45:09,0.02112700,0.40000000
2018-02-25 04:45:11,0.02113700,0.79000000
2018-02-25 04:45:11,0.02113900,0.47000000
2018-02-25 04:45:11,0.02114900,0.55000000
2018-02-25 04:45:11,0.02115000,0.08000000
2018-02-25 04:45:11,0.02115200,0.71000000
2018-02-25 04:45:11,0.02115300,0.18000000
2018-02-25 04:45:12,0.02112700,0.06000000
2018-02-25 04:45:12,0.02112700,12.00000000
2018-02-25 04:45:13,0.02112800,0.40000000
2018-02-25 04:45:13,0.02112800,0.53000000
2018-02-25 04:45:15,0.02112800,1.56000000
2018-02-25 04:45:15,0.02112800,0.47000000
2018-02-25 04:45:15,0.02115100,0.49000000
2018-02-25 04:45:16,0.02112800,1.02000000
2018-02-25 04:45:16,0.02112800,0.29000000
2018-02-25 04:45:18,0.02112700,0.11000000
2018-02-25 04:45:18,0.02112800,0.40000000
2018-02-25 04:45:18,0.02112800,0.43000000
2018-02-25 04:45:21,0.02112800,0.53000000
2018-02-25 04:45:21,0.02112800,0.30000000
2018-02-25 04:45:22,0.02112800,1.00000000
2018-02-25 04:45:22,0.02112800,0.11000000
2018-02-25 04:45:23,0.02112800,2.23000000
2018-02-25 04:45:23,0.02112800,1.35000000
2018-02-25 04:45:23,0.02112700,2.91000000
2018-02-25 04:45:23,0.02112700,0.30000000
2018-02-25 04:45:23,0.02112700,0.33000000
2018-02-25 04:45:24,0.02112700,3.84000000
2018-02-25 04:45:26,0.02112700,0.30000000
2018-02-25 04:45:26,0.02112700,0.33000000
2018-02-25 04:45:26,0.02112700,1.00000000
2018-02-25 04:45:30,0.02112700,3.20000000
2018-02-25 04:45:34,0.02112700,0.20000000
2018-02-25 04:45:35,0.02112700,0.11000000
2018-02-25 04:45:37,0.02112700,5.59000000
2018-02-25 04:45:38,0.02112700,3.77000000
2018-02-25 04:45:40,0.02114400,0.70000000
2018-02-25 04:45:40,0.02114500,0.23000000
2018-02-25 04:45:40,0.02114600,0.67000000
2018-02-25 04:45:40,0.02115000,0.83000000
2018-02-25 04:45:42,0.02115000,0.49000000
2018-02-25 04:45:43,0.02115000,0.80000000
2018-02-25 04:45:44,0.02112700,0.09000000
2018-02-25 04:45:46,0.02112700,1.00000000
2018-02-25 04:45:52,0.02114600,1.41000000
2018-02-25 04:45:53,0.02114600,1.41000000
2018-02-25 04:45:53,0.02114600,1.45000000
2018-02-25 04:45:53,0.02114700,1.41000000
2018-02-25 04:45:54,0.02112900,0.08000000
2018-02-25 04:45:58,0.02112900,0.12000000
2018-02-25 04:46:04,0.02114700,0.06000000
2018-02-25 04:46:04,0.02112700,3.22000000
2018-02-25 04:46:05,0.02112700,0.76000000
2018-02-25 04:46:08,0.02112700,0.40000000
2018-02-25 04:46:13,0.02112700,0.23000000
2018-02-25 04:46:13,0.02112900,0.11000000
2018-02-25 04:46:13,0.02112700,1.23000000
2018-02-25 04:46:15,0.02112900,4.73000000
2018-02-25 04:46:15,0.02112900,0.05000000
2018-02-25 04:46:15,0.02112700,0.36000000
2018-02-25 04:46:16,0.02112900,0.05000000
2018-02-25 04:46:17,0.02112900,0.11000000
2018-02-25 04:46:18,0.02112900,1.18000000
2018-02-25 04:46:21,0.02114800,0.11000000
2018-02-25 04:46:23,0.02114800,0.02000000
2018-02-25 04:46:26,0.02112700,6.83000000
2018-02-25 04:46:30,0.02114300,0.47000000
2018-02-25 04:46:33,0.02112700,0.05000000
2018-02-25 04:46:48,0.02112900,0.47000000
2018-02-25 04:46:57,0.02112700,27.16000000
2018-02-25 04:46:57,0.02112000,54.90000000
2018-02-25 04:46:59,0.02112600,2.64000000
2018-02-25 04:47:00,0.02112600,0.11000000
2018-02-25 04:47:04,0.02112600,0.56000000
2018-02-25 04:47:17,0.02112800,4.36000000
2018-02-25 04:47:17,0.02112600,1.89000000
2018-02-25 04:47:17,0.02112600,2.35000000
2018-02-25 04:47:17,0.02112600,0.70000000
2018-02-25 04:47:20,0.02112600,56.68000000
2018-02-25 04:47:20,0.02112000,45.10000000
2018-02-25 04:47:20,0.02110000,0.08000000
2018-02-25 04:47:20,0.02110000,2.02000000
2018-02-25 04:47:20,0.02110000,0.11000000
2018-02-25 04:47:21,0.02109000,0.17000000
2018-02-25 04:47:21,0.02108400,0.38000000
2018-02-25 04:47:21,0.02108100,0.67000000
2018-02-25 04:47:24,0.02110000,7.00000000
2018-02-25 04:47:26,0.02108100,0.49000000
2018-02-25 04:47:27,0.02110000,0.11000000
2018-02-25 04:47:31,0.02109900,0.11000000
2018-02-25 04:47:40,0.02109900,0.37000000
2018-02-25 04:47:43,0.02113900,0.38000000
2018-02-25 04:47:43,0.02114100,6.46000000
2018-02-25 04:47:46,0.02110100,3.22000000
2018-02-25 04:48:00,0.02111000,0.99000000
2018-02-25 04:48:03,0.02111000,1.00000000
2018-02-25 04:48:28,0.02111000,0.41000000
2018-02-25 04:48:29,0.02113600,0.49000000
2018-02-25 04:48:32,0.02113600,2.72000000
2018-02-25 04:48:37,0.02111000,6.77000000
2018-02-25 04:48:37,0.02110200,14.78000000
2018-02-25 04:48:38,0.02113600,0.01000000
2018-02-25 04:48:38,0.02114100,0.48000000
2018-02-25 04:49:04,0.02110700,0.53000000
2018-02-25 04:49:08,0.02110900,0.43000000
2018-02-25 04:49:14,0.02113600,0.43000000
2018-02-25 04:49:14,0.02113700,3.89000000
2018-02-25 04:49:17,0.02111700,0.69000000
2018-02-25 04:49:19,0.02114100,0.03000000
2018-02-25 04:49:22,0.02114100,0.53000000
2018-02-25 04:49:22,0.02114600,10.89000000
2018-02-25 04:49:22,0.02114700,0.96000000
2018-02-25 04:49:22,0.02114800,4.99000000
2018-02-25 04:49:22,0.02114900,1.00000000
2018-02-25 04:49:32,0.02111800,0.09000000
2018-02-25 04:49:38,0.02111800,0.77000000
2018-02-25 04:49:38,0.02111500,1.82000000
2018-02-25 04:49:45,0.02111500,0.54000000
2018-02-25 04:50:02,0.02111600,1.00000000
2018-02-25 04:50:02,0.02111500,18.26000000
2018-02-25 04:50:02,0.02111500,0.05000000
2018-02-25 04:50:03,0.02111500,0.11000000
2018-02-25 04:50:04,0.02111500,0.12000000
2018-02-25 04:50:04,0.02111500,0.18000000
2018-02-25 04:50:04,0.02114200,0.19000000
2018-02-25 04:50:04,0.02114200,0.73000000
2018-02-25 04:50:04,0.02114200,0.08000000
2018-02-25 04:50:04,0.02111500,0.73000000
2018-02-25 04:50:06,0.02111500,0.08000000
2018-02-25 04:50:10,0.02111500,0.61000000
2018-02-25 04:50:12,0.02111500,1.50000000
2018-02-25 04:50:14,0.02111500,1.65000000
2018-02-25 04:50:15,0.02111500,1.27000000
2018-02-25 04:50:16,0.02111500,0.80000000
2018-02-25 04:50:20,0.02111500,1.37000000
2018-02-25 04:50:20,0.02111500,0.11000000
2018-02-25 04:50:22,0.02111500,6.79000000
2018-02-25 04:50:26,0.02110600,7.08000000
2018-02-25 04:50:27,0.02112800,7.08000000
2018-02-25 04:50:27,0.02113000,1.00000000
2018-02-25 04:50:27,0.02113800,4.89000000
2018-02-25 04:50:27,0.02114200,1.20000000
2018-02-25 04:50:27,0.02114500,1.13000000
2018-02-25 04:50:27,0.02114900,2.90000000
2018-02-25 04:50:29,0.02110700,7.08000000
2018-02-25 04:50:30,0.02110800,1.00000000
2018-02-25 04:50:35,0.02110800,0.66000000
2018-02-25 04:50:39,0.02110500,0.11000000
2018-02-25 04:50:45,0.02110900,1.18000000
2018-02-25 04:50:45,0.02110600,0.53000000
2018-02-25 04:50:47,0.02110600,0.08000000
2018-02-25 04:50:54,0.02110900,0.11000000
2018-02-25 04:50:54,0.02110900,2.00000000
2018-02-25 04:50:55,0.02111300,7.08000000
2018-02-25 04:50:55,0.02110900,0.05000000
2018-02-25 04:51:01,0.02111300,0.84000000
2018-02-25 04:51:07,0.02110900,0.12000000
2018-02-25 04:51:08,0.02110900,0.47000000
2018-02-25 04:51:08,0.02110900,0.12000000
2018-02-25 04:51:08,0.02110900,0.06000000
2018-02-25 04:51:15,0.02111300,0.11000000
2018-02-25 04:51:16,0.02110900,0.49000000
2018-02-25 04:51:16,0.02110900,0.12000000
2018-02-25 04:51:16,0.02110900,0.12000000
2018-02-25 04:51:17,0.02110900,0.66000000
2018-02-25 04:51:17,0.02110900,1.26000000
2018-02-25 04:51:18,0.02110600,0.39000000
2018-02-25 04:51:22,0.02110900,0.22000000
2018-02-25 04:51:25,0.02110900,0.61000000
2018-02-25 04:51:26,0.02110900,0.05000000
2018-02-25 04:51:32,0.02110100,0.12000000
2018-02-25 04:51:32,0.02110800,0.27000000
2018-02-25 04:51:33,0.02110100,0.48000000
2018-02-25 04:51:35,0.02110100,4.37000000
2018-02-25 04:51:37,0.02110100,2.94000000
2018-02-25 04:51:37,0.02110100,0.94000000
2018-02-25 04:51:37,0.02110000,0.09000000
2018-02-25 04:51:37,0.02110000,3.47000000
2018-02-25 04:51:37,0.02110000,3.47000000
2018-02-25 04:51:37,0.02110100,0.71000000
2018-02-25 04:51:37,0.02110000,0.48000000
2018-02-25 04:51:38,0.02110000,1.00000000
2018-02-25 04:51:39,0.02110000,3.79000000
2018-02-25 04:51:43,0.02110000,3.79000000
2018-02-25 04:51:43,0.02109900,7.37000000
2018-02-25 04:51:52,0.02109900,0.01000000
2018-02-25 04:51:53,0.02109800,0.13000000
2018-02-25 04:51:55,0.02109800,0.05000000
2018-02-25 04:51:56,0.02109300,0.08000000
2018-02-25 04:52:04,0.02109800,0.49000000
2018-02-25 04:52:19,0.02109700,0.31000000
2018-02-25 04:52:57,0.02109300,0.01000000
2018-02-25 04:52:57,0.02108400,0.40000000
2018-02-25 04:53:02,0.02108400,0.69000000
2018-02-25 04:53:04,0.02109600,1.00000000
2018-02-25 04:53:08,0.02108400,0.33000000
2018-02-25 04:53:21,0.02109600,1.41000000
2018-02-25 04:53:22,0.02109600,0.01000000
2018-02-25 04:53:22,0.02109700,0.03000000
2018-02-25 04:53:22,0.02109700,2.77000000
2018-02-25 04:53:26,0.02109700,14.50000000
2018-02-25 04:53:26,0.02109700,0.88000000
2018-02-25 04:53:27,0.02110100,2.22000000
2018-02-25 04:53:31,0.02110100,0.01000000
2018-02-25 04:53:32,0.02110100,0.53000000
2018-02-25 04:53:32,0.02110100,0.29000000
2018-02-25 04:53:32,0.02110100,0.29000000
2018-02-25 04:53:32,0.02110100,0.11000000
2018-02-25 04:53:32,0.02110100,0.55000000
2018-02-25 04:53:32,0.02108400,1.51000000
2018-02-25 04:53:32,0.02108000,0.07000000
2018-02-25 04:53:32,0.02107700,0.07000000
2018-02-25 04:53:32,0.02106200,0.05000000
2018-02-25 04:53:32,0.02105600,3.11000000
2018-02-25 04:53:32,0.02105800,3.44000000
2018-02-25 04:53:32,0.02105800,1.87000000
2018-02-25 04:53:32,0.02105800,1.58000000
2018-02-25 04:53:33,0.02110100,2.31000000
2018-02-25 04:53:35,0.02106400,0.22000000
2018-02-25 04:53:44,0.02107800,0.11000000
2018-02-25 04:53:44,0.02107800,0.39000000
2018-02-25 04:53:45,0.02107700,0.87000000
2018-02-25 04:53:45,0.02107700,0.87000000
2018-02-25 04:53:45,0.02107700,0.86000000
2018-02-25 04:53:45,0.02107500,6.61000000
2018-02-25 04:53:45,0.02107700,0.51000000
2018-02-25 04:53:45,0.02107700,0.86000000
2018-02-25 04:53:47,0.02107700,0.49000000
2018-02-25 04:53:48,0.02107700,0.41000000
2018-02-25 04:53:49,0.02107700,0.17000000
2018-02-25 04:53:53,0.02111000,0.05000000
2018-02-25 04:53:55,0.02111300,0.05000000
2018-02-25 04:53:57,0.02111000,0.94000000
2018-02-25 04:53:58,0.02111000,0.10000000
2018-02-25 04:53:58,0.02111000,1.32000000
2018-02-25 04:54:02,0.02112600,0.49000000
2018-02-25 04:54:03,0.02108700,2.10000000
2018-02-25 04:54:05,0.02111300,0.07000000
2018-02-25 04:54:06,0.02111100,0.05000000
2018-02-25 04:54:10,0.02111100,0.99000000
2018-02-25 04:54:35,0.02108000,0.49000000
2018-02-25 04:54:43,0.02109600,1.06000000
2018-02-25 04:54:48,0.02108300,0.42000000
2018-02-25 04:54:52,0.02109600,0.57000000
2018-02-25 04:54:56,0.02111100,0.41000000
2018-02-25 04:55:04,0.02111100,0.01000000
2018-02-25 04:55:04,0.02111300,0.48000000
2018-02-25 04:55:04,0.02111100,0.11000000
2018-02-25 04:55:05,0.02111100,0.49000000
2018-02-25 04:55:05,0.02111100,0.94000000
2018-02-25 04:55:07,0.02111300,0.01000000
2018-02-25 04:55:08,0.02111300,1.44000000
2018-02-25 04:55:10,0.02113000,1.45000000
2018-02-25 04:55:15,0.02112700,6.81000000
2018-02-25 04:55:40,0.02109800,14.16000000
2018-02-25 04:56:06,0.02109700,9.92000000
2018-02-25 04:56:06,0.02109600,4.24000000
2018-02-25 04:56:07,0.02109800,0.27000000
2018-02-25 04:56:12,0.02109800,7.06000000
2018-02-25 04:56:12,0.02109800,0.34000000
2018-02-25 04:56:12,0.02109600,7.06000000
2018-02-25 04:56:12,0.02109800,3.87000000
2018-02-25 04:56:13,0.02109800,5.37000000
2018-02-25 04:56:17,0.02109800,0.01000000
2018-02-25 04:56:22,0.02110000,0.26000000
2018-02-25 04:56:27,0.02109800,0.49000000
2018-02-25 04:56:27,0.02109800,1.00000000
2018-02-25 04:56:28,0.02109800,3.83000000
2018-02-25 04:56:28,0.02109600,7.81000000
2018-02-25 04:56:28,0.02108900,7.63000000
2018-02-25 04:56:28,0.02108700,0.11000000
2018-02-25 04:56:33,0.02111900,0.47000000
2018-02-25 04:56:34,0.02108200,0.11000000
2018-02-25 04:56:42,0.02108500,3.81000000
2018-02-25 04:56:42,0.02108500,1.42000000
2018-02-25 04:56:46,0.02108500,1.76000000
2018-02-25 04:56:47,0.02108300,1.85000000
2018-02-25 04:56:54,0.02108500,0.94000000
2018-02-25 04:56:54,0.02108500,0.05000000
2018-02-25 04:56:55,0.02108500,0.19000000
2018-02-25 04:56:55,0.02108500,0.11000000
2018-02-25 04:56:58,0.02108500,5.81000000
2018-02-25 04:56:58,0.02108700,1.29000000
2018-02-25 04:57:02,0.02108500,0.05000000
2018-02-25 04:57:02,0.02108300,0.09000000
2018-02-25 04:57:04,0.02108500,0.21000000
2018-02-25 04:57:06,0.02108600,0.11000000
2018-02-25 04:57:13,0.02108600,0.83000000
2018-02-25 04:57:13,0.02108700,6.27000000
2018-02-25 04:57:13,0.02108700,0.20000000
2018-02-25 04:57:13,0.02108300,2.41000000
2018-02-25 04:57:14,0.02108300,0.08000000
2018-02-25 04:57:23,0.02108300,0.65000000
2018-02-25 04:57:27,0.02106500,0.49000000
2018-02-25 04:57:30,0.02106400,0.49000000
2018-02-25 04:57:37,0.02108100,1.62000000
2018-02-25 04:57:39,0.02108100,0.46000000
2018-02-25 04:57:40,0.02106400,0.04000000
2018-02-25 04:57:54,0.02106400,0.11000000
2018-02-25 04:57:57,0.02106400,0.93000000
2018-02-25 04:58:18,0.02106400,2.43000000
2018-02-25 04:58:23,0.02106400,3.72000000
2018-02-25 04:58:25,0.02106400,0.80000000
2018-02-25 04:58:25,0.02106400,3.63000000
2018-02-25 04:58:25,0.02105600,46.00000000
2018-02-25 04:58:25,0.02105500,31.96000000
2018-02-25 04:58:25,0.02105300,0.30000000
2018-02-25 04:58:25,0.02105200,10.80000000
2018-02-25 04:58:40,0.02107300,0.10000000
2018-02-25 04:58:40,0.02108500,0.39000000
2018-02-25 04:58:43,0.02108500,0.49000000
2018-02-25 04:58:46,0.02105400,0.40000000
2018-02-25 04:59:01,0.02105400,0.37000000
2018-02-25 04:59:01,0.02105400,0.07000000
2018-02-25 04:59:01,0.02105400,0.07000000
2018-02-25 04:59:01,0.02105400,0.26000000
2018-02-25 04:59:13,0.02108300,0.49000000
2018-02-25 04:59:15,0.02105700,0.05000000
2018-02-25 04:59:18,0.02105700,0.12000000
2018-02-25 04:59:19,0.02105700,0.49000000
2018-02-25 04:59:36,0.02105700,0.28000000
2018-02-25 04:59:36,0.02105700,0.47000000
2018-02-25 04:59:36,0.02105300,0.22000000
2018-02-25 04:59:36,0.02105200,0.67000000
2018-02-25 04:59:40,0.02105400,4.74000000
2018-02-25 04:59:40,0.02105200,0.98000000
2018-02-25 04:59:44,0.02107800,0.06000000
2018-02-25 04:59:45,0.02107900,0.81000000
2018-02-25 04:59:45,0.02107700,14.95000000
2018-02-25 04:59:45,0.02107700,24.00000000
2018-02-25 04:59:50,0.02108400,0.05000000
2018-02-25 04:59:50,0.02108400,5.70000000
2018-02-25 04:59:51,0.02108500,1.68000000
2018-02-25 04:59:53,0.02108500,0.11000000
2018-02-25 04:59:53,0.02105600,0.77000000
2018-02-25 04:59:54,0.02105800,0.39000000
2018-02-25 04:59:54,0.02105600,0.17000000
2018-02-25 04:59:54,0.02105300,0.05000000
2018-02-25 04:59:54,0.02105200,0.16000000
2018-02-25 04:59:57,0.02108500,1.35000000
