DATE,PRICE,VOLUME
2018-02-24 09:00:01,0.02044300,0.97000000
2018-02-24 09:00:02,0.02044300,0.03000000
2018-02-24 09:00:03,0.02045000,5.18000000
2018-02-24 09:00:04,0.02042500,0.42000000
2018-02-24 09:00:04,0.02045000,2.75000000
2018-02-24 09:00:06,0.02043000,0.10000000
2018-02-24 09:00:06,0.02042500,1.83000000
2018-02-24 09:00:06,0.02042500,0.24000000
2018-02-24 09:00:06,0.02044900,1.32000000
2018-02-24 09:00:06,0.02044900,0.56000000
2018-02-24 09:00:07,0.02042400,2.12000000
2018-02-24 09:00:07,0.02045000,2.16000000
2018-02-24 09:00:08,0.02045000,0.14000000
2018-02-24 09:00:09,0.02042400,2.26000000
2018-02-24 09:00:09,0.02045000,0.10000000
2018-02-24 09:00:10,0.02045000,0.92000000
2018-02-24 09:00:10,0.02045000,0.24000000
2018-02-24 09:00:10,0.02045000,0.24000000
2018-02-24 09:00:10,0.02045000,0.19000000
2018-02-24 09:00:10,0.02045000,0.58000000
2018-02-24 09:00:12,0.02043000,0.10000000
2018-02-24 09:00:12,0.02042400,2.17000000
2018-02-24 09:00:12,0.02045100,1.18000000
2018-02-24 09:00:12,0.02045100,0.50000000
2018-02-24 09:00:12,0.02045100,0.51000000
2018-02-24 09:00:13,0.02045100,0.08000000
2018-02-24 09:00:15,0.02042600,2.27000000
2018-02-24 09:00:15,0.02045000,0.10000000
2018-02-24 09:00:15,0.02045000,1.46000000
2018-02-24 09:00:15,0.02045000,0.50000000
2018-02-24 09:00:15,0.02045000,0.20000000
2018-02-24 09:00:15,0.02042600,0.50000000
2018-02-24 09:00:16,0.02043000,0.10000000
2018-02-24 09:00:16,0.02042600,2.15000000
2018-02-24 09:00:16,0.02045000,1.17000000
2018-02-24 09:00:16,0.02045700,0.97000000
2018-02-24 09:00:16,0.02045800,0.37000000
2018-02-24 09:00:18,0.02045700,0.11000000
2018-02-24 09:00:18,0.02042700,0.92000000
2018-02-24 09:00:20,0.02042700,0.05000000
2018-02-24 09:00:20,0.02042400,0.07000000
2018-02-24 09:00:21,0.02042400,2.25000000
2018-02-24 09:00:21,0.02044800,2.24000000
2018-02-24 09:00:23,0.02042400,2.24000000
2018-02-24 09:00:23,0.02043300,2.24000000
2018-02-24 09:00:24,0.02042400,0.81000000
2018-02-24 09:00:24,0.02042400,0.33000000
2018-02-24 09:00:27,0.02042600,0.35000000
2018-02-24 09:00:28,0.02042600,0.96000000
2018-02-24 09:00:28,0.02042500,0.80000000
2018-02-24 09:00:28,0.02042500,0.12000000
2018-02-24 09:00:28,0.02042600,0.54000000
2018-02-24 09:00:34,0.02042500,0.13000000
2018-02-24 09:00:37,0.02042500,0.80000000
2018-02-24 09:00:37,0.02042500,1.14000000
2018-02-24 09:00:40,0.02042600,0.98000000
2018-02-24 09:00:46,0.02042600,0.05000000
2018-02-24 09:00:47,0.02042600,0.40000000
2018-02-24 09:00:50,0.02043500,0.21000000
2018-02-24 09:01:09,0.02043500,1.95000000
2018-02-24 09:01:13,0.02043500,1.36000000
2018-02-24 09:01:15,0.02042600,2.24000000
2018-02-24 09:01:15,0.02043500,2.24000000
2018-02-24 09:01:18,0.02042600,0.81000000
2018-02-24 09:01:38,0.02042600,1.17000000
2018-02-24 09:01:38,0.02042600,1.46000000
2018-02-24 09:01:38,0.02042600,1.17000000
2018-02-24 09:01:38,0.02043400,1.46000000
2018-02-24 09:01:38,0.02043400,1.46000000
2018-02-24 09:01:38,0.02043400,0.05000000
2018-02-24 09:01:51,0.02043000,0.16000000
2018-02-24 09:01:54,0.02043400,0.03000000
2018-02-24 09:01:54,0.02043500,3.52000000
2018-02-24 09:01:54,0.02043500,8.60000000
2018-02-24 09:01:54,0.02043500,0.53000000
2018-02-24 09:01:54,0.02043500,1.46000000
2018-02-24 09:01:54,0.02043500,3.66000000
2018-02-24 09:01:55,0.02045000,0.10000000
2018-02-24 09:01:55,0.02045800,4.41000000
2018-02-24 09:01:55,0.02046300,3.56000000
2018-02-24 09:01:55,0.02046500,0.20000000
2018-02-24 09:01:55,0.02046600,0.24000000
2018-02-24 09:01:55,0.02046800,0.23000000
2018-02-24 09:01:55,0.02047000,1.26000000
2018-02-24 09:01:55,0.02047000,13.37000000
2018-02-24 09:01:55,0.02047100,0.10000000
2018-02-24 09:01:56,0.02042900,0.24000000
2018-02-24 09:01:56,0.02042800,2.00000000
2018-02-24 09:01:57,0.02045500,0.56000000
2018-02-24 09:01:58,0.02049100,0.10000000
2018-02-24 09:01:58,0.02049100,1.46000000
2018-02-24 09:01:58,0.02049100,0.16000000
2018-02-24 09:01:58,0.02049100,0.17000000
2018-02-24 09:01:58,0.02049100,0.31000000
2018-02-24 09:01:58,0.02049100,0.45000000
2018-02-24 09:01:59,0.02046200,2.56000000
2018-02-24 09:01:59,0.02046400,0.08000000
2018-02-24 09:01:59,0.02046500,0.50000000
2018-02-24 09:02:00,0.02047100,0.10000000
2018-02-24 09:02:00,0.02046500,0.33000000
2018-02-24 09:02:00,0.02048600,0.97000000
2018-02-24 09:02:02,0.02048600,0.97000000
2018-02-24 09:02:03,0.02046500,2.12000000
2018-02-24 09:02:03,0.02049000,0.97000000
2018-02-24 09:02:03,0.02049000,0.48000000
2018-02-24 09:02:03,0.02049100,1.33000000
2018-02-24 09:02:03,0.02049000,0.80000000
2018-02-24 09:02:04,0.02046500,0.20000000
2018-02-24 09:02:04,0.02046500,0.80000000
2018-02-24 09:02:04,0.02046500,0.71000000
2018-02-24 09:02:04,0.02046500,0.51000000
2018-02-24 09:02:04,0.02049000,0.16000000
2018-02-24 09:02:04,0.02049100,2.22000000
2018-02-24 09:02:04,0.02049500,1.04000000
2018-02-24 09:02:04,0.02049600,1.00000000
2018-02-24 09:02:04,0.02049700,4.43000000
2018-02-24 09:02:05,0.02046500,1.09000000
2018-02-24 09:02:05,0.02049700,0.60000000
2018-02-24 09:02:06,0.02047100,0.10000000
2018-02-24 09:02:06,0.02045500,0.24000000
2018-02-24 09:02:06,0.02045400,1.20000000
2018-02-24 09:02:06,0.02049700,0.83000000
2018-02-24 09:02:06,0.02049700,0.20000000
2018-02-24 09:02:07,0.02049700,0.35000000
2018-02-24 09:02:07,0.02045300,0.10000000
2018-02-24 09:02:07,0.02049700,1.36000000
2018-02-24 09:02:08,0.02045400,1.37000000
2018-02-24 09:02:08,0.02045400,2.00000000
2018-02-24 09:02:08,0.02049100,0.10000000
2018-02-24 09:02:08,0.02049200,1.20000000
2018-02-24 09:02:08,0.02049400,0.24000000
2018-02-24 09:02:08,0.02049400,0.24000000
2018-02-24 09:02:08,0.02049900,0.10000000
2018-02-24 09:02:08,0.02050000,3.31000000
2018-02-24 09:02:10,0.02045600,2.00000000
2018-02-24 09:02:10,0.02045500,0.32000000
2018-02-24 09:02:10,0.02050700,0.08000000
2018-02-24 09:02:10,0.02051000,0.17000000
2018-02-24 09:02:10,0.02051100,0.10000000
2018-02-24 09:02:10,0.02051500,1.00000000
2018-02-24 09:02:10,0.02050700,0.40000000
2018-02-24 09:02:10,0.02050700,0.04000000
2018-02-24 09:02:11,0.02052000,6.67000000
2018-02-24 09:02:11,0.02049700,3.33000000
2018-02-24 09:02:12,0.02050600,2.32000000
2018-02-24 09:02:12,0.02050600,0.30000000
2018-02-24 09:02:12,0.02052200,0.60000000
2018-02-24 09:02:12,0.02053200,0.10000000
2018-02-24 09:02:12,0.02053500,0.41000000
2018-02-24 09:02:13,0.02050600,0.25000000
2018-02-24 09:02:13,0.02049700,14.93000000
2018-02-24 09:02:13,0.02048000,0.10000000
2018-02-24 09:02:13,0.02047100,0.10000000
2018-02-24 09:02:13,0.02046100,2.12000000
2018-02-24 09:02:13,0.02046000,0.97000000
2018-02-24 09:02:13,0.02045900,0.51000000
2018-02-24 09:02:13,0.02049700,0.10000000
2018-02-24 09:02:13,0.02049700,1.16000000
2018-02-24 09:02:13,0.02053900,0.48000000
2018-02-24 09:02:13,0.02053900,0.20000000
2018-02-24 09:02:14,0.02053900,0.01000000
2018-02-24 09:02:16,0.02049300,0.48000000
2018-02-24 09:02:16,0.02046800,1.13000000
2018-02-24 09:02:16,0.02050000,0.10000000
2018-02-24 09:02:16,0.02050000,0.10000000
2018-02-24 09:02:16,0.02050000,2.11000000
2018-02-24 09:02:17,0.02050200,1.13000000
2018-02-24 09:02:18,0.02050200,2.14000000
2018-02-24 09:02:18,0.02053200,0.10000000
2018-02-24 09:02:18,0.02053200,0.10000000
2018-02-24 09:02:19,0.02053200,0.20000000
2018-02-24 09:02:19,0.02053200,0.10000000
2018-02-24 09:02:19,0.02053200,0.12000000
2018-02-24 09:02:20,0.02052100,0.26000000
2018-02-24 09:02:20,0.02051900,3.27000000
2018-02-24 09:02:21,0.02051100,0.10000000
2018-02-24 09:02:22,0.02054200,1.88000000
2018-02-24 09:02:23,0.02050700,0.36000000
2018-02-24 09:02:23,0.02050200,0.09000000
2018-02-24 09:02:23,0.02050100,1.47000000
2018-02-24 09:02:24,0.02050300,1.01000000
2018-02-24 09:02:24,0.02050300,1.46000000
2018-02-24 09:02:24,0.02050300,0.04000000
2018-02-24 09:02:24,0.02050600,0.19000000
2018-02-24 09:02:24,0.02050600,0.81000000
2018-02-24 09:02:24,0.02053200,0.10000000
2018-02-24 09:02:24,0.02053200,0.50000000
2018-02-24 09:02:24,0.02053200,0.20000000
2018-02-24 09:02:28,0.02053200,0.14000000
2018-02-24 09:02:28,0.02051100,0.10000000
2018-02-24 09:02:28,0.02050500,0.09000000
2018-02-24 09:02:29,0.02050500,1.56000000
2018-02-24 09:02:29,0.02054000,2.36000000
2018-02-24 09:02:30,0.02050500,0.78000000
2018-02-24 09:02:30,0.02050500,0.80000000
2018-02-24 09:02:30,0.02050500,0.57000000
2018-02-24 09:02:30,0.02053200,0.10000000
2018-02-24 09:02:30,0.02053200,1.10000000
2018-02-24 09:02:31,0.02050400,0.78000000
2018-02-24 09:02:31,0.02050300,0.15000000
2018-02-24 09:02:31,0.02050300,0.05000000
2018-02-24 09:02:31,0.02049800,0.24000000
2018-02-24 09:02:31,0.02050300,1.42000000
2018-02-24 09:02:32,0.02050300,0.10000000
2018-02-24 09:02:32,0.02050300,0.54000000
2018-02-24 09:02:32,0.02050400,0.32000000
2018-02-24 09:02:32,0.02054200,3.22000000
2018-02-24 09:02:32,0.02048000,0.10000000
2018-02-24 09:02:32,0.02048000,1.46000000
2018-02-24 09:02:32,0.02048000,0.31000000
2018-02-24 09:02:33,0.02054300,1.00000000
2018-02-24 09:02:33,0.02054400,0.24000000
2018-02-24 09:02:33,0.02054900,0.25000000
2018-02-24 09:02:33,0.02055000,0.59000000
2018-02-24 09:02:33,0.02055300,0.10000000
2018-02-24 09:02:33,0.02055800,5.19000000
2018-02-24 09:02:35,0.02053200,0.10000000
2018-02-24 09:02:35,0.02051500,0.60000000
2018-02-24 09:02:35,0.02055700,2.55000000
2018-02-24 09:02:35,0.02051500,0.10000000
2018-02-24 09:02:36,0.02053000,0.70000000
2018-02-24 09:02:36,0.02053200,0.10000000
2018-02-24 09:02:36,0.02051600,1.77000000
2018-02-24 09:02:37,0.02051800,3.41000000
2018-02-24 09:02:38,0.02052100,2.09000000
2018-02-24 09:02:38,0.02055300,0.10000000
2018-02-24 09:02:38,0.02055300,1.10000000
2018-02-24 09:02:38,0.02055300,1.01000000
2018-02-24 09:02:39,0.02051900,2.18000000
2018-02-24 09:02:39,0.02051900,0.25000000
2018-02-24 09:02:39,0.02051500,0.24000000
2018-02-24 09:02:39,0.02051300,2.01000000
2018-02-24 09:02:39,0.02051100,0.10000000
2018-02-24 09:02:39,0.02051000,0.14000000
2018-02-24 09:02:39,0.02050400,0.57000000
2018-02-24 09:02:40,0.02055100,0.55000000
2018-02-24 09:02:41,0.02050500,0.95000000
2018-02-24 09:02:41,0.02054800,1.76000000
2018-02-24 09:02:42,0.02053200,0.10000000
2018-02-24 09:02:43,0.02054000,0.76000000
2018-02-24 09:02:44,0.02054000,3.19000000
2018-02-24 09:02:44,0.02054000,1.77000000
2018-02-24 09:02:44,0.02054000,1.62000000
2018-02-24 09:02:45,0.02054000,6.56000000
2018-02-24 09:02:46,0.02054100,2.14000000
2018-02-24 09:02:46,0.02054000,30.07000000
2018-02-24 09:02:46,0.02054000,0.24000000
2018-02-24 09:02:48,0.02054000,0.81000000
2018-02-24 09:02:49,0.02054000,1.48000000
2018-02-24 09:02:53,0.02054100,0.72000000
2018-02-24 09:02:53,0.02054100,0.54000000
2018-02-24 09:02:54,0.02054000,1.09000000
2018-02-24 09:02:54,0.02054000,0.52000000
2018-02-24 09:02:54,0.02054000,0.34000000
2018-02-24 09:02:56,0.02055300,1.45000000
2018-02-24 09:02:56,0.02055300,1.26000000
2018-02-24 09:02:56,0.02055700,2.00000000
2018-02-24 09:02:56,0.02055800,0.70000000
2018-02-24 09:02:56,0.02055800,10.77000000
2018-02-24 09:02:56,0.02055800,0.01000000
2018-02-24 09:02:57,0.02056300,0.08000000
2018-02-24 09:02:57,0.02055800,0.50000000
2018-02-24 09:02:58,0.02055800,1.45000000
2018-02-24 09:02:58,0.02055800,2.90000000
2018-02-24 09:02:58,0.02055800,0.04000000
2018-02-24 09:02:58,0.02055300,0.38000000
2018-02-24 09:02:58,0.02055300,0.81000000
2018-02-24 09:02:58,0.02055300,0.25000000
2018-02-24 09:02:58,0.02055300,0.01000000
2018-02-24 09:02:58,0.02054000,1.06000000
2018-02-24 09:02:58,0.02054000,0.32000000
2018-02-24 09:02:58,0.02054000,1.45000000
2018-02-24 09:02:58,0.02054000,1.63000000
2018-02-24 09:02:59,0.02054000,1.46000000
2018-02-24 09:02:59,0.02054000,0.53000000
2018-02-24 09:02:59,0.02054000,0.41000000
2018-02-24 09:02:59,0.02054000,1.55000000
2018-02-24 09:03:00,0.02055700,1.21000000
2018-02-24 09:03:00,0.02055800,0.41000000
2018-02-24 09:03:00,0.02056300,0.01000000
2018-02-24 09:03:00,0.02056300,0.69000000
2018-02-24 09:03:00,0.02054000,0.69000000
2018-02-24 09:03:01,0.02054000,0.08000000
2018-02-24 09:03:01,0.02054000,0.80000000
2018-02-24 09:03:01,0.02054000,0.05000000
2018-02-24 09:03:02,0.02054000,2.13000000
2018-02-24 09:03:02,0.02056500,0.42000000
2018-02-24 09:03:02,0.02056500,0.33000000
2018-02-24 09:03:02,0.02056500,0.69000000
2018-02-24 09:03:02,0.02056500,0.11000000
2018-02-24 09:03:02,0.02056500,0.33000000
2018-02-24 09:03:03,0.02056500,0.29000000
2018-02-24 09:03:03,0.02054100,0.27000000
2018-02-24 09:03:03,0.02054100,0.27000000
2018-02-24 09:03:03,0.02054100,0.62000000
2018-02-24 09:03:04,0.02054100,1.09000000
2018-02-24 09:03:04,0.02054100,0.66000000
2018-02-24 09:03:04,0.02054000,24.49000000
2018-02-24 09:03:04,0.02053200,0.10000000
2018-02-24 09:03:04,0.02051200,0.97000000
2018-02-24 09:03:04,0.02051100,0.10000000
2018-02-24 09:03:04,0.02050600,0.29000000
2018-02-24 09:03:06,0.02050800,0.48000000
2018-02-24 09:03:06,0.02050800,0.90000000
2018-02-24 09:03:06,0.02050800,0.48000000
2018-02-24 09:03:06,0.02050500,0.48000000
2018-02-24 09:03:07,0.02050800,0.30000000
2018-02-24 09:03:07,0.02050500,0.58000000
2018-02-24 09:03:07,0.02050500,0.64000000
2018-02-24 09:03:07,0.02053200,0.10000000
2018-02-24 09:03:07,0.02053200,0.75000000
2018-02-24 09:03:07,0.02050500,0.76000000
2018-02-24 09:03:08,0.02050100,0.34000000
2018-02-24 09:03:08,0.02053200,0.28000000
2018-02-24 09:03:08,0.02053200,0.01000000
2018-02-24 09:03:08,0.02054000,2.88000000
2018-02-24 09:03:08,0.02055300,0.10000000
2018-02-24 09:03:08,0.02055700,0.18000000
2018-02-24 09:03:08,0.02056500,0.86000000
2018-02-24 09:03:08,0.02056500,0.01000000
2018-02-24 09:03:09,0.02056800,1.45000000
2018-02-24 09:03:09,0.02056800,0.01000000
2018-02-24 09:03:09,0.02057000,0.10000000
2018-02-24 09:03:09,0.02057100,1.34000000
2018-02-24 09:03:09,0.02057100,5.61000000
2018-02-24 09:03:09,0.02057100,1.45000000
2018-02-24 09:03:09,0.02057100,0.84000000
2018-02-24 09:03:09,0.02057300,0.10000000
2018-02-24 09:03:09,0.02057100,0.70000000
2018-02-24 09:03:10,0.02057100,0.19000000
2018-02-24 09:03:10,0.02057100,0.40000000
2018-02-24 09:03:10,0.02057100,0.16000000
2018-02-24 09:03:10,0.02056500,0.04000000
2018-02-24 09:03:10,0.02056500,0.23000000
2018-02-24 09:03:10,0.02056500,0.30000000
2018-02-24 09:03:10,0.02056500,0.29000000
2018-02-24 09:03:10,0.02054300,0.05000000
2018-02-24 09:03:11,0.02055200,0.11000000
2018-02-24 09:03:11,0.02055200,0.10000000
2018-02-24 09:03:11,0.02055200,0.08000000
2018-02-24 09:03:11,0.02054600,0.25000000
2018-02-24 09:03:11,0.02054600,0.50000000
2018-02-24 09:03:12,0.02054800,1.64000000
2018-02-24 09:03:13,0.02053500,1.42000000
2018-02-24 09:03:14,0.02056400,0.80000000
2018-02-24 09:03:14,0.02056400,1.54000000
2018-02-24 09:03:14,0.02053300,0.20000000
2018-02-24 09:03:14,0.02053300,0.09000000
2018-02-24 09:03:14,0.02053200,0.11000000
2018-02-24 09:03:15,0.02053200,0.28000000
2018-02-24 09:03:15,0.02051800,0.69000000
2018-02-24 09:03:15,0.02053200,0.59000000
2018-02-24 09:03:16,0.02053000,1.25000000
2018-02-24 09:03:18,0.02053000,1.81000000
2018-02-24 09:03:18,0.02053200,1.52000000
2018-02-24 09:03:18,0.02054000,0.49000000
2018-02-24 09:03:18,0.02055300,0.10000000
2018-02-24 09:03:18,0.02057200,0.97000000
2018-02-24 09:03:18,0.02057300,0.10000000
2018-02-24 09:03:18,0.02057600,0.19000000
2018-02-24 09:03:18,0.02057700,0.28000000
2018-02-24 09:03:18,0.02057800,1.39000000
2018-02-24 09:03:18,0.02058000,10.38000000
2018-02-24 09:03:18,0.02051900,0.96000000
2018-02-24 09:03:18,0.02057100,0.69000000
2018-02-24 09:03:19,0.02057100,0.30000000
2018-02-24 09:03:19,0.02057100,0.06000000
2018-02-24 09:03:19,0.02057100,1.39000000
2018-02-24 09:03:20,0.02055200,0.10000000
2018-02-24 09:03:20,0.02052200,1.97000000
2018-02-24 09:03:20,0.02056500,0.96000000
2018-02-24 09:03:21,0.02056500,0.10000000
2018-02-24 09:03:21,0.02056500,1.10000000
2018-02-24 09:03:21,0.02055200,0.19000000
2018-02-24 09:03:21,0.02053200,0.10000000
2018-02-24 09:03:21,0.02052300,0.56000000
2018-02-24 09:03:21,0.02052300,0.33000000
2018-02-24 09:03:22,0.02053300,0.30000000
2018-02-24 09:03:22,0.02053300,0.43000000
2018-02-24 09:03:22,0.02053300,1.70000000
2018-02-24 09:03:22,0.02053300,0.44000000
2018-02-24 09:03:22,0.02056400,0.10000000
2018-02-24 09:03:22,0.02052300,0.08000000
2018-02-24 09:03:23,0.02052000,0.15000000
2018-02-24 09:03:24,0.02053100,2.43000000
2018-02-24 09:03:24,0.02055300,0.10000000
2018-02-24 09:03:24,0.02056400,0.07000000
2018-02-24 09:03:24,0.02052000,0.50000000
2018-02-24 09:03:24,0.02052000,0.43000000
2018-02-24 09:03:25,0.02052200,3.41000000
2018-02-24 09:03:26,0.02053200,0.10000000
2018-02-24 09:03:26,0.02052500,0.84000000
2018-02-24 09:03:26,0.02056300,0.43000000
2018-02-24 09:03:26,0.02056300,1.12000000
2018-02-24 09:03:26,0.02056300,0.33000000
2018-02-24 09:03:26,0.02056300,0.56000000
2018-02-24 09:03:27,0.02053800,0.53000000
2018-02-24 09:03:27,0.02054200,0.40000000
2018-02-24 09:03:27,0.02056300,4.25000000
2018-02-24 09:03:27,0.02056400,0.02000000
2018-02-24 09:03:27,0.02056500,0.52000000
2018-02-24 09:03:27,0.02057300,0.10000000
2018-02-24 09:03:27,0.02058000,1.27000000
2018-02-24 09:03:27,0.02058100,0.38000000
2018-02-24 09:03:27,0.02058500,0.19000000
2018-02-24 09:03:27,0.02059000,9.00000000
2018-02-24 09:03:27,0.02059400,0.10000000
2018-02-24 09:03:27,0.02059700,0.25000000
2018-02-24 09:03:27,0.02059900,9.70000000
2018-02-24 09:03:27,0.02060000,17.39000000
2018-02-24 09:03:27,0.02052300,0.13000000
2018-02-24 09:03:27,0.02056300,0.81000000
2018-02-24 09:03:28,0.02056300,0.10000000
2018-02-24 09:03:28,0.02052600,2.06000000
2018-02-24 09:03:28,0.02056300,1.06000000
2018-02-24 09:03:28,0.02056300,0.80000000
2018-02-24 09:03:29,0.02056300,0.29000000
2018-02-24 09:03:29,0.02055200,0.10000000
2018-02-24 09:03:29,0.02052800,0.68000000
2018-02-24 09:03:29,0.02055300,0.10000000
2018-02-24 09:03:29,0.02055300,0.10000000
2018-02-24 09:03:29,0.02055300,2.10000000
2018-02-24 09:03:30,0.02052100,0.10000000
2018-02-24 09:03:30,0.02052100,0.58000000
2018-02-24 09:03:30,0.02052100,0.97000000
2018-02-24 09:03:30,0.02052000,0.92000000
2018-02-24 09:03:30,0.02051600,19.15000000
2018-02-24 09:03:32,0.02051600,0.25000000
2018-02-24 09:03:33,0.02051300,0.10000000
2018-02-24 09:03:34,0.02051100,0.10000000
2018-02-24 09:03:35,0.02051000,0.33000000
2018-02-24 09:03:35,0.02051200,0.42000000
2018-02-24 09:03:35,0.02051200,0.10000000
2018-02-24 09:03:36,0.02051200,1.18000000
2018-02-24 09:03:36,0.02048700,0.73000000
2018-02-24 09:03:36,0.02048500,0.52000000
2018-02-24 09:03:36,0.02051200,0.73000000
2018-02-24 09:03:36,0.02051200,1.18000000
2018-02-24 09:03:37,0.02048900,3.76000000
2018-02-24 09:03:38,0.02049200,2.18000000
2018-02-24 09:03:38,0.02053200,0.10000000
2018-02-24 09:03:38,0.02053200,0.12000000
2018-02-24 09:03:39,0.02053200,0.40000000
2018-02-24 09:03:39,0.02053200,0.53000000
2018-02-24 09:03:39,0.02053200,0.06000000
2018-02-24 09:03:39,0.02053200,0.17000000
2018-02-24 09:03:40,0.02054400,0.87000000
2018-02-24 09:03:40,0.02053200,0.47000000
2018-02-24 09:03:40,0.02053200,0.25000000
2018-02-24 09:03:40,0.02051100,0.10000000
2018-02-24 09:03:41,0.02048600,0.25000000
2018-02-24 09:03:41,0.02048500,0.15000000
2018-02-24 09:03:41,0.02048500,0.40000000
2018-02-24 09:03:41,0.02048500,0.43000000
2018-02-24 09:03:42,0.02048700,0.41000000
2018-02-24 09:03:42,0.02048500,0.02000000
2018-02-24 09:03:43,0.02050500,0.81000000
2018-02-24 09:03:45,0.02048500,0.33000000
2018-02-24 09:03:45,0.02050500,4.26000000
2018-02-24 09:03:47,0.02050000,0.25000000
2018-02-24 09:03:48,0.02050600,0.14000000
2018-02-24 09:03:48,0.02050700,0.18000000
2018-02-24 09:03:48,0.02052100,0.97000000
2018-02-24 09:03:48,0.02050000,0.12000000
2018-02-24 09:03:54,0.02050500,1.00000000
2018-02-24 09:03:55,0.02052100,0.29000000
2018-02-24 09:03:55,0.02053100,0.97000000
2018-02-24 09:03:55,0.02053200,0.10000000
2018-02-24 09:03:55,0.02053700,9.51000000
2018-02-24 09:03:57,0.02051100,0.10000000
2018-02-24 09:03:57,0.02051100,0.60000000
2018-02-24 09:03:58,0.02050500,0.50000000
2018-02-24 09:03:58,0.02050500,0.53000000
2018-02-24 09:04:00,0.02051100,0.65000000
2018-02-24 09:04:03,0.02051100,0.45000000
2018-02-24 09:04:06,0.02051100,0.32000000
2018-02-24 09:04:09,0.02052900,0.96000000
2018-02-24 09:04:09,0.02053000,1.76000000
2018-02-24 09:04:09,0.02051100,5.36000000
2018-02-24 09:04:11,0.02051100,4.03000000
2018-02-24 09:04:16,0.02053200,0.10000000
2018-02-24 09:04:16,0.02053200,4.87000000
2018-02-24 09:04:17,0.02053200,4.51000000
2018-02-24 09:04:18,0.02053200,0.01000000
2018-02-24 09:04:18,0.02051100,3.06000000
2018-02-24 09:04:18,0.02050600,0.97000000
2018-02-24 09:04:18,0.02050100,3.00000000
2018-02-24 09:04:18,0.02050000,2.95000000
2018-02-24 09:04:20,0.02050500,0.98000000
2018-02-24 09:04:20,0.02053200,0.10000000
2018-02-24 09:04:20,0.02053200,0.59000000
2018-02-24 09:04:21,0.02050200,1.50000000
2018-02-24 09:04:21,0.02053400,1.15000000
2018-02-24 09:04:22,0.02051100,0.10000000
2018-02-24 09:04:22,0.02050500,1.14000000
2018-02-24 09:04:22,0.02053400,2.33000000
2018-02-24 09:04:24,0.02053300,0.97000000
2018-02-24 09:04:24,0.02053400,4.40000000
2018-02-24 09:04:24,0.02053600,1.25000000
2018-02-24 09:04:24,0.02050200,2.05000000
2018-02-24 09:04:24,0.02053200,0.10000000
2018-02-24 09:04:24,0.02053600,0.50000000
2018-02-24 09:04:25,0.02053300,0.49000000
2018-02-24 09:04:27,0.02051100,0.10000000
2018-02-24 09:04:27,0.02050100,0.78000000
2018-02-24 09:04:27,0.02051100,0.95000000
2018-02-24 09:04:27,0.02053300,0.73000000
2018-02-24 09:04:28,0.02050900,0.37000000
2018-02-24 09:04:28,0.02050900,0.73000000
2018-02-24 09:04:29,0.02050000,0.48000000
2018-02-24 09:04:32,0.02050200,0.78000000
2018-02-24 09:04:32,0.02050200,0.28000000
2018-02-24 09:04:33,0.02050300,0.48000000
2018-02-24 09:04:33,0.02050300,0.14000000
2018-02-24 09:04:34,0.02050200,0.19000000
2018-02-24 09:04:34,0.02050200,3.00000000
2018-02-24 09:04:35,0.02050200,2.41000000
2018-02-24 09:04:37,0.02050200,0.01000000
2018-02-24 09:04:37,0.02050000,2.97000000
2018-02-24 09:04:38,0.02050200,0.09000000
2018-02-24 09:04:40,0.02053200,0.10000000
2018-02-24 09:04:40,0.02053200,0.75000000
2018-02-24 09:04:40,0.02053200,0.28000000
2018-02-24 09:04:40,0.02050200,1.22000000
2018-02-24 09:04:41,0.02051100,0.10000000
2018-02-24 09:04:41,0.02050000,1.12000000
2018-02-24 09:04:42,0.02053800,1.22000000
2018-02-24 09:04:42,0.02054000,0.18000000
2018-02-24 09:04:43,0.02050800,1.36000000
2018-02-24 09:04:43,0.02053200,0.10000000
2018-02-24 09:04:43,0.02053900,1.00000000
2018-02-24 09:04:44,0.02053900,0.11000000
2018-02-24 09:04:44,0.02053900,0.73000000
2018-02-24 09:04:44,0.02053900,0.34000000
2018-02-24 09:04:44,0.02054000,1.00000000
2018-02-24 09:04:44,0.02053900,0.01000000
2018-02-24 09:04:46,0.02051100,0.10000000
2018-02-24 09:04:46,0.02050000,0.40000000
2018-02-24 09:04:46,0.02050000,2.14000000
2018-02-24 09:04:47,0.02050000,1.57000000
2018-02-24 09:04:53,0.02049000,0.09000000
2018-02-24 09:04:56,0.02049800,1.57000000
2018-02-24 09:04:57,0.02049800,0.35000000
2018-02-24 09:04:57,0.02050000,0.57000000
2018-02-24 09:05:06,0.02050000,0.01000000
2018-02-24 09:05:09,0.02051400,0.32000000
2018-02-24 09:05:10,0.02050200,2.06000000
2018-02-24 09:05:10,0.02053100,0.24000000
2018-02-24 09:05:10,0.02053100,1.87000000
2018-02-24 09:05:10,0.02050100,0.97000000
2018-02-24 09:05:10,0.02050000,11.04000000
2018-02-24 09:05:11,0.02049800,1.46000000
2018-02-24 09:05:11,0.02049800,0.60000000
2018-02-24 09:05:11,0.02050000,5.42000000
2018-02-24 09:05:11,0.02050000,1.70000000
2018-02-24 09:05:12,0.02053200,0.10000000
2018-02-24 09:05:12,0.02053900,0.54000000
2018-02-24 09:05:12,0.02051400,0.54000000
2018-02-24 09:05:12,0.02051400,0.40000000
2018-02-24 09:05:12,0.02051400,0.30000000
2018-02-24 09:05:12,0.02051400,2.09000000
2018-02-24 09:05:13,0.02053900,0.33000000
2018-02-24 09:05:13,0.02053900,1.76000000
2018-02-24 09:05:13,0.02051400,0.33000000
2018-02-24 09:05:14,0.02051400,0.97000000
2018-02-24 09:05:14,0.02051400,0.74000000
2018-02-24 09:05:15,0.02051400,0.40000000
2018-02-24 09:05:15,0.02051400,0.40000000
2018-02-24 09:05:15,0.02051400,0.63000000
2018-02-24 09:05:15,0.02051100,0.10000000
2018-02-24 09:05:15,0.02050100,0.33000000
2018-02-24 09:05:15,0.02051400,0.99000000
2018-02-24 09:05:16,0.02051400,0.47000000
2018-02-24 09:05:16,0.02053900,0.29000000
2018-02-24 09:05:16,0.02054000,3.76000000
2018-02-24 09:05:17,0.02050600,0.50000000
2018-02-24 09:05:17,0.02052000,1.26000000
2018-02-24 09:05:17,0.02053200,0.10000000
2018-02-24 09:05:17,0.02053900,1.00000000
2018-02-24 09:05:18,0.02054000,1.00000000
2018-02-24 09:05:18,0.02053900,0.50000000
2018-02-24 09:05:18,0.02053900,0.43000000
2018-02-24 09:05:18,0.02053900,0.26000000
2018-02-24 09:05:18,0.02052000,0.14000000
2018-02-24 09:05:20,0.02052000,2.62000000
2018-02-24 09:05:20,0.02051100,0.10000000
2018-02-24 09:05:20,0.02050100,0.30000000
2018-02-24 09:05:21,0.02050100,0.30000000
2018-02-24 09:05:21,0.02050100,0.43000000
2018-02-24 09:05:23,0.02050400,0.40000000
2018-02-24 09:05:23,0.02050400,0.53000000
2018-02-24 09:05:23,0.02050100,0.34000000
2018-02-24 09:05:23,0.02050000,0.06000000
2018-02-24 09:05:25,0.02050300,0.57000000
2018-02-24 09:05:26,0.02050000,0.50000000
2018-02-24 09:05:26,0.02050000,0.43000000
2018-02-24 09:05:26,0.02050000,0.40000000
2018-02-24 09:05:26,0.02050200,0.93000000
2018-02-24 09:05:26,0.02050300,0.07000000
2018-02-24 09:05:27,0.02050000,0.94000000
2018-02-24 09:05:28,0.02050000,0.01000000
2018-02-24 09:05:28,0.02049800,0.24000000
2018-02-24 09:05:28,0.02049000,0.25000000
2018-02-24 09:05:28,0.02049000,0.43000000
2018-02-24 09:05:30,0.02049100,0.25000000
2018-02-24 09:05:31,0.02049900,0.97000000
2018-02-24 09:05:31,0.02050000,10.23000000
2018-02-24 09:05:31,0.02049900,0.48000000
2018-02-24 09:05:32,0.02049000,1.03000000
2018-02-24 09:05:32,0.02048700,0.10000000
2018-02-24 09:05:33,0.02048500,0.16000000
2018-02-24 09:05:35,0.02048500,1.29000000
2018-02-24 09:05:36,0.02048100,0.21000000
2018-02-24 09:05:37,0.02048100,0.04000000
2018-02-24 09:05:37,0.02048000,1.84000000
2018-02-24 09:05:37,0.02048000,0.17000000
2018-02-24 09:05:37,0.02048000,0.73000000
2018-02-24 09:05:38,0.02048000,1.46000000
2018-02-24 09:05:38,0.02047600,0.14000000
2018-02-24 09:05:38,0.02047500,1.46000000
2018-02-24 09:05:38,0.02047500,1.46000000
2018-02-24 09:05:38,0.02047500,1.46000000
2018-02-24 09:05:38,0.02047500,1.46000000
2018-02-24 09:05:38,0.02047500,0.19000000
2018-02-24 09:05:39,0.02047500,0.40000000
2018-02-24 09:05:39,0.02047500,0.90000000
2018-02-24 09:05:39,0.02047500,0.69000000
2018-02-24 09:05:44,0.02047200,0.25000000
2018-02-24 09:05:44,0.02047100,0.10000000
2018-02-24 09:05:44,0.02046500,1.46000000
2018-02-24 09:05:45,0.02046500,0.24000000
2018-02-24 09:05:45,0.02046500,4.63000000
2018-02-24 09:05:46,0.02046500,1.22000000
2018-02-24 09:05:47,0.02047400,1.46000000
2018-02-24 09:05:47,0.02047400,1.46000000
2018-02-24 09:05:47,0.02047400,1.41000000
2018-02-24 09:05:47,0.02047900,0.20000000
2018-02-24 09:05:47,0.02048000,7.47000000
2018-02-24 09:05:48,0.02045600,0.94000000
2018-02-24 09:05:48,0.02047400,0.43000000
2018-02-24 09:05:48,0.02047400,0.40000000
2018-02-24 09:05:48,0.02048900,0.80000000
2018-02-24 09:05:55,0.02047500,0.97000000
2018-02-24 09:05:55,0.02047400,0.14000000
2018-02-24 09:05:57,0.02047500,2.63000000
2018-02-24 09:05:58,0.02047400,0.35000000
2018-02-24 09:06:01,0.02047400,0.01000000
2018-02-24 09:06:02,0.02045100,2.27000000
2018-02-24 09:06:03,0.02047400,2.03000000
2018-02-24 09:06:03,0.02046400,0.14000000
2018-02-24 09:06:04,0.02047400,0.08000000
2018-02-24 09:06:04,0.02046400,3.82000000
2018-02-24 09:06:04,0.02045300,0.24000000
2018-02-24 09:06:04,0.02043600,0.08000000
2018-02-24 09:06:04,0.02043200,0.23000000
2018-02-24 09:06:04,0.02045500,1.46000000
2018-02-24 09:06:04,0.02045500,1.46000000
2018-02-24 09:06:04,0.02045500,0.92000000
2018-02-24 09:06:06,0.02044000,2.09000000
2018-02-24 09:06:07,0.02047000,2.07000000
2018-02-24 09:06:07,0.02046900,0.02000000
2018-02-24 09:06:07,0.02047000,0.97000000
2018-02-24 09:06:08,0.02047000,0.01000000
2018-02-24 09:06:10,0.02046900,0.61000000
2018-02-24 09:06:13,0.02046900,1.55000000
2018-02-24 09:06:17,0.02045000,0.52000000
2018-02-24 09:06:20,0.02044000,1.00000000
2018-02-24 09:06:20,0.02044000,0.40000000
2018-02-24 09:06:20,0.02044000,0.67000000
2018-02-24 09:06:20,0.02045000,0.60000000
2018-02-24 09:06:21,0.02045000,0.40000000
2018-02-24 09:06:22,0.02045000,2.44000000
2018-02-24 09:06:23,0.02044000,0.50000000
2018-02-24 09:06:24,0.02045000,4.55000000
2018-02-24 09:06:24,0.02047100,0.10000000
2018-02-24 09:06:24,0.02047300,3.00000000
2018-02-24 09:06:24,0.02047400,3.12000000
2018-02-24 09:06:24,0.02044300,1.47000000
2018-02-24 09:06:24,0.02047400,2.21000000
2018-02-24 09:06:26,0.02045100,0.10000000
2018-02-24 09:06:26,0.02045100,0.56000000
2018-02-24 09:06:26,0.02045100,1.37000000
2018-02-24 09:06:27,0.02045300,0.27000000
2018-02-24 09:06:27,0.02045100,0.65000000
2018-02-24 09:06:28,0.02046700,1.47000000
2018-02-24 09:06:28,0.02046900,0.19000000
2018-02-24 09:06:28,0.02046900,0.60000000
2018-02-24 09:06:28,0.02045100,0.18000000
2018-02-24 09:06:28,0.02044600,0.22000000
2018-02-24 09:06:29,0.02044600,0.05000000
2018-02-24 09:06:29,0.02044600,1.43000000
2018-02-24 09:06:29,0.02046900,0.01000000
2018-02-24 09:06:31,0.02046900,0.28000000
2018-02-24 09:06:31,0.02046900,0.30000000
2018-02-24 09:06:31,0.02046900,0.33000000
2018-02-24 09:06:31,0.02047100,0.10000000
2018-02-24 09:06:31,0.02047300,2.00000000
2018-02-24 09:06:31,0.02047400,2.06000000
2018-02-24 09:06:31,0.02047400,1.46000000
2018-02-24 09:06:31,0.02047400,9.23000000
2018-02-24 09:06:31,0.02047400,1.46000000
2018-02-24 09:06:32,0.02047400,2.90000000
2018-02-24 09:06:32,0.02047400,2.47000000
2018-02-24 09:06:32,0.02047400,0.17000000
2018-02-24 09:06:33,0.02047300,0.33000000
2018-02-24 09:06:34,0.02047300,0.50000000
2018-02-24 09:06:37,0.02047300,1.17000000
2018-02-24 09:06:38,0.02046900,0.55000000
2018-02-24 09:06:43,0.02046900,0.74000000
2018-02-24 09:06:45,0.02045100,0.10000000
2018-02-24 09:06:46,0.02045100,0.62000000
2018-02-24 09:06:47,0.02045100,0.24000000
2018-02-24 09:06:47,0.02045100,0.49000000
2018-02-24 09:06:48,0.02045100,0.58000000
2018-02-24 09:06:50,0.02047100,0.10000000
2018-02-24 09:06:50,0.02047400,0.46000000
2018-02-24 09:06:52,0.02045100,0.82000000
2018-02-24 09:06:52,0.02045100,0.15000000
2018-02-24 09:06:52,0.02047400,2.07000000
2018-02-24 09:06:53,0.02045000,2.00000000
2018-02-24 09:06:58,0.02045100,0.40000000
2018-02-24 09:07:07,0.02045300,0.24000000
2018-02-24 09:07:07,0.02045100,0.36000000
2018-02-24 09:07:16,0.02045100,0.21000000
2018-02-24 09:07:17,0.02045000,0.50000000
2018-02-24 09:07:19,0.02045100,0.49000000
2018-02-24 09:07:19,0.02045000,0.30000000
2018-02-24 09:07:19,0.02045000,0.33000000
2018-02-24 09:07:22,0.02045100,0.47000000
2018-02-24 09:07:22,0.02047000,0.02000000
2018-02-24 09:07:22,0.02047000,0.30000000
2018-02-24 09:07:25,0.02045000,1.02000000
2018-02-24 09:07:27,0.02047000,0.03000000
2018-02-24 09:07:42,0.02045000,0.50000000
2018-02-24 09:07:42,0.02045000,0.53000000
2018-02-24 09:07:45,0.02045000,0.33000000
2018-02-24 09:07:45,0.02045000,0.40000000
2018-02-24 09:07:47,0.02045000,0.50000000
2018-02-24 09:07:47,0.02045000,0.43000000
2018-02-24 09:07:48,0.02045000,4.58000000
2018-02-24 09:07:48,0.02045000,1.46000000
2018-02-24 09:07:48,0.02045000,3.54000000
2018-02-24 09:07:48,0.02045000,0.42000000
2018-02-24 09:07:49,0.02044100,1.00000000
2018-02-24 09:07:49,0.02044000,0.90000000
2018-02-24 09:07:49,0.02046900,1.00000000
2018-02-24 09:07:49,0.02047000,0.62000000
2018-02-24 09:07:50,0.02047000,0.43000000
2018-02-24 09:07:50,0.02047000,0.04000000
2018-02-24 09:07:50,0.02044000,0.08000000
2018-02-24 09:07:50,0.02043700,0.35000000
2018-02-24 09:07:50,0.02043600,0.03000000
2018-02-24 09:07:50,0.02044100,2.04000000
2018-02-24 09:07:50,0.02047000,1.00000000
2018-02-24 09:07:50,0.02047100,0.60000000
2018-02-24 09:07:51,0.02047100,0.45000000
2018-02-24 09:07:51,0.02044400,0.08000000
2018-02-24 09:07:51,0.02045100,0.02000000
2018-02-24 09:07:52,0.02044900,1.46000000
2018-02-24 09:07:52,0.02044900,0.25000000
2018-02-24 09:07:52,0.02044900,0.33000000
2018-02-24 09:07:52,0.02045100,0.38000000
2018-02-24 09:07:52,0.02043800,0.40000000
2018-02-24 09:07:52,0.02043800,0.33000000
2018-02-24 09:07:53,0.02044400,0.27000000
2018-02-24 09:07:53,0.02044300,1.78000000
2018-02-24 09:07:53,0.02047400,2.04000000
2018-02-24 09:07:54,0.02044100,2.04000000
2018-02-24 09:07:54,0.02047100,0.10000000
2018-02-24 09:07:54,0.02047400,0.41000000
2018-02-24 09:07:54,0.02047100,1.00000000
2018-02-24 09:07:54,0.02044200,0.89000000
2018-02-24 09:07:55,0.02047200,1.78000000
2018-02-24 09:07:55,0.02047100,1.42000000
2018-02-24 09:07:55,0.02047100,0.30000000
2018-02-24 09:08:00,0.02047400,2.38000000
2018-02-24 09:08:00,0.02047200,0.25000000
2018-02-24 09:08:04,0.02047400,0.08000000
2018-02-24 09:08:05,0.02047100,0.61000000
2018-02-24 09:08:06,0.02045100,0.10000000
2018-02-24 09:08:06,0.02045100,1.46000000
2018-02-24 09:08:06,0.02045100,0.41000000
2018-02-24 09:08:06,0.02047400,0.24000000
2018-02-24 09:08:07,0.02047400,4.12000000
2018-02-24 09:08:08,0.02045300,0.98000000
2018-02-24 09:08:08,0.02047400,1.69000000
2018-02-24 09:08:08,0.02047400,0.10000000
2018-02-24 09:08:10,0.02047400,0.51000000
2018-02-24 09:08:11,0.02045500,1.11000000
2018-02-24 09:08:11,0.02045400,0.86000000
2018-02-24 09:08:11,0.02048600,0.98000000
2018-02-24 09:08:11,0.02048800,0.89000000
2018-02-24 09:08:12,0.02048900,0.17000000
2018-02-24 09:08:19,0.02049000,0.85000000
2018-02-24 09:08:19,0.02049000,0.01000000
2018-02-24 09:08:22,0.02049000,0.57000000
2018-02-24 09:08:23,0.02049000,0.48000000
2018-02-24 09:08:26,0.02049000,0.94000000
2018-02-24 09:08:26,0.02049000,0.80000000
2018-02-24 09:08:27,0.02049000,0.40000000
2018-02-24 09:08:29,0.02049100,0.10000000
2018-02-24 09:08:31,0.02049000,1.00000000
2018-02-24 09:08:32,0.02049900,0.35000000
2018-02-24 09:08:32,0.02050000,0.13000000
2018-02-24 09:08:35,0.02048900,0.01000000
2018-02-24 09:08:35,0.02048000,0.10000000
2018-02-24 09:08:35,0.02047100,0.10000000
2018-02-24 09:08:35,0.02046200,0.20000000
2018-02-24 09:08:35,0.02046100,0.12000000
2018-02-24 09:08:36,0.02046300,2.03000000
2018-02-24 09:08:36,0.02050000,1.82000000
2018-02-24 09:08:37,0.02050000,0.10000000
2018-02-24 09:08:38,0.02050000,0.10000000
2018-02-24 09:08:38,0.02050000,0.01000000
2018-02-24 09:08:40,0.02047100,0.36000000
2018-02-24 09:08:40,0.02047100,0.16000000
2018-02-24 09:08:40,0.02046900,0.62000000
2018-02-24 09:08:41,0.02046900,0.10000000
2018-02-24 09:08:46,0.02046900,1.31000000
2018-02-24 09:08:48,0.02047100,0.23000000
2018-02-24 09:08:55,0.02047100,0.11000000
2018-02-24 09:08:57,0.02047100,0.48000000
2018-02-24 09:08:58,0.02047100,0.17000000
2018-02-24 09:08:58,0.02047100,0.88000000
2018-02-24 09:09:11,0.02047100,0.86000000
2018-02-24 09:09:11,0.02047100,0.02000000
2018-02-24 09:09:12,0.02046100,0.23000000
2018-02-24 09:09:14,0.02046000,0.11000000
2018-02-24 09:09:16,0.02046000,0.05000000
2018-02-24 09:09:22,0.02046000,2.66000000
2018-02-24 09:09:24,0.02047000,1.07000000
2018-02-24 09:09:24,0.02046000,2.47000000
2018-02-24 09:09:24,0.02046000,2.49000000
2018-02-24 09:09:26,0.02045900,0.97000000
2018-02-24 09:09:26,0.02046000,4.47000000
2018-02-24 09:09:29,0.02045100,0.36000000
2018-02-24 09:09:32,0.02045100,0.84000000
2018-02-24 09:09:56,0.02045200,0.45000000
2018-02-24 09:09:56,0.02045200,0.45000000
2018-02-24 09:10:04,0.02045200,0.07000000
2018-02-24 09:10:04,0.02045100,11.89000000
2018-02-24 09:10:04,0.02045100,1.46000000
2018-02-24 09:10:04,0.02045100,0.66000000
2018-02-24 09:10:05,0.02045200,1.46000000
2018-02-24 09:10:05,0.02045200,2.39000000
2018-02-24 09:10:05,0.02045200,0.44000000
2018-02-24 09:10:05,0.02044100,1.46000000
2018-02-24 09:10:05,0.02044100,1.06000000
2018-02-24 09:10:05,0.02043700,1.25000000
2018-02-24 09:10:05,0.02043700,0.96000000
2018-02-24 09:10:05,0.02043700,6.49000000
2018-02-24 09:10:06,0.02045600,0.15000000
2018-02-24 09:10:06,0.02043500,0.40000000
2018-02-24 09:10:07,0.02043000,0.10000000
2018-02-24 09:10:07,0.02042600,0.17000000
2018-02-24 09:10:08,0.02043000,0.97000000
2018-02-24 09:10:08,0.02045400,0.59000000
2018-02-24 09:10:08,0.02042600,1.00000000
2018-02-24 09:10:09,0.02042500,1.46000000
2018-02-24 09:10:09,0.02042500,0.54000000
2018-02-24 09:10:10,0.02041000,0.10000000
2018-02-24 09:10:10,0.02041000,1.12000000
2018-02-24 09:10:10,0.02041000,0.18000000
2018-02-24 09:10:12,0.02040800,0.25000000
2018-02-24 09:10:12,0.02040800,0.94000000
2018-02-24 09:10:12,0.02043000,0.56000000
2018-02-24 09:10:15,0.02044900,0.31000000
2018-02-24 09:10:15,0.02045000,0.10000000
2018-02-24 09:10:15,0.02045200,0.44000000
2018-02-24 09:10:15,0.02045400,0.87000000
2018-02-24 09:10:16,0.02043100,0.12000000
2018-02-24 09:10:16,0.02043100,0.13000000
2018-02-24 09:10:16,0.02043000,0.10000000
2018-02-24 09:10:17,0.02043000,1.20000000
2018-02-24 09:10:17,0.02045400,0.07000000
2018-02-24 09:10:17,0.02042800,0.42000000
2018-02-24 09:10:18,0.02041300,1.22000000
2018-02-24 09:10:18,0.02041300,0.09000000
2018-02-24 09:10:18,0.02042600,0.13000000
2018-02-24 09:10:19,0.02042600,0.09000000
2018-02-24 09:10:22,0.02042600,1.46000000
2018-02-24 09:10:22,0.02042600,1.63000000
2018-02-24 09:10:22,0.02042800,0.42000000
2018-02-24 09:10:23,0.02042900,0.41000000
2018-02-24 09:10:25,0.02042900,0.01000000
2018-02-24 09:10:25,0.02042600,0.56000000
2018-02-24 09:10:27,0.02042600,1.24000000
2018-02-24 09:10:27,0.02044900,0.52000000
2018-02-24 09:10:27,0.02044900,0.76000000
2018-02-24 09:10:28,0.02042600,1.27000000
2018-02-24 09:10:28,0.02044700,1.28000000
2018-02-24 09:10:28,0.02045000,0.10000000
2018-02-24 09:10:28,0.02045000,0.24000000
2018-02-24 09:10:29,0.02045000,0.11000000
2018-02-24 09:10:29,0.02045000,0.47000000
2018-02-24 09:10:29,0.02042800,0.47000000
2018-02-24 09:10:30,0.02043000,0.10000000
2018-02-24 09:10:30,0.02042700,1.87000000
2018-02-24 09:10:30,0.02044800,0.47000000
2018-02-24 09:10:30,0.02045000,0.47000000
2018-02-24 09:10:30,0.02045000,1.08000000
2018-02-24 09:10:32,0.02042900,2.00000000
2018-02-24 09:10:32,0.02046800,1.31000000
2018-02-24 09:10:32,0.02046800,0.11000000
2018-02-24 09:10:32,0.02046800,0.10000000
2018-02-24 09:10:32,0.02047000,0.24000000
2018-02-24 09:10:32,0.02046800,0.47000000
2018-02-24 09:10:32,0.02046800,0.01000000
2018-02-24 09:10:33,0.02043000,0.97000000
2018-02-24 09:10:33,0.02043000,1.03000000
2018-02-24 09:10:33,0.02046600,0.20000000
2018-02-24 09:10:34,0.02043100,1.42000000
2018-02-24 09:10:35,0.02046500,1.80000000
2018-02-24 09:10:35,0.02046700,0.25000000
2018-02-24 09:10:35,0.02046700,0.09000000
2018-02-24 09:10:36,0.02043300,1.96000000
2018-02-24 09:10:36,0.02046700,1.42000000
2018-02-24 09:10:37,0.02046700,0.58000000
2018-02-24 09:10:38,0.02043400,0.50000000
2018-02-24 09:10:39,0.02043200,0.48000000
2018-02-24 09:10:41,0.02043000,0.10000000
2018-02-24 09:10:41,0.02042700,0.14000000
2018-02-24 09:10:41,0.02042600,0.44000000
2018-02-24 09:10:41,0.02041000,0.75000000
2018-02-24 09:10:42,0.02041000,1.35000000
2018-02-24 09:10:42,0.02041000,0.50000000
2018-02-24 09:10:42,0.02041000,0.14000000
2018-02-24 09:10:42,0.02040800,0.14000000
2018-02-24 09:10:42,0.02040800,0.11000000
2018-02-24 09:10:42,0.02040200,0.14000000
2018-02-24 09:10:42,0.02040800,0.90000000
2018-02-24 09:10:43,0.02040800,0.33000000
2018-02-24 09:10:43,0.02043000,0.10000000
2018-02-24 09:10:43,0.02046300,0.05000000
2018-02-24 09:10:43,0.02046200,0.81000000
2018-02-24 09:10:44,0.02042000,0.22000000
2018-02-24 09:10:44,0.02042000,0.65000000
2018-02-24 09:10:44,0.02044800,0.09000000
2018-02-24 09:10:44,0.02044800,1.04000000
2018-02-24 09:10:44,0.02044800,1.04000000
2018-02-24 09:10:44,0.02045000,0.10000000
2018-02-24 09:10:44,0.02046200,0.16000000
2018-02-24 09:10:44,0.02046500,0.20000000
2018-02-24 09:10:46,0.02042000,1.55000000
2018-02-24 09:10:46,0.02046500,0.82000000
2018-02-24 09:10:46,0.02046600,1.11000000
2018-02-24 09:10:46,0.02046600,0.16000000
2018-02-24 09:10:54,0.02043300,1.00000000
2018-02-24 09:10:54,0.02043200,0.96000000
2018-02-24 09:11:00,0.02044500,0.11000000
2018-02-24 09:11:03,0.02043500,0.11000000
2018-02-24 09:11:04,0.02043200,0.01000000
2018-02-24 09:11:04,0.02043200,0.11000000
2018-02-24 09:11:05,0.02043000,0.10000000
2018-02-24 09:11:08,0.02042300,1.11000000
2018-02-24 09:11:09,0.02042200,0.11000000
2018-02-24 09:11:10,0.02041800,6.52000000
2018-02-24 09:11:10,0.02042200,0.22000000
2018-02-24 09:11:11,0.02042000,0.52000000
2018-02-24 09:11:12,0.02041900,0.11000000
2018-02-24 09:11:12,0.02041800,0.47000000
2018-02-24 09:11:14,0.02042000,0.10000000
2018-02-24 09:11:17,0.02042000,0.81000000
2018-02-24 09:11:17,0.02042000,0.52000000
2018-02-24 09:11:18,0.02044500,0.89000000
2018-02-24 09:11:19,0.02042000,0.52000000
2018-02-24 09:11:19,0.02042000,0.36000000
2018-02-24 09:11:19,0.02044500,0.89000000
2018-02-24 09:11:22,0.02044500,0.73000000
2018-02-24 09:11:24,0.02041900,1.00000000
2018-02-24 09:11:24,0.02041900,0.70000000
2018-02-24 09:11:24,0.02044800,0.82000000
2018-02-24 09:11:26,0.02041900,0.82000000
2018-02-24 09:11:26,0.02041900,0.75000000
2018-02-24 09:11:26,0.02044800,0.76000000
2018-02-24 09:11:29,0.02041900,0.41000000
2018-02-24 09:11:29,0.02041900,0.35000000
2018-02-24 09:11:29,0.02041900,1.17000000
2018-02-24 09:11:29,0.02044800,0.03000000
2018-02-24 09:11:32,0.02041800,1.28000000
2018-02-24 09:11:32,0.02044500,0.97000000
2018-02-24 09:11:32,0.02044600,1.17000000
2018-02-24 09:11:34,0.02044600,1.21000000
2018-02-24 09:11:37,0.02045000,1.00000000
2018-02-24 09:11:44,0.02045000,0.06000000
2018-02-24 09:11:44,0.02045100,1.50000000
2018-02-24 09:11:55,0.02045400,0.13000000
2018-02-24 09:12:14,0.02046300,0.83000000
2018-02-24 09:12:14,0.02046200,0.50000000
2018-02-24 09:12:16,0.02046200,0.50000000
2018-02-24 09:12:18,0.02046200,4.00000000
2018-02-24 09:12:18,0.02045400,0.93000000
2018-02-24 09:12:19,0.02045400,0.70000000
2018-02-24 09:12:19,0.02045300,0.22000000
2018-02-24 09:12:19,0.02046700,2.01000000
2018-02-24 09:12:19,0.02046800,0.47000000
2018-02-24 09:12:19,0.02047100,0.10000000
2018-02-24 09:12:19,0.02049000,0.48000000
2018-02-24 09:12:19,0.02049100,0.10000000
2018-02-24 09:12:19,0.02049900,0.97000000
2018-02-24 09:12:19,0.02050000,1.42000000
2018-02-24 09:12:19,0.02051800,0.17000000
2018-02-24 09:12:19,0.02052100,1.85000000
2018-02-24 09:12:19,0.02052200,0.08000000
2018-02-24 09:12:19,0.02052600,0.23000000
2018-02-24 09:12:19,0.02053000,6.20000000
2018-02-24 09:12:21,0.02047600,1.00000000
2018-02-24 09:12:21,0.02047500,0.04000000
2018-02-24 09:12:21,0.02052700,2.18000000
2018-02-24 09:12:21,0.02052700,0.03000000
2018-02-24 09:12:21,0.02052800,0.08000000
2018-02-24 09:12:22,0.02048100,0.10000000
2018-02-24 09:12:22,0.02048300,0.90000000
2018-02-24 09:12:22,0.02048300,0.40000000
2018-02-24 09:12:22,0.02048300,1.46000000
2018-02-24 09:12:22,0.02048300,2.91000000
2018-02-24 09:12:22,0.02048300,1.46000000
2018-02-24 09:12:22,0.02048400,0.24000000
2018-02-24 09:12:22,0.02048300,0.14000000
2018-02-24 09:12:22,0.02048100,0.90000000
2018-02-24 09:12:22,0.02048100,0.62000000
2018-02-24 09:12:22,0.02048200,1.46000000
2018-02-24 09:12:22,0.02048200,0.23000000
2018-02-24 09:12:22,0.02052600,1.50000000
2018-02-24 09:12:23,0.02048000,0.10000000
2018-02-24 09:12:23,0.02047600,0.23000000
2018-02-24 09:12:24,0.02047600,1.60000000
2018-02-24 09:12:24,0.02047600,4.25000000
2018-02-24 09:12:24,0.02050000,0.10000000
2018-02-24 09:12:24,0.02052100,1.94000000
2018-02-24 09:12:26,0.02047200,0.94000000
2018-02-24 09:12:26,0.02047200,0.51000000
2018-02-24 09:12:26,0.02047200,0.10000000
2018-02-24 09:12:26,0.02047100,0.10000000
2018-02-24 09:12:26,0.02047000,0.14000000
2018-02-24 09:12:28,0.02046000,0.48000000
2018-02-24 09:12:34,0.02046000,0.65000000
2018-02-24 09:12:36,0.02045500,0.52000000
2018-02-24 09:12:37,0.02045400,1.77000000
2018-02-24 09:12:37,0.02045300,2.00000000
2018-02-24 09:12:37,0.02045200,4.54000000
2018-02-24 09:12:41,0.02045200,0.01000000
2018-02-24 09:12:56,0.02045300,1.35000000
2018-02-24 09:12:56,0.02045100,0.10000000
2018-02-24 09:12:57,0.02045000,1.27000000
2018-02-24 09:12:58,0.02045200,1.91000000
2018-02-24 09:13:01,0.02045000,1.46000000
2018-02-24 09:13:01,0.02045000,0.34000000
2018-02-24 09:13:07,0.02045000,1.43000000
2018-02-24 09:13:07,0.02045000,0.70000000
2018-02-24 09:13:19,0.02045000,6.50000000
2018-02-24 09:13:57,0.02045100,2.12000000
2018-02-24 09:13:57,0.02045100,0.13000000
2018-02-24 09:13:58,0.02045200,0.25000000
2018-02-24 09:13:58,0.02045000,21.94000000
2018-02-24 09:14:05,0.02045100,0.25000000
2018-02-24 09:14:05,0.02045000,0.01000000
2018-02-24 09:14:09,0.02044800,7.83000000
2018-02-24 09:14:12,0.02045000,0.46000000
2018-02-24 09:14:14,0.02045000,1.00000000
2018-02-24 09:14:17,0.02045000,3.57000000
2018-02-24 09:14:22,0.02045000,6.96000000
2018-02-24 09:14:23,0.02045000,1.21000000
2018-02-24 09:14:32,0.02045200,4.29000000
2018-02-24 09:14:33,0.02043700,0.86000000
2018-02-24 09:14:33,0.02046800,0.14000000
2018-02-24 09:14:33,0.02046800,0.07000000
2018-02-24 09:14:34,0.02046800,1.72000000
2018-02-24 09:14:53,0.02043000,0.10000000
2018-02-24 09:14:53,0.02042100,1.24000000
2018-02-24 09:14:54,0.02042200,0.97000000
2018-02-24 09:14:54,0.02042200,0.98000000
2018-02-24 09:14:54,0.02044700,0.86000000
2018-02-24 09:14:55,0.02042100,2.00000000
2018-02-24 09:14:55,0.02042200,1.13000000
2018-02-24 09:15:02,0.02044900,0.97000000
2018-02-24 09:15:02,0.02045000,0.24000000
2018-02-24 09:15:10,0.02045000,14.14000000
2018-02-24 09:15:12,0.02044700,1.13000000
2018-02-24 09:15:12,0.02047100,0.10000000
2018-02-24 09:15:12,0.02047100,0.07000000
2018-02-24 09:15:13,0.02045100,0.10000000
2018-02-24 09:15:13,0.02043600,1.15000000
2018-02-24 09:15:13,0.02049000,1.00000000
2018-02-24 09:15:13,0.02049100,0.10000000
2018-02-24 09:15:14,0.02049100,0.07000000
2018-02-24 09:15:14,0.02043900,1.19000000
2018-02-24 09:15:14,0.02049100,0.24000000
2018-02-24 09:15:14,0.02049200,0.51000000
2018-02-24 09:15:14,0.02049200,1.37000000
2018-02-24 09:15:15,0.02043700,1.37000000
2018-02-24 09:15:15,0.02044000,0.49000000
2018-02-24 09:15:15,0.02047100,0.10000000
2018-02-24 09:15:15,0.02044000,1.79000000
2018-02-24 09:15:15,0.02048800,1.94000000
2018-02-24 09:15:16,0.02044000,0.14000000
2018-02-24 09:15:16,0.02044000,0.69000000
2018-02-24 09:15:16,0.02044000,0.59000000
2018-02-24 09:15:16,0.02043800,0.40000000
2018-02-24 09:15:16,0.02044000,0.51000000
2018-02-24 09:15:17,0.02043800,0.51000000
2018-02-24 09:15:17,0.02044000,6.08000000
2018-02-24 09:15:17,0.02044100,0.92000000
2018-02-24 09:15:17,0.02046900,2.17000000
2018-02-24 09:15:18,0.02044100,0.05000000
2018-02-24 09:15:18,0.02044100,0.58000000
2018-02-24 09:15:19,0.02044000,0.69000000
2018-02-24 09:15:19,0.02043800,0.37000000
2018-02-24 09:15:19,0.02043900,0.08000000
2018-02-24 09:15:19,0.02043800,0.25000000
2018-02-24 09:15:26,0.02043900,0.19000000
2018-02-24 09:15:28,0.02043900,0.12000000
2018-02-24 09:15:28,0.02043900,0.11000000
2018-02-24 09:15:28,0.02043900,3.67000000
2018-02-24 09:15:28,0.02043900,1.46000000
2018-02-24 09:15:28,0.02043900,1.46000000
2018-02-24 09:15:28,0.02043900,0.05000000
2018-02-24 09:15:33,0.02043900,1.46000000
2018-02-24 09:15:33,0.02043900,1.46000000
2018-02-24 09:15:33,0.02043900,1.46000000
2018-02-24 09:15:33,0.02043900,1.32000000
2018-02-24 09:15:33,0.02044100,0.14000000
2018-02-24 09:15:33,0.02044100,1.08000000
2018-02-24 09:15:34,0.02043000,0.90000000
2018-02-24 09:15:34,0.02046800,1.50000000
2018-02-24 09:15:35,0.02046800,0.67000000
2018-02-24 09:15:35,0.02043200,1.85000000
2018-02-24 09:15:35,0.02046600,0.54000000
2018-02-24 09:15:36,0.02043200,0.57000000
2018-02-24 09:15:36,0.02043200,0.30000000
2018-02-24 09:15:36,0.02044800,0.26000000
2018-02-24 09:15:36,0.02045000,0.10000000
2018-02-24 09:15:37,0.02046600,1.28000000
2018-02-24 09:15:37,0.02044900,0.48000000
2018-02-24 09:15:46,0.02044900,0.08000000
2018-02-24 09:15:47,0.02043900,0.20000000
2018-02-24 09:15:49,0.02043900,0.20000000
2018-02-24 09:15:52,0.02043900,0.20000000
2018-02-24 09:16:04,0.02044600,0.57000000
2018-02-24 09:16:05,0.02044100,0.19000000
2018-02-24 09:16:05,0.02043900,0.12000000
2018-02-24 09:16:06,0.02044700,0.08000000
2018-02-24 09:16:14,0.02044700,0.01000000
2018-02-24 09:16:14,0.02045000,1.46000000
2018-02-24 09:16:14,0.02045000,1.46000000
2018-02-24 09:16:14,0.02045000,1.46000000
2018-02-24 09:16:14,0.02045000,0.65000000
2018-02-24 09:16:21,0.02046800,0.67000000
2018-02-24 09:16:21,0.02047100,0.10000000
2018-02-24 09:16:21,0.02049000,0.03000000
2018-02-24 09:16:22,0.02045500,0.68000000
2018-02-24 09:16:23,0.02045800,0.97000000
2018-02-24 09:16:23,0.02045800,1.67000000
2018-02-24 09:16:23,0.02048900,1.97000000
2018-02-24 09:16:24,0.02045900,1.90000000
2018-02-24 09:16:24,0.02048300,1.91000000
2018-02-24 09:16:25,0.02045200,0.10000000
2018-02-24 09:16:25,0.02045200,0.55000000
2018-02-24 09:16:25,0.02045100,0.10000000
2018-02-24 09:16:25,0.02045000,0.36000000
2018-02-24 09:16:26,0.02045000,0.95000000
2018-02-24 09:16:26,0.02045200,1.26000000
2018-02-24 09:16:26,0.02045100,0.90000000
2018-02-24 09:16:27,0.02044900,0.24000000
2018-02-24 09:16:27,0.02044900,0.65000000
2018-02-24 09:16:27,0.02047000,1.00000000
2018-02-24 09:16:27,0.02047100,0.02000000
2018-02-24 09:16:27,0.02044700,0.22000000
2018-02-24 09:16:27,0.02044700,0.68000000
2018-02-24 09:16:28,0.02044000,1.46000000
2018-02-24 09:16:28,0.02046900,2.00000000
2018-02-24 09:16:29,0.02044000,0.43000000
2018-02-24 09:16:29,0.02044000,13.69000000
2018-02-24 09:16:30,0.02044000,1.87000000
2018-02-24 09:16:30,0.02046900,0.22000000
2018-02-24 09:16:30,0.02046900,1.45000000
2018-02-24 09:16:30,0.02046900,0.18000000
2018-02-24 09:16:30,0.02046900,0.05000000
2018-02-24 09:16:32,0.02043900,1.89000000
2018-02-24 09:16:32,0.02046900,0.18000000
2018-02-24 09:16:33,0.02046900,1.71000000
2018-02-24 09:16:33,0.02044000,1.32000000
2018-02-24 09:16:33,0.02044000,0.57000000
2018-02-24 09:16:33,0.02046900,0.47000000
2018-02-24 09:16:33,0.02043900,1.32000000
2018-02-24 09:16:35,0.02045800,0.83000000
2018-02-24 09:16:35,0.02046900,1.53000000
2018-02-24 09:16:38,0.02045800,0.37000000
2018-02-24 09:16:38,0.02043900,0.49000000
2018-02-24 09:16:39,0.02043900,1.32000000
2018-02-24 09:16:39,0.02043900,0.03000000
2018-02-24 09:16:39,0.02046900,0.98000000
2018-02-24 09:16:41,0.02043900,1.09000000
2018-02-24 09:16:41,0.02046800,1.00000000
2018-02-24 09:16:42,0.02046800,0.26000000
2018-02-24 09:16:42,0.02044000,0.59000000
2018-02-24 09:16:43,0.02044000,0.12000000
2018-02-24 09:16:43,0.02044000,1.10000000
2018-02-24 09:16:43,0.02046200,0.03000000
2018-02-24 09:16:44,0.02043400,1.15000000
2018-02-24 09:16:44,0.02045900,1.06000000
2018-02-24 09:16:45,0.02045900,0.13000000
2018-02-24 09:16:46,0.02043300,0.23000000
2018-02-24 09:16:46,0.02043300,0.26000000
2018-02-24 09:16:46,0.02043300,0.69000000
2018-02-24 09:16:46,0.02045800,0.74000000
2018-02-24 09:16:46,0.02045800,0.69000000
2018-02-24 09:16:53,0.02045800,0.60000000
2018-02-24 09:17:08,0.02046800,0.85000000
2018-02-24 09:17:21,0.02045800,0.02000000
2018-02-24 09:17:21,0.02043200,0.16000000
2018-02-24 09:17:22,0.02043200,1.95000000
2018-02-24 09:17:22,0.02043200,1.81000000
2018-02-24 09:17:22,0.02043200,0.02000000
2018-02-24 09:17:22,0.02045400,0.32000000
2018-02-24 09:17:25,0.02045400,0.17000000
2018-02-24 09:17:25,0.02043100,0.83000000
2018-02-24 09:17:27,0.02043700,0.84000000
2018-02-24 09:17:27,0.02046400,1.87000000
2018-02-24 09:17:27,0.02046400,0.25000000
2018-02-24 09:17:28,0.02043300,1.80000000
2018-02-24 09:17:28,0.02046200,1.88000000
2018-02-24 09:17:29,0.02043400,0.47000000
2018-02-24 09:17:29,0.02043400,0.22000000
2018-02-24 09:17:30,0.02043200,1.54000000
2018-02-24 09:17:31,0.02043100,0.83000000
2018-02-24 09:17:32,0.02043100,0.42000000
2018-02-24 09:17:33,0.02043100,0.16000000
2018-02-24 09:17:34,0.02043000,0.10000000
2018-02-24 09:17:36,0.02041800,1.95000000
2018-02-24 09:17:38,0.02042200,0.26000000
2018-02-24 09:17:38,0.02043200,0.32000000
2018-02-24 09:17:38,0.02043300,3.82000000
2018-02-24 09:17:44,0.02043300,2.56000000
2018-02-24 09:18:02,0.02041800,0.20000000
2018-02-24 09:18:11,0.02043200,0.63000000
2018-02-24 09:18:16,0.02041800,1.49000000
2018-02-24 09:18:16,0.02041200,5.51000000
2018-02-24 09:18:25,0.02042900,0.05000000
2018-02-24 09:18:28,0.02041200,1.46000000
2018-02-24 09:18:31,0.02042900,0.25000000
2018-02-24 09:18:34,0.02042900,0.48000000
2018-02-24 09:18:38,0.02042900,1.46000000
2018-02-24 09:18:38,0.02042900,1.46000000
2018-02-24 09:18:41,0.02041200,0.11000000
2018-02-24 09:18:51,0.02041200,0.45000000
2018-02-24 09:18:53,0.02041200,13.18000000
2018-02-24 09:18:56,0.02042900,1.91000000
2018-02-24 09:18:56,0.02043000,3.70000000
2018-02-24 09:18:56,0.02043100,2.00000000
2018-02-24 09:18:56,0.02043200,2.39000000
2018-02-24 09:18:56,0.02043200,0.22000000
2018-02-24 09:19:06,0.02041200,5.15000000
2018-02-24 09:19:06,0.02041000,0.10000000
2018-02-24 09:19:06,0.02040900,0.07000000
2018-02-24 09:19:06,0.02040300,0.05000000
2018-02-24 09:19:07,0.02040300,0.01000000
2018-02-24 09:19:07,0.02040200,0.17000000
2018-02-24 09:19:07,0.02040100,4.95000000
2018-02-24 09:19:15,0.02040100,1.96000000
2018-02-24 09:19:24,0.02041200,0.14000000
2018-02-24 09:19:26,0.02041200,1.80000000
2018-02-24 09:19:32,0.02040100,0.08000000
2018-02-24 09:19:36,0.02041200,0.22000000
2018-02-24 09:19:37,0.02041200,0.88000000
2018-02-24 09:19:40,0.02040100,1.72000000
2018-02-24 09:19:40,0.02040100,1.46000000
2018-02-24 09:19:40,0.02040100,1.46000000
2018-02-24 09:19:40,0.02040100,1.35000000
2018-02-24 09:19:54,0.02039500,0.08000000
2018-02-24 09:19:55,0.02040100,0.20000000
2018-02-24 09:19:55,0.02040100,0.57000000
2018-02-24 09:20:00,0.02039700,3.35000000
2018-02-24 09:20:00,0.02039500,3.92000000
2018-02-24 09:20:00,0.02039400,31.00000000
2018-02-24 09:20:00,0.02039100,1.00000000
2018-02-24 09:20:00,0.02039000,0.44000000
2018-02-24 09:20:00,0.02038900,0.10000000
2018-02-24 09:20:00,0.02038800,10.31000000
2018-02-24 09:20:00,0.02038800,0.49000000
2018-02-24 09:20:00,0.02038800,0.51000000
2018-02-24 09:20:01,0.02039700,1.46000000
2018-02-24 09:20:01,0.02039700,1.46000000
2018-02-24 09:20:01,0.02039700,0.01000000
2018-02-24 09:20:01,0.02040100,0.01000000
2018-02-24 09:20:01,0.02041200,1.45000000
2018-02-24 09:20:05,0.02040100,1.46000000
2018-02-24 09:20:05,0.02040100,1.46000000
2018-02-24 09:20:05,0.02040100,1.46000000
2018-02-24 09:20:05,0.02040100,1.46000000
2018-02-24 09:20:05,0.02040100,1.40000000
2018-02-24 09:20:05,0.02038800,1.61000000
2018-02-24 09:20:05,0.02038700,0.39000000
2018-02-24 09:20:05,0.02040100,1.46000000
2018-02-24 09:20:06,0.02040100,1.46000000
2018-02-24 09:20:06,0.02040100,1.46000000
2018-02-24 09:20:06,0.02040100,1.46000000
2018-02-24 09:20:06,0.02040100,2.15000000
2018-02-24 09:20:06,0.02040900,0.10000000
2018-02-24 09:20:06,0.02041100,1.35000000
2018-02-24 09:20:07,0.02038600,0.82000000
2018-02-24 09:20:07,0.02041100,1.04000000
2018-02-24 09:20:07,0.02041100,0.20000000
2018-02-24 09:20:08,0.02041100,0.01000000
2018-02-24 09:20:08,0.02040900,0.38000000
2018-02-24 09:20:09,0.02038900,0.10000000
2018-02-24 09:20:10,0.02038900,0.19000000
2018-02-24 09:20:10,0.02038900,0.39000000
2018-02-24 09:20:10,0.02038900,0.20000000
2018-02-24 09:20:10,0.02038900,1.12000000
2018-02-24 09:20:10,0.02038600,0.19000000
2018-02-24 09:20:13,0.02038600,2.60000000
2018-02-24 09:20:15,0.02038600,0.73000000
2018-02-24 09:20:15,0.02038600,2.23000000
2018-02-24 09:20:16,0.02038600,2.19000000
2018-02-24 09:20:16,0.02038600,0.29000000
2018-02-24 09:20:16,0.02038600,0.60000000
2018-02-24 09:20:29,0.02038900,0.01000000
2018-02-24 09:20:29,0.02040900,0.10000000
2018-02-24 09:20:29,0.02041200,1.00000000
2018-02-24 09:20:30,0.02038600,0.68000000
2018-02-24 09:20:31,0.02039200,0.38000000
2018-02-24 09:20:32,0.02039200,0.80000000
2018-02-24 09:20:32,0.02039200,3.02000000
2018-02-24 09:20:32,0.02042300,1.00000000
2018-02-24 09:20:32,0.02042300,1.12000000
2018-02-24 09:20:33,0.02039100,2.00000000
2018-02-24 09:20:33,0.02039000,1.79000000
2018-02-24 09:20:33,0.02041900,1.88000000
2018-02-24 09:20:33,0.02039000,0.64000000
2018-02-24 09:20:34,0.02038900,0.10000000
2018-02-24 09:20:34,0.02038500,1.85000000
2018-02-24 09:20:34,0.02041400,1.85000000
2018-02-24 09:20:36,0.02038500,0.15000000
2018-02-24 09:20:36,0.02038500,0.57000000
2018-02-24 09:20:36,0.02038400,3.02000000
2018-02-24 09:20:37,0.02038400,2.43000000
2018-02-24 09:20:38,0.02038400,0.64000000
2018-02-24 09:20:38,0.02038400,0.23000000
2018-02-24 09:20:39,0.02038400,2.92000000
2018-02-24 09:20:39,0.02038500,1.12000000
2018-02-24 09:20:42,0.02038400,1.97000000
2018-02-24 09:20:44,0.02038400,0.50000000
2018-02-24 09:20:44,0.02038400,0.27000000
2018-02-24 09:20:44,0.02038400,1.23000000
2018-02-24 09:20:46,0.02038400,0.50000000
2018-02-24 09:20:46,0.02038400,0.05000000
2018-02-24 09:20:47,0.02038400,0.11000000
2018-02-24 09:20:48,0.02038400,0.13000000
2018-02-24 09:20:49,0.02038400,1.20000000
2018-02-24 09:20:51,0.02038400,0.23000000
2018-02-24 09:20:53,0.02038400,7.11000000
2018-02-24 09:21:02,0.02038400,0.66000000
2018-02-24 09:21:09,0.02038400,0.53000000
2018-02-24 09:21:22,0.02038400,0.17000000
2018-02-24 09:21:25,0.02038400,0.93000000
2018-02-24 09:21:27,0.02038500,0.01000000
2018-02-24 09:21:27,0.02040600,0.70000000
2018-02-24 09:21:27,0.02038400,0.89000000
2018-02-24 09:21:28,0.02040600,1.42000000
2018-02-24 09:21:28,0.02040800,0.30000000
2018-02-24 09:21:28,0.02040900,0.10000000
2018-02-24 09:21:28,0.02041900,0.09000000
2018-02-24 09:21:30,0.02039000,1.00000000
2018-02-24 09:21:30,0.02038900,0.10000000
2018-02-24 09:21:31,0.02038900,0.18000000
2018-02-24 09:21:31,0.02041800,1.66000000
2018-02-24 09:21:32,0.02038600,0.59000000
2018-02-24 09:21:32,0.02038600,1.11000000
2018-02-24 09:21:33,0.02038400,0.87000000
2018-02-24 09:21:33,0.02040800,1.11000000
2018-02-24 09:21:33,0.02040900,0.10000000
2018-02-24 09:21:33,0.02040900,0.22000000
2018-02-24 09:21:33,0.02038400,0.22000000
2018-02-24 09:21:34,0.02038400,1.29000000
2018-02-24 09:21:34,0.02038600,0.48000000
2018-02-24 09:21:34,0.02040700,0.78000000
2018-02-24 09:21:35,0.02040700,0.70000000
2018-02-24 09:21:35,0.02040700,0.01000000
2018-02-24 09:21:38,0.02038900,0.10000000
2018-02-24 09:21:38,0.02038400,5.09000000
2018-02-24 09:21:44,0.02038400,12.17000000
2018-02-24 09:21:45,0.02038400,1.80000000
2018-02-24 09:21:46,0.02040900,0.10000000
2018-02-24 09:21:46,0.02040900,1.74000000
2018-02-24 09:21:48,0.02038900,0.10000000
2018-02-24 09:21:48,0.02038400,1.47000000
2018-02-24 09:21:49,0.02038400,1.47000000
2018-02-24 09:21:49,0.02038400,1.47000000
2018-02-24 09:21:49,0.02038400,1.47000000
2018-02-24 09:21:49,0.02038400,0.57000000
2018-02-24 09:21:53,0.02038400,0.90000000
2018-02-24 09:21:53,0.02040200,0.14000000
2018-02-24 09:21:54,0.02038400,1.47000000
2018-02-24 09:21:56,0.02038400,0.62000000
2018-02-24 09:21:57,0.02038000,1.83000000
2018-02-24 09:21:57,0.02040200,1.83000000
2018-02-24 09:21:59,0.02038000,1.83000000
2018-02-24 09:21:59,0.02040200,0.03000000
2018-02-24 09:21:59,0.02040200,1.47000000
2018-02-24 09:21:59,0.02040200,0.33000000
2018-02-24 09:22:00,0.02038000,0.99000000
2018-02-24 09:22:01,0.02038000,1.82000000
2018-02-24 09:22:01,0.02040800,1.82000000
2018-02-24 09:22:13,0.02038100,1.38000000
2018-02-24 09:22:14,0.02038100,1.00000000
2018-02-24 09:22:16,0.02038400,0.12000000
2018-02-24 09:22:16,0.02038100,1.47000000
2018-02-24 09:22:17,0.02038100,1.47000000
2018-02-24 09:22:22,0.02038100,0.06000000
2018-02-24 09:22:22,0.02038000,0.13000000
2018-02-24 09:22:24,0.02038400,0.79000000
2018-02-24 09:22:24,0.02038400,1.05000000
2018-02-24 09:22:24,0.02040100,0.79000000
2018-02-24 09:22:31,0.02040100,1.44000000
2018-02-24 09:22:36,0.02040100,0.40000000
2018-02-24 09:22:45,0.02038000,0.10000000
2018-02-24 09:22:56,0.02038000,1.47000000
2018-02-24 09:22:56,0.02038000,1.47000000
2018-02-24 09:22:56,0.02038000,1.47000000
2018-02-24 09:22:56,0.02038000,1.47000000
2018-02-24 09:22:56,0.02038000,0.87000000
2018-02-24 09:22:57,0.02038000,1.28000000
2018-02-24 09:22:57,0.02038000,0.98000000
2018-02-24 09:22:57,0.02040100,0.13000000
2018-02-24 09:23:20,0.02038000,2.92000000
2018-02-24 09:23:28,0.02040000,0.05000000
2018-02-24 09:23:47,0.02040000,1.16000000
2018-02-24 09:23:47,0.02040100,4.39000000
2018-02-24 09:23:50,0.02038000,2.46000000
2018-02-24 09:23:50,0.02040000,0.24000000
2018-02-24 09:23:58,0.02040000,0.40000000
2018-02-24 09:24:01,0.02039900,1.07000000
2018-02-24 09:24:01,0.02039900,0.12000000
2018-02-24 09:24:02,0.02038000,3.08000000
2018-02-24 09:24:02,0.02037600,0.50000000
2018-02-24 09:24:02,0.02037500,1.19000000
2018-02-24 09:24:04,0.02037500,1.82000000
2018-02-24 09:24:05,0.02040000,0.19000000
2018-02-24 09:24:05,0.02040000,1.47000000
2018-02-24 09:24:05,0.02040000,0.16000000
2018-02-24 09:24:05,0.02037500,0.16000000
2018-02-24 09:24:10,0.02037500,2.99000000
2018-02-24 09:24:12,0.02039300,0.24000000
2018-02-24 09:24:12,0.02039500,1.01000000
2018-02-24 09:24:12,0.02040000,0.74000000
2018-02-24 09:24:12,0.02040100,5.19000000
2018-02-24 09:24:13,0.02037500,1.82000000
2018-02-24 09:24:13,0.02040100,0.45000000
2018-02-24 09:24:14,0.02040100,1.12000000
2018-02-24 09:24:18,0.02040100,0.24000000
2018-02-24 09:24:18,0.02037800,1.82000000
2018-02-24 09:24:19,0.02040800,1.58000000
2018-02-24 09:24:19,0.02040800,0.24000000
2018-02-24 09:24:19,0.02040100,1.17000000
2018-02-24 09:24:21,0.02037600,0.48000000
2018-02-24 09:24:21,0.02037500,1.58000000
2018-02-24 09:24:21,0.02037600,0.81000000
2018-02-24 09:24:22,0.02037600,0.23000000
2018-02-24 09:24:24,0.02037600,0.30000000
2018-02-24 09:24:25,0.02037900,1.06000000
2018-02-24 09:24:25,0.02040900,0.10000000
2018-02-24 09:24:26,0.02040900,1.46000000
2018-02-24 09:24:26,0.02040900,0.44000000
2018-02-24 09:24:26,0.02040700,0.48000000
2018-02-24 09:24:32,0.02040100,0.50000000
2018-02-24 09:24:33,0.02040100,0.28000000
2018-02-24 09:24:33,0.02040700,0.49000000
2018-02-24 09:24:33,0.02040100,6.37000000
2018-02-24 09:24:40,0.02039000,1.47000000
2018-02-24 09:24:40,0.02039000,1.26000000
2018-02-24 09:24:40,0.02038900,0.17000000
2018-02-24 09:24:41,0.02037700,1.76000000
2018-02-24 09:24:42,0.02040100,0.09000000
2018-02-24 09:24:42,0.02040200,0.85000000
2018-02-24 09:24:42,0.02040300,0.07000000
2018-02-24 09:24:42,0.02040300,0.81000000
2018-02-24 09:24:42,0.02037800,1.00000000
2018-02-24 09:24:42,0.02037700,0.30000000
2018-02-24 09:24:43,0.02037800,0.95000000
2018-02-24 09:24:43,0.02037800,0.85000000
2018-02-24 09:24:43,0.02040600,0.31000000
2018-02-24 09:24:44,0.02037800,0.31000000
2018-02-24 09:24:44,0.02037800,1.01000000
2018-02-24 09:24:45,0.02040600,1.16000000
2018-02-24 09:24:46,0.02038100,1.16000000
2018-02-24 09:24:46,0.02038100,0.04000000
2018-02-24 09:24:46,0.02040600,0.84000000
2018-02-24 09:24:48,0.02040600,0.11000000
2018-02-24 09:24:48,0.02040600,0.35000000
2018-02-24 09:24:49,0.02040700,0.31000000
2018-02-24 09:24:49,0.02040900,1.76000000
2018-02-24 09:24:51,0.02040600,0.57000000
2018-02-24 09:24:52,0.02038000,0.69000000
2018-02-24 09:24:52,0.02038000,0.29000000
2018-02-24 09:24:52,0.02038000,0.51000000
2018-02-24 09:24:52,0.02038000,0.08000000
2018-02-24 09:24:52,0.02038000,0.16000000
2018-02-24 09:24:53,0.02038300,0.35000000
2018-02-24 09:24:53,0.02038300,0.82000000
2018-02-24 09:24:53,0.02040500,0.07000000
2018-02-24 09:24:53,0.02040600,0.20000000
2018-02-24 09:24:54,0.02040700,1.12000000
2018-02-24 09:24:55,0.02040700,0.13000000
2018-02-24 09:24:55,0.02040900,0.24000000
2018-02-24 09:24:55,0.02041700,0.24000000
2018-02-24 09:24:55,0.02041900,1.17000000
2018-02-24 09:24:56,0.02040600,0.20000000
2018-02-24 09:25:14,0.02041300,0.30000000
2018-02-24 09:25:14,0.02041900,0.52000000
2018-02-24 09:25:14,0.02041900,0.30000000
2018-02-24 09:25:17,0.02041300,0.30000000
2018-02-24 09:25:17,0.02040700,1.54000000
2018-02-24 09:25:17,0.02040600,0.24000000
2018-02-24 09:25:19,0.02040600,0.17000000
2018-02-24 09:25:20,0.02040600,0.30000000
2018-02-24 09:25:20,0.02040600,0.27000000
2018-02-24 09:25:20,0.02043000,1.36000000
2018-02-24 09:25:21,0.02041000,0.10000000
2018-02-24 09:25:21,0.02040600,1.71000000
2018-02-24 09:25:21,0.02040600,1.46000000
2018-02-24 09:25:21,0.02040600,0.29000000
2018-02-24 09:25:21,0.02040100,0.75000000
2018-02-24 09:25:21,0.02040600,0.59000000
2018-02-24 09:25:24,0.02040200,0.24000000
2018-02-24 09:25:24,0.02040200,0.83000000
2018-02-24 09:25:24,0.02040200,0.33000000
2018-02-24 09:25:28,0.02041900,0.91000000
2018-02-24 09:25:29,0.02040100,0.97000000
2018-02-24 09:25:29,0.02042900,0.07000000
2018-02-24 09:25:36,0.02043000,0.73000000
2018-02-24 09:25:40,0.02042900,0.56000000
2018-02-24 09:25:44,0.02042900,1.36000000
2018-02-24 09:25:46,0.02040000,0.98000000
2018-02-24 09:25:46,0.02040000,0.75000000
2018-02-24 09:25:46,0.02040900,0.39000000
2018-02-24 09:25:46,0.02043000,0.11000000
2018-02-24 09:25:46,0.02043000,0.07000000
2018-02-24 09:25:46,0.02043000,0.11000000
2018-02-24 09:25:47,0.02043000,0.07000000
2018-02-24 09:25:48,0.02043000,1.04000000
2018-02-24 09:26:00,0.02041200,0.10000000
2018-02-24 09:26:09,0.02041200,0.87000000
2018-02-24 09:26:28,0.02041000,0.10000000
2018-02-24 09:26:28,0.02040300,0.40000000
2018-02-24 09:26:29,0.02040300,0.02000000
2018-02-24 09:26:40,0.02040400,4.25000000
2018-02-24 09:26:47,0.02041200,1.46000000
2018-02-24 09:26:47,0.02041200,1.09000000
2018-02-24 09:26:49,0.02040400,0.11000000
2018-02-24 09:26:50,0.02040400,0.53000000
2018-02-24 09:26:50,0.02040400,1.14000000
2018-02-24 09:26:51,0.02040300,0.84000000
2018-02-24 09:26:51,0.02041200,1.35000000
2018-02-24 09:26:51,0.02042800,1.16000000
2018-02-24 09:26:52,0.02042900,0.15000000
2018-02-24 09:26:53,0.02042800,0.23000000
2018-02-24 09:26:54,0.02042900,2.52000000
2018-02-24 09:26:54,0.02042800,0.62000000
2018-02-24 09:26:55,0.02040400,0.16000000
2018-02-24 09:26:55,0.02040400,1.46000000
2018-02-24 09:26:55,0.02040400,0.10000000
2018-02-24 09:26:55,0.02042900,0.52000000
2018-02-24 09:26:56,0.02040400,0.07000000
2018-02-24 09:26:56,0.02040400,0.82000000
2018-02-24 09:26:56,0.02042900,0.50000000
2018-02-24 09:26:56,0.02040200,0.42000000
2018-02-24 09:26:57,0.02040400,1.00000000
2018-02-24 09:26:57,0.02040400,0.22000000
2018-02-24 09:26:59,0.02042800,0.07000000
2018-02-24 09:26:59,0.02042900,0.44000000
2018-02-24 09:26:59,0.02042900,0.08000000
2018-02-24 09:26:59,0.02042900,1.01000000
2018-02-24 09:26:59,0.02043000,1.46000000
2018-02-24 09:26:59,0.02043000,1.46000000
2018-02-24 09:26:59,0.02043000,1.46000000
2018-02-24 09:26:59,0.02043000,2.42000000
2018-02-24 09:26:59,0.02043000,0.25000000
2018-02-24 09:26:59,0.02043100,0.06000000
2018-02-24 09:26:59,0.02040600,1.04000000
2018-02-24 09:27:01,0.02044300,0.12000000
2018-02-24 09:27:01,0.02044900,0.97000000
2018-02-24 09:27:01,0.02045000,0.28000000
2018-02-24 09:27:01,0.02045500,0.88000000
2018-02-24 09:27:02,0.02043000,0.26000000
2018-02-24 09:27:02,0.02044100,1.04000000
2018-02-24 09:27:02,0.02045500,0.64000000
2018-02-24 09:27:03,0.02043000,0.23000000
2018-02-24 09:27:03,0.02043000,0.06000000
2018-02-24 09:27:03,0.02043000,0.89000000
2018-02-24 09:27:03,0.02043000,0.57000000
2018-02-24 09:27:03,0.02045400,0.16000000
2018-02-24 09:27:05,0.02042100,0.93000000
2018-02-24 09:27:06,0.02045000,0.10000000
2018-02-24 09:27:06,0.02045500,1.87000000
2018-02-24 09:27:07,0.02043000,0.10000000
2018-02-24 09:27:07,0.02042600,0.32000000
2018-02-24 09:27:07,0.02042500,0.97000000
2018-02-24 09:27:07,0.02042400,0.32000000
2018-02-24 09:27:07,0.02045500,1.53000000
2018-02-24 09:27:09,0.02042100,1.38000000
2018-02-24 09:27:09,0.02042000,0.20000000
2018-02-24 09:27:09,0.02045300,0.62000000
2018-02-24 09:27:10,0.02042300,0.86000000
2018-02-24 09:27:11,0.02044700,0.20000000
2018-02-24 09:27:11,0.02044800,0.31000000
2018-02-24 09:27:12,0.02044800,0.38000000
2018-02-24 09:27:13,0.02045000,0.37000000
2018-02-24 09:27:15,0.02044900,0.96000000
2018-02-24 09:27:17,0.02044800,0.38000000
2018-02-24 09:27:17,0.02044900,0.01000000
2018-02-24 09:27:17,0.02045000,0.26000000
2018-02-24 09:27:17,0.02045000,0.38000000
2018-02-24 09:27:17,0.02045500,0.77000000
2018-02-24 09:27:18,0.02045500,1.46000000
2018-02-24 09:27:18,0.02045500,1.46000000
2018-02-24 09:27:18,0.02045500,1.46000000
2018-02-24 09:27:18,0.02045500,0.01000000
2018-02-24 09:27:18,0.02045500,0.11000000
2018-02-24 09:27:20,0.02046400,0.25000000
2018-02-24 09:27:24,0.02045500,0.10000000
2018-02-24 09:27:26,0.02046500,0.44000000
2018-02-24 09:27:26,0.02046600,1.05000000
2018-02-24 09:27:28,0.02045500,0.10000000
2018-02-24 09:27:34,0.02045500,0.23000000
2018-02-24 09:27:35,0.02045500,0.18000000
2018-02-24 09:27:35,0.02044800,0.07000000
2018-02-24 09:27:35,0.02043300,1.46000000
2018-02-24 09:27:35,0.02043300,1.46000000
2018-02-24 09:27:35,0.02043300,1.46000000
2018-02-24 09:27:36,0.02043300,1.46000000
2018-02-24 09:27:36,0.02043300,1.46000000
2018-02-24 09:27:36,0.02043300,0.09000000
2018-02-24 09:27:36,0.02043400,0.09000000
2018-02-24 09:27:36,0.02043400,3.29000000
2018-02-24 09:27:36,0.02043400,0.01000000
2018-02-24 09:27:36,0.02043000,0.34000000
2018-02-24 09:27:39,0.02042400,0.06000000
2018-02-24 09:27:39,0.02042400,1.02000000
2018-02-24 09:27:41,0.02041900,3.66000000
2018-02-24 09:27:41,0.02041900,3.42000000
2018-02-24 09:27:42,0.02041100,0.44000000
2018-02-24 09:27:45,0.02041100,0.54000000
2018-02-24 09:27:45,0.02041000,1.46000000
2018-02-24 09:27:45,0.02041000,0.30000000
2018-02-24 09:27:46,0.02041000,0.16000000
2018-02-24 09:27:47,0.02041100,0.98000000
2018-02-24 09:27:47,0.02041000,2.21000000
2018-02-24 09:27:48,0.02041000,0.24000000
2018-02-24 09:27:48,0.02041000,1.19000000
2018-02-24 09:27:49,0.02041000,0.31000000
2018-02-24 09:27:49,0.02041000,0.72000000
2018-02-24 09:27:49,0.02041000,5.51000000
2018-02-24 09:27:49,0.02041000,30.24000000
2018-02-24 09:27:49,0.02041200,2.42000000
2018-02-24 09:27:49,0.02042100,0.44000000
2018-02-24 09:27:49,0.02042400,0.14000000
2018-02-24 09:27:49,0.02043000,0.05000000
2018-02-24 09:27:49,0.02041000,0.31000000
2018-02-24 09:27:49,0.02043000,0.05000000
2018-02-24 09:27:49,0.02045000,0.10000000
2018-02-24 09:27:49,0.02046300,0.51000000
2018-02-24 09:27:51,0.02043000,0.10000000
2018-02-24 09:27:51,0.02041000,0.97000000
2018-02-24 09:27:51,0.02046000,0.46000000
2018-02-24 09:27:51,0.02046100,1.47000000
2018-02-24 09:27:53,0.02041900,1.70000000
2018-02-24 09:27:53,0.02045900,0.24000000
2018-02-24 09:27:53,0.02046000,1.51000000
2018-02-24 09:27:55,0.02042300,0.44000000
2018-02-24 09:27:55,0.02042100,0.29000000
2018-02-24 09:27:55,0.02042100,0.29000000
2018-02-24 09:27:55,0.02042100,2.08000000
2018-02-24 09:27:55,0.02042100,0.01000000
2018-02-24 09:27:55,0.02041700,0.29000000
2018-02-24 09:27:55,0.02042300,1.16000000
2018-02-24 09:27:55,0.02042300,0.14000000
2018-02-24 09:27:57,0.02042000,0.68000000
2018-02-24 09:27:57,0.02041900,0.09000000
2018-02-24 09:27:57,0.02045000,0.10000000
2018-02-24 09:27:57,0.02045000,1.10000000
2018-02-24 09:27:57,0.02045000,0.63000000
2018-02-24 09:27:59,0.02043100,1.00000000
2018-02-24 09:27:59,0.02043000,0.10000000
2018-02-24 09:27:59,0.02043000,0.53000000
2018-02-24 09:27:59,0.02046700,1.00000000
2018-02-24 09:28:00,0.02046700,0.76000000
2018-02-24 09:28:01,0.02042100,0.44000000
2018-02-24 09:28:01,0.02042100,1.29000000
2018-02-24 09:28:01,0.02044800,0.53000000
2018-02-24 09:28:02,0.02044800,0.23000000
2018-02-24 09:28:10,0.02044800,0.01000000
2018-02-24 09:28:11,0.02042100,0.94000000
2018-02-24 09:28:11,0.02042100,0.01000000
2018-02-24 09:28:11,0.02042100,1.00000000
2018-02-24 09:28:12,0.02044400,1.17000000
2018-02-24 09:28:12,0.02044400,0.75000000
2018-02-24 09:28:12,0.02041100,2.42000000
2018-02-24 09:28:12,0.02041000,0.10000000
2018-02-24 09:28:12,0.02040900,0.24000000
2018-02-24 09:28:12,0.02040200,0.02000000
2018-02-24 09:28:13,0.02040800,1.00000000
2018-02-24 09:28:13,0.02040700,0.68000000
2018-02-24 09:28:13,0.02043000,0.10000000
2018-02-24 09:28:13,0.02044200,1.63000000
2018-02-24 09:28:15,0.02041300,1.72000000
2018-02-24 09:28:15,0.02044200,1.73000000
2018-02-24 09:28:16,0.02041400,1.73000000
2018-02-24 09:28:16,0.02044200,0.43000000
2018-02-24 09:28:16,0.02041400,0.75000000
2018-02-24 09:28:16,0.02043900,0.73000000
2018-02-24 09:28:16,0.02044000,0.67000000
2018-02-24 09:28:18,0.02041400,1.24000000
2018-02-24 09:28:18,0.02043800,0.27000000
2018-02-24 09:28:18,0.02043900,0.63000000
2018-02-24 09:28:18,0.02044000,0.01000000
2018-02-24 09:28:20,0.02041000,0.10000000
2018-02-24 09:28:20,0.02041000,0.89000000
2018-02-24 09:28:20,0.02043600,0.34000000
2018-02-24 09:28:20,0.02040800,0.48000000
2018-02-24 09:28:20,0.02040800,0.89000000
2018-02-24 09:28:20,0.02040800,0.35000000
2018-02-24 09:28:25,0.02040200,1.17000000
2018-02-24 09:28:25,0.02042900,0.63000000
2018-02-24 09:28:25,0.02043000,0.10000000
2018-02-24 09:28:26,0.02043100,0.10000000
2018-02-24 09:28:34,0.02043000,0.11000000
2018-02-24 09:28:41,0.02043500,0.59000000
2018-02-24 09:28:47,0.02043000,0.13000000
2018-02-24 09:28:47,0.02043000,0.01000000
2018-02-24 09:28:47,0.02041100,0.97000000
2018-02-24 09:28:47,0.02041000,0.05000000
2018-02-24 09:28:47,0.02041000,0.23000000
2018-02-24 09:28:47,0.02040200,0.80000000
2018-02-24 09:28:47,0.02040200,1.03000000
2018-02-24 09:28:49,0.02040200,1.03000000
2018-02-24 09:28:49,0.02043000,1.88000000
2018-02-24 09:28:49,0.02040200,0.53000000
2018-02-24 09:28:50,0.02040100,1.47000000
2018-02-24 09:28:51,0.02040100,1.11000000
2018-02-24 09:28:51,0.02040100,0.51000000
2018-02-24 09:28:52,0.02040100,0.86000000
2018-02-24 09:28:58,0.02040100,0.29000000
2018-02-24 09:28:58,0.02043000,1.61000000
2018-02-24 09:28:59,0.02040300,1.03000000
2018-02-24 09:28:59,0.02040300,0.03000000
2018-02-24 09:28:59,0.02043000,1.18000000
2018-02-24 09:28:59,0.02043000,0.64000000
2018-02-24 09:29:04,0.02041000,0.10000000
2018-02-24 09:29:04,0.02040100,0.97000000
2018-02-24 09:29:04,0.02040000,0.60000000
2018-02-24 09:29:04,0.02039000,0.95000000
2018-02-24 09:29:10,0.02041100,1.32000000
2018-02-24 09:29:10,0.02041000,1.82000000
2018-02-24 09:29:10,0.02041000,4.98000000
2018-02-24 09:29:10,0.02041000,0.05000000
2018-02-24 09:29:11,0.02041000,0.95000000
2018-02-24 09:29:12,0.02041100,1.19000000
2018-02-24 09:29:13,0.02041100,0.13000000
2018-02-24 09:29:20,0.02042800,0.98000000
2018-02-24 09:29:20,0.02043000,0.10000000
2018-02-24 09:29:20,0.02043100,1.20000000
2018-02-24 09:29:20,0.02044100,0.12000000
2018-02-24 09:29:22,0.02041300,6.14000000
2018-02-24 09:29:22,0.02041300,1.18000000
2018-02-24 09:29:22,0.02041100,0.47000000
2018-02-24 09:29:22,0.02044300,1.00000000
2018-02-24 09:29:23,0.02044300,0.71000000
2018-02-24 09:29:24,0.02041300,1.53000000
2018-02-24 09:29:24,0.02041100,1.58000000
2018-02-24 09:29:25,0.02041000,1.00000000
2018-02-24 09:29:26,0.02041100,4.54000000
2018-02-24 09:29:28,0.02041000,0.06000000
2018-02-24 09:29:28,0.02041100,0.48000000
2018-02-24 09:29:28,0.02041000,0.81000000
2018-02-24 09:29:34,0.02041000,2.07000000
2018-02-24 09:29:36,0.02041000,0.42000000
2018-02-24 09:29:38,0.02041000,0.48000000
2018-02-24 09:29:40,0.02039000,1.61000000
2018-02-24 09:29:41,0.02041300,1.60000000
2018-02-24 09:29:43,0.02039900,1.73000000
2018-02-24 09:29:43,0.02042900,1.00000000
2018-02-24 09:29:43,0.02042900,0.68000000
2018-02-24 09:29:43,0.02042900,0.01000000
2018-02-24 09:29:45,0.02039800,1.70000000
2018-02-24 09:29:45,0.02042800,0.42000000
2018-02-24 09:29:46,0.02039300,0.30000000
2018-02-24 09:29:46,0.02039200,0.43000000
2018-02-24 09:29:46,0.02042500,1.31000000
2018-02-24 09:29:46,0.02042800,0.30000000
2018-02-24 09:29:52,0.02041100,0.93000000
2018-02-24 09:29:52,0.02041100,0.90000000
2018-02-24 09:29:53,0.02041100,0.90000000
2018-02-24 09:30:05,0.02041200,0.12000000
2018-02-24 09:30:05,0.02042100,0.43000000
2018-02-24 09:30:07,0.02042100,1.27000000
2018-02-24 09:30:12,0.02041200,0.29000000
2018-02-24 09:30:12,0.02041100,1.00000000
2018-02-24 09:30:12,0.02041200,10.01000000
2018-02-24 09:30:12,0.02041200,3.47000000
2018-02-24 09:30:13,0.02043000,0.40000000
2018-02-24 09:30:13,0.02044100,0.97000000
2018-02-24 09:30:13,0.02044300,0.71000000
2018-02-24 09:30:13,0.02044400,0.45000000
2018-02-24 09:30:13,0.02044800,0.17000000
2018-02-24 09:30:13,0.02045000,0.10000000
2018-02-24 09:30:13,0.02046700,0.68000000
2018-02-24 09:30:13,0.02046800,0.97000000
2018-02-24 09:30:13,0.02047000,0.44000000
2018-02-24 09:30:14,0.02041800,1.39000000
2018-02-24 09:30:14,0.02042600,0.72000000
2018-02-24 09:30:14,0.02041800,0.22000000
2018-02-24 09:30:14,0.02042500,0.10000000
2018-02-24 09:30:18,0.02041600,0.97000000
2018-02-24 09:30:18,0.02041300,4.19000000
2018-02-24 09:30:18,0.02041300,7.66000000
2018-02-24 09:30:28,0.02041200,1.51000000
2018-02-24 09:30:29,0.02041100,0.07000000
2018-02-24 09:30:29,0.02041000,0.19000000
2018-02-24 09:30:30,0.02041000,0.07000000
2018-02-24 09:30:30,0.02040500,0.18000000
2018-02-24 09:30:30,0.02038900,0.05000000
2018-02-24 09:30:30,0.02038900,0.05000000
2018-02-24 09:30:30,0.02038300,0.02000000
2018-02-24 09:30:32,0.02038400,0.89000000
2018-02-24 09:30:32,0.02041100,1.00000000
2018-02-24 09:30:32,0.02041200,0.07000000
2018-02-24 09:30:33,0.02041200,0.10000000
2018-02-24 09:30:41,0.02041300,3.18000000
2018-02-24 09:30:44,0.02042600,0.08000000
2018-02-24 09:30:44,0.02042600,1.46000000
2018-02-24 09:30:44,0.02042600,0.20000000
2018-02-24 09:30:44,0.02042700,1.46000000
2018-02-24 09:30:51,0.02042700,0.08000000
2018-02-24 09:31:15,0.02043000,0.59000000
2018-02-24 09:31:15,0.02041700,0.35000000
2018-02-24 09:31:15,0.02044900,0.97000000
2018-02-24 09:31:17,0.02044900,0.37000000
2018-02-24 09:31:22,0.02044900,0.68000000
2018-02-24 09:31:22,0.02042700,4.30000000
2018-02-24 09:31:22,0.02042700,0.01000000
2018-02-24 09:31:23,0.02042400,1.04000000
2018-02-24 09:31:24,0.02042400,0.56000000
2018-02-24 09:31:24,0.02045000,0.10000000
2018-02-24 09:31:26,0.02045000,0.50000000
2018-02-24 09:31:26,0.02045000,0.17000000
2018-02-24 09:31:26,0.02045000,0.51000000
2018-02-24 09:31:28,0.02043900,1.36000000
2018-02-24 09:31:28,0.02046900,1.36000000
2018-02-24 09:31:28,0.02046900,0.40000000
2018-02-24 09:31:29,0.02043900,5.96000000
2018-02-24 09:31:29,0.02043700,2.41000000
2018-02-24 09:31:29,0.02043000,0.10000000
2018-02-24 09:31:29,0.02042700,1.52000000
2018-02-24 09:31:29,0.02041900,1.05000000
2018-02-24 09:31:30,0.02041500,1.11000000
2018-02-24 09:31:30,0.02041400,0.55000000
2018-02-24 09:31:30,0.02044800,1.68000000
2018-02-24 09:31:31,0.02041400,1.45000000
2018-02-24 09:31:31,0.02041400,0.22000000
2018-02-24 09:31:31,0.02044500,0.42000000
2018-02-24 09:31:33,0.02041500,0.73000000
2018-02-24 09:31:33,0.02044100,1.36000000
2018-02-24 09:31:34,0.02041500,1.20000000
2018-02-24 09:31:34,0.02043600,1.78000000
2018-02-24 09:31:38,0.02043000,1.46000000
2018-02-24 09:31:38,0.02043000,1.46000000
2018-02-24 09:31:38,0.02043000,0.52000000
2018-02-24 09:31:38,0.02043200,1.46000000
2018-02-24 09:31:38,0.02043000,0.52000000
2018-02-24 09:31:38,0.02043200,0.95000000
2018-02-24 09:31:41,0.02043100,0.36000000
2018-02-24 09:31:41,0.02043000,1.46000000
2018-02-24 09:31:41,0.02041700,0.57000000
2018-02-24 09:31:42,0.02041900,1.64000000
2018-02-24 09:31:43,0.02044900,0.57000000
2018-02-24 09:31:43,0.02045000,0.10000000
2018-02-24 09:31:43,0.02045000,0.10000000
2018-02-24 09:31:43,0.02045000,0.11000000
2018-02-24 09:31:44,0.02045000,0.79000000
2018-02-24 09:31:44,0.02041300,0.21000000
2018-02-24 09:31:53,0.02043000,0.10000000
2018-02-24 09:31:55,0.02041300,0.46000000
2018-02-24 09:32:11,0.02043000,1.54000000
2018-02-24 09:32:11,0.02045000,0.10000000
2018-02-24 09:32:11,0.02046300,0.97000000
2018-02-24 09:32:11,0.02046400,1.05000000
2018-02-24 09:32:11,0.02046700,1.34000000
2018-02-24 09:32:13,0.02043000,0.10000000
2018-02-24 09:32:13,0.02042100,1.56000000
2018-02-24 09:32:13,0.02045000,0.05000000
2018-02-24 09:32:13,0.02045000,1.46000000
2018-02-24 09:32:13,0.02045000,0.15000000
2018-02-24 09:32:15,0.02042300,0.41000000
2018-02-24 09:32:16,0.02042300,1.25000000
2018-02-24 09:32:16,0.02044600,1.56000000
2018-02-24 09:32:16,0.02044700,1.93000000
2018-02-24 09:32:16,0.02045000,0.25000000
2018-02-24 09:32:16,0.02046700,0.66000000
2018-02-24 09:32:16,0.02046800,0.30000000
2018-02-24 09:32:17,0.02043000,0.10000000
2018-02-24 09:32:17,0.02042500,0.24000000
2018-02-24 09:32:17,0.02042400,0.38000000
2018-02-24 09:32:18,0.02046600,1.00000000
2018-02-24 09:32:18,0.02046700,0.89000000
2018-02-24 09:32:19,0.02043200,1.60000000
2018-02-24 09:32:19,0.02046600,0.38000000
2018-02-24 09:32:19,0.02046700,1.29000000
2018-02-24 09:32:19,0.02046700,1.99000000
2018-02-24 09:32:19,0.02043300,2.00000000
2018-02-24 09:32:19,0.02042800,0.97000000
2018-02-24 09:32:19,0.02042500,7.70000000
2018-02-24 09:32:20,0.02043200,0.41000000
2018-02-24 09:32:20,0.02043200,1.23000000
2018-02-24 09:32:21,0.02042600,0.10000000
2018-02-24 09:32:21,0.02043300,0.25000000
2018-02-24 09:32:22,0.02043000,2.89000000
2018-02-24 09:32:22,0.02043000,0.44000000
2018-02-24 09:32:22,0.02043000,0.44000000
2018-02-24 09:32:24,0.02043000,2.89000000
2018-02-24 09:32:24,0.02043000,2.10000000
2018-02-24 09:32:24,0.02043000,0.62000000
2018-02-24 09:32:25,0.02043000,0.62000000
2018-02-24 09:32:26,0.02043000,0.92000000
2018-02-24 09:32:27,0.02043100,0.25000000
2018-02-24 09:32:28,0.02043000,13.95000000
2018-02-24 09:32:28,0.02042500,35.14000000
2018-02-24 09:32:32,0.02042500,9.52000000
2018-02-24 09:32:34,0.02042500,14.61000000
2018-02-24 09:32:38,0.02043100,0.29000000
2018-02-24 09:32:43,0.02042500,1.46000000
2018-02-24 09:32:43,0.02042500,2.90000000
2018-02-24 09:32:43,0.02042500,1.46000000
2018-02-24 09:32:43,0.02042500,1.46000000
2018-02-24 09:32:43,0.02042500,2.90000000
2018-02-24 09:32:43,0.02042500,1.46000000
2018-02-24 09:32:44,0.02042500,1.46000000
2018-02-24 09:32:44,0.02042500,1.84000000
2018-02-24 09:32:44,0.02041900,1.06000000
2018-02-24 09:32:46,0.02041900,0.51000000
2018-02-24 09:32:46,0.02041800,0.48000000
2018-02-24 09:32:50,0.02041300,0.05000000
2018-02-24 09:32:53,0.02042000,0.97000000
2018-02-24 09:32:55,0.02041400,0.25000000
2018-02-24 09:32:55,0.02041300,0.24000000
2018-02-24 09:32:56,0.02041300,0.08000000
2018-02-24 09:32:56,0.02041300,0.11000000
2018-02-24 09:32:57,0.02041300,0.22000000
2018-02-24 09:32:57,0.02041300,0.25000000
2018-02-24 09:33:02,0.02041700,0.48000000
2018-02-24 09:33:02,0.02041500,0.12000000
2018-02-24 09:33:06,0.02041500,0.38000000
2018-02-24 09:33:06,0.02041400,0.46000000
2018-02-24 09:33:06,0.02041600,3.64000000
2018-02-24 09:33:08,0.02041600,1.18000000
2018-02-24 09:33:08,0.02042500,1.06000000
2018-02-24 09:33:08,0.02043200,0.11000000
2018-02-24 09:33:32,0.02041700,0.07000000
2018-02-24 09:33:34,0.02041700,0.05000000
2018-02-24 09:33:42,0.02041700,0.06000000
2018-02-24 09:33:42,0.02041300,1.35000000
2018-02-24 09:33:42,0.02041000,0.35000000
2018-02-24 09:33:42,0.02040500,0.59000000
2018-02-24 09:33:42,0.02040500,0.72000000
2018-02-24 09:33:42,0.02042800,0.86000000
2018-02-24 09:33:42,0.02042900,0.96000000
2018-02-24 09:33:49,0.02042900,0.06000000
2018-02-24 09:33:50,0.02040500,0.11000000
2018-02-24 09:33:50,0.02040500,1.46000000
2018-02-24 09:33:50,0.02040500,0.02000000
2018-02-24 09:33:50,0.02042900,0.51000000
2018-02-24 09:33:54,0.02043000,0.20000000
2018-02-24 09:33:56,0.02043000,0.05000000
2018-02-24 09:33:56,0.02042900,0.02000000
2018-02-24 09:33:56,0.02041500,0.92000000
2018-02-24 09:34:08,0.02043100,1.67000000
2018-02-24 09:34:08,0.02043100,1.00000000
2018-02-24 09:34:08,0.02043100,0.33000000
2018-02-24 09:34:10,0.02043200,0.23000000
2018-02-24 09:34:10,0.02043200,0.11000000
2018-02-24 09:34:11,0.02043200,24.42000000
2018-02-24 09:34:13,0.02043200,1.55000000
2018-02-24 09:34:13,0.02043300,0.25000000
2018-02-24 09:34:15,0.02042100,0.81000000
2018-02-24 09:34:15,0.02045000,0.28000000
2018-02-24 09:34:17,0.02045000,1.46000000
2018-02-24 09:34:17,0.02045000,0.11000000
2018-02-24 09:34:21,0.02044800,0.81000000
2018-02-24 09:34:21,0.02045000,1.46000000
2018-02-24 09:34:27,0.02045000,0.10000000
2018-02-24 09:34:28,0.02045000,0.30000000
2018-02-24 09:34:29,0.02045000,0.16000000
2018-02-24 09:34:31,0.02045000,0.10000000
2018-02-24 09:34:31,0.02045000,4.99000000
2018-02-24 09:34:34,0.02045000,0.10000000
2018-02-24 09:34:37,0.02045000,0.10000000
2018-02-24 09:34:40,0.02045000,0.10000000
2018-02-24 09:34:41,0.02045000,0.89000000
2018-02-24 09:34:42,0.02043000,0.10000000
2018-02-24 09:34:42,0.02043000,0.46000000
2018-02-24 09:34:42,0.02043000,1.03000000
2018-02-24 09:34:43,0.02045300,0.22000000
2018-02-24 09:34:43,0.02046000,0.16000000
2018-02-24 09:34:43,0.02046700,0.59000000
2018-02-24 09:34:44,0.02043500,0.74000000
2018-02-24 09:34:44,0.02046600,1.01000000
2018-02-24 09:34:44,0.02046700,0.30000000
2018-02-24 09:34:47,0.02044800,0.74000000
2018-02-24 09:34:47,0.02045000,0.06000000
2018-02-24 09:34:48,0.02045000,1.00000000
2018-02-24 09:35:10,0.02045000,0.05000000
2018-02-24 09:35:13,0.02043600,0.97000000
2018-02-24 09:35:13,0.02043000,1.59000000
2018-02-24 09:35:13,0.02043600,0.97000000
2018-02-24 09:35:14,0.02041600,1.00000000
2018-02-24 09:35:14,0.02041500,0.17000000
2018-02-24 09:35:14,0.02044900,0.88000000
2018-02-24 09:35:16,0.02042000,0.94000000
2018-02-24 09:35:16,0.02042000,0.01000000
2018-02-24 09:35:16,0.02044400,0.17000000
2018-02-24 09:35:16,0.02044600,1.12000000
2018-02-24 09:35:16,0.02044900,0.97000000
2018-02-24 09:35:18,0.02045000,0.11000000
2018-02-24 09:35:19,0.02044700,0.20000000
2018-02-24 09:35:22,0.02044700,0.20000000
2018-02-24 09:35:24,0.02044700,0.11000000
2018-02-24 09:35:26,0.02042200,0.45000000
2018-02-24 09:35:27,0.02042200,1.00000000
2018-02-24 09:35:35,0.02042200,0.14000000
2018-02-24 09:35:35,0.02044700,0.09000000
2018-02-24 09:35:35,0.02044700,0.25000000
2018-02-24 09:35:36,0.02044700,0.12000000
2018-02-24 09:35:40,0.02044700,0.29000000
2018-02-24 09:35:40,0.02044700,1.02000000
2018-02-24 09:35:42,0.02041900,0.73000000
2018-02-24 09:35:42,0.02044700,1.85000000
2018-02-24 09:35:50,0.02042100,0.19000000
2018-02-24 09:35:51,0.02042200,0.25000000
2018-02-24 09:35:52,0.02042100,1.46000000
2018-02-24 09:35:52,0.02042100,1.46000000
2018-02-24 09:35:52,0.02042100,0.18000000
2018-02-24 09:35:52,0.02042100,0.59000000
2018-02-24 09:35:53,0.02042100,0.42000000
2018-02-24 09:35:53,0.02041900,0.56000000
2018-02-24 09:35:53,0.02042100,1.18000000
2018-02-24 09:35:53,0.02044600,0.06000000
2018-02-24 09:36:01,0.02041600,0.19000000
2018-02-24 09:36:02,0.02043900,0.19000000
2018-02-24 09:36:02,0.02044000,0.91000000
2018-02-24 09:36:02,0.02044600,1.00000000
2018-02-24 09:36:02,0.02044700,2.54000000
2018-02-24 09:36:02,0.02044700,1.46000000
2018-02-24 09:36:02,0.02044700,0.17000000
2018-02-24 09:36:03,0.02045000,1.46000000
2018-02-24 09:36:03,0.02045000,1.46000000
2018-02-24 09:36:03,0.02044700,0.17000000
2018-02-24 09:36:07,0.02044000,0.80000000
2018-02-24 09:36:08,0.02044000,0.11000000
2018-02-24 09:36:11,0.02042200,1.04000000
2018-02-24 09:36:17,0.02042200,0.41000000
2018-02-24 09:36:42,0.02042200,0.55000000
2018-02-24 09:36:42,0.02042100,0.25000000
2018-02-24 09:36:42,0.02042100,0.72000000
2018-02-24 09:36:42,0.02042000,0.14000000
2018-02-24 09:36:43,0.02041000,0.10000000
2018-02-24 09:36:43,0.02040500,0.18000000
2018-02-24 09:36:43,0.02040400,2.00000000
2018-02-24 09:36:43,0.02040300,3.00000000
2018-02-24 09:36:43,0.02040000,4.31000000
2018-02-24 09:36:49,0.02040000,2.10000000
2018-02-24 09:36:50,0.02042000,0.08000000
2018-02-24 09:36:55,0.02040000,3.59000000
2018-02-24 09:36:55,0.02039000,17.40000000
2018-02-24 09:37:02,0.02041200,1.00000000
2018-02-24 09:37:02,0.02041200,0.96000000
2018-02-24 09:37:05,0.02041100,0.22000000
2018-02-24 09:37:11,0.02041200,1.46000000
2018-02-24 09:37:11,0.02041200,1.46000000
2018-02-24 09:37:11,0.02041200,0.08000000
2018-02-24 09:37:17,0.02039500,0.04000000
2018-02-24 09:37:24,0.02041200,1.46000000
2018-02-24 09:37:24,0.02041200,0.55000000
2018-02-24 09:37:24,0.02041300,1.46000000
2018-02-24 09:37:25,0.02041300,1.27000000
2018-02-24 09:37:25,0.02041300,1.46000000
2018-02-24 09:37:25,0.02041300,1.16000000
2018-02-24 09:37:25,0.02041300,1.46000000
2018-02-24 09:37:25,0.02041300,1.46000000
2018-02-24 09:37:25,0.02041300,1.46000000
2018-02-24 09:37:25,0.02041300,1.46000000
2018-02-24 09:37:25,0.02041300,6.20000000
2018-02-24 09:37:27,0.02041500,5.04000000
2018-02-24 09:37:28,0.02042100,0.25000000
2018-02-24 09:37:28,0.02043000,0.10000000
2018-02-24 09:37:28,0.02044100,0.13000000
2018-02-24 09:37:30,0.02041000,0.10000000
2018-02-24 09:37:30,0.02040900,0.15000000
2018-02-24 09:37:33,0.02042800,0.14000000
2018-02-24 09:37:44,0.02041200,0.97000000
2018-02-24 09:37:44,0.02041100,0.25000000
2018-02-24 09:37:44,0.02041000,0.97000000
2018-02-24 09:37:44,0.02039300,2.42000000
2018-02-24 09:37:44,0.02039000,3.00000000
2018-02-24 09:37:44,0.02038900,11.55000000
2018-02-24 09:37:46,0.02038900,0.75000000
2018-02-24 09:37:46,0.02042600,0.77000000
2018-02-24 09:37:46,0.02040900,0.07000000
2018-02-24 09:37:46,0.02040900,0.03000000
2018-02-24 09:37:46,0.02042600,1.15000000
2018-02-24 09:37:46,0.02039100,0.49000000
2018-02-24 09:37:53,0.02042300,0.20000000
2018-02-24 09:37:53,0.02042000,0.30000000
2018-02-24 09:37:54,0.02042200,1.50000000
2018-02-24 09:37:54,0.02042900,0.23000000
2018-02-24 09:37:59,0.02040900,0.11000000
2018-02-24 09:38:00,0.02040900,0.31000000
2018-02-24 09:38:06,0.02040900,0.07000000
2018-02-24 09:38:06,0.02042800,0.97000000
2018-02-24 09:38:06,0.02042900,0.68000000
2018-02-24 09:38:26,0.02042900,0.23000000
2018-02-24 09:38:27,0.02040800,1.00000000
2018-02-24 09:38:27,0.02039700,2.42000000
2018-02-24 09:38:27,0.02039400,12.73000000
2018-02-24 09:38:27,0.02039200,0.97000000
2018-02-24 09:38:27,0.02038900,0.49000000
2018-02-24 09:38:27,0.02038100,0.07000000
2018-02-24 09:38:27,0.02038000,0.26000000
2018-02-24 09:38:27,0.02037600,2.00000000
2018-02-24 09:38:27,0.02037500,23.10000000
2018-02-24 09:38:27,0.02039800,1.00000000
2018-02-24 09:38:27,0.02039700,1.46000000
2018-02-24 09:38:27,0.02039700,0.54000000
2018-02-24 09:38:28,0.02038000,0.28000000
2018-02-24 09:38:28,0.02042600,0.05000000
2018-02-24 09:38:28,0.02038000,0.08000000
2018-02-24 09:38:31,0.02040600,0.48000000
2018-02-24 09:38:31,0.02038100,0.75000000
2018-02-24 09:38:34,0.02038200,0.25000000
2018-02-24 09:38:34,0.02038000,0.82000000
2018-02-24 09:38:37,0.02038000,0.95000000
2018-02-24 09:38:38,0.02038600,0.36000000
2018-02-24 09:38:38,0.02038800,1.94000000
2018-02-24 09:38:38,0.02040300,0.97000000
2018-02-24 09:38:38,0.02040900,0.10000000
2018-02-24 09:38:38,0.02042100,0.07000000
2018-02-24 09:38:38,0.02042800,2.29000000
2018-02-24 09:38:38,0.02042900,0.19000000
2018-02-24 09:38:38,0.02038100,0.97000000
2018-02-24 09:38:38,0.02038000,0.97000000
2018-02-24 09:38:39,0.02038200,1.47000000
2018-02-24 09:38:39,0.02038200,1.47000000
2018-02-24 09:38:40,0.02038900,0.10000000
2018-02-24 09:38:40,0.02038200,0.48000000
2018-02-24 09:38:40,0.02038500,1.00000000
2018-02-24 09:38:40,0.02038500,1.47000000
2018-02-24 09:38:40,0.02038500,1.47000000
2018-02-24 09:38:40,0.02038500,0.46000000
2018-02-24 09:38:41,0.02038400,0.14000000
2018-02-24 09:38:43,0.02038400,0.34000000
2018-02-24 09:38:43,0.02040000,0.20000000
2018-02-24 09:38:43,0.02038400,0.77000000
2018-02-24 09:38:43,0.02038400,0.20000000
2018-02-24 09:38:47,0.02038900,0.17000000
2018-02-24 09:38:47,0.02038000,2.25000000
2018-02-24 09:38:49,0.02038100,1.47000000
2018-02-24 09:38:49,0.02038100,1.47000000
2018-02-24 09:38:49,0.02038100,1.47000000
2018-02-24 09:38:49,0.02038100,1.47000000
2018-02-24 09:38:49,0.02038100,1.47000000
2018-02-24 09:38:50,0.02038100,0.47000000
2018-02-24 09:38:51,0.02038300,1.04000000
2018-02-24 09:39:02,0.02038100,0.05000000
2018-02-24 09:39:02,0.02038100,0.20000000
2018-02-24 09:39:02,0.02037500,0.29000000
2018-02-24 09:39:08,0.02040300,0.10000000
2018-02-24 09:39:31,0.02040300,0.17000000
2018-02-24 09:39:36,0.02038200,0.76000000
2018-02-24 09:39:36,0.02038000,1.17000000
2018-02-24 09:39:43,0.02038300,0.16000000
2018-02-24 09:40:03,0.02038400,0.35000000
2018-02-24 09:40:03,0.02038300,0.84000000
2018-02-24 09:40:04,0.02038300,0.09000000
2018-02-24 09:40:04,0.02038300,1.47000000
2018-02-24 09:40:04,0.02038300,1.22000000
2018-02-24 09:40:09,0.02038400,1.47000000
2018-02-24 09:40:09,0.02038400,1.47000000
2018-02-24 09:40:09,0.02038400,0.80000000
2018-02-24 09:40:09,0.02038400,1.47000000
2018-02-24 09:40:09,0.02038400,0.89000000
2018-02-24 09:40:10,0.02038300,1.47000000
2018-02-24 09:40:10,0.02038300,0.25000000
2018-02-24 09:40:10,0.02038000,0.88000000
2018-02-24 09:40:10,0.02037600,0.13000000
2018-02-24 09:40:10,0.02037500,5.59000000
2018-02-24 09:40:25,0.02038000,0.50000000
2018-02-24 09:40:30,0.02037500,0.12000000
2018-02-24 09:40:32,0.02037500,1.94000000
2018-02-24 09:40:40,0.02038200,0.13000000
2018-02-24 09:40:42,0.02037500,0.18000000
2018-02-24 09:40:42,0.02038200,0.10000000
2018-02-24 09:40:43,0.02038100,0.20000000
2018-02-24 09:40:45,0.02037500,1.07000000
2018-02-24 09:40:55,0.02038100,0.16000000
2018-02-24 09:40:56,0.02038100,0.05000000
2018-02-24 09:40:57,0.02037500,0.93000000
2018-02-24 09:41:02,0.02037500,0.10000000
2018-02-24 09:41:02,0.02038100,0.72000000
2018-02-24 09:41:06,0.02038100,0.01000000
2018-02-24 09:41:12,0.02038200,0.42000000
2018-02-24 09:41:12,0.02038300,4.00000000
2018-02-24 09:41:12,0.02040300,0.48000000
2018-02-24 09:41:13,0.02038100,5.48000000
2018-02-24 09:41:23,0.02038100,1.47000000
2018-02-24 09:41:29,0.02038100,0.98000000
2018-02-24 09:41:42,0.02038100,0.35000000
2018-02-24 09:41:50,0.02040100,6.00000000
2018-02-24 09:41:51,0.02038100,0.17000000
2018-02-24 09:41:51,0.02037500,9.83000000
2018-02-24 09:41:52,0.02037500,0.80000000
2018-02-24 09:41:52,0.02037500,0.47000000
2018-02-24 09:41:54,0.02038000,0.42000000
2018-02-24 09:41:55,0.02037500,4.63000000
2018-02-24 09:41:56,0.02037500,0.15000000
2018-02-24 09:41:59,0.02037500,3.18000000
2018-02-24 09:42:16,0.02037600,0.61000000
2018-02-24 09:42:16,0.02037700,0.43000000
2018-02-24 09:42:18,0.02037600,0.80000000
2018-02-24 09:42:20,0.02037700,4.00000000
2018-02-24 09:42:20,0.02037800,0.97000000
2018-02-24 09:42:20,0.02037900,0.13000000
2018-02-24 09:42:22,0.02037600,0.41000000
2018-02-24 09:42:22,0.02037200,2.94000000
2018-02-24 09:42:22,0.02037200,0.13000000
2018-02-24 09:42:30,0.02037700,0.34000000
2018-02-24 09:42:31,0.02038100,1.58000000
2018-02-24 09:42:31,0.02038100,0.11000000
2018-02-24 09:42:36,0.02038100,2.31000000
2018-02-24 09:42:36,0.02037700,0.15000000
2018-02-24 09:42:52,0.02038100,0.32000000
2018-02-24 09:42:53,0.02037700,2.69000000
2018-02-24 09:43:04,0.02039800,0.15000000
2018-02-24 09:43:12,0.02037700,0.11000000
2018-02-24 09:43:14,0.02037700,0.47000000
2018-02-24 09:43:19,0.02039800,4.93000000
2018-02-24 09:43:21,0.02039800,0.25000000
2018-02-24 09:43:27,0.02040000,1.46000000
2018-02-24 09:43:27,0.02040000,0.37000000
2018-02-24 09:43:27,0.02040300,1.46000000
2018-02-24 09:43:27,0.02040300,1.46000000
2018-02-24 09:43:27,0.02040300,0.93000000
2018-02-24 09:43:28,0.02040900,0.10000000
2018-02-24 09:43:29,0.02040500,0.12000000
2018-02-24 09:43:29,0.02040300,0.37000000
2018-02-24 09:43:34,0.02040300,1.60000000
2018-02-24 09:43:43,0.02040300,0.86000000
2018-02-24 09:44:19,0.02039100,1.47000000
2018-02-24 09:44:19,0.02040000,0.12000000
2018-02-24 09:44:19,0.02040200,1.40000000
2018-02-24 09:44:26,0.02039900,0.41000000
2018-02-24 09:44:27,0.02038900,0.07000000
2018-02-24 09:44:38,0.02038900,0.03000000
2018-02-24 09:44:38,0.02038000,0.09000000
2018-02-24 09:44:52,0.02038000,0.06000000
2018-02-24 09:44:52,0.02037700,0.75000000
2018-02-24 09:44:52,0.02037000,0.09000000
2018-02-24 09:44:52,0.02036900,0.10000000
2018-02-24 09:44:56,0.02038800,1.35000000
2018-02-24 09:44:57,0.02038900,9.56000000
2018-02-24 09:44:58,0.02039800,0.11000000
2018-02-24 09:45:02,0.02039800,0.11000000
2018-02-24 09:45:03,0.02039800,0.24000000
2018-02-24 09:45:03,0.02039800,0.26000000
2018-02-24 09:45:04,0.02039800,2.45000000
2018-02-24 09:45:04,0.02039800,0.80000000
2018-02-24 09:45:04,0.02039800,0.51000000
2018-02-24 09:45:04,0.02039800,0.11000000
2018-02-24 09:45:05,0.02039800,0.24000000
2018-02-24 09:45:06,0.02039800,0.17000000
2018-02-24 09:45:07,0.02039800,0.10000000
2018-02-24 09:45:09,0.02039900,0.41000000
2018-02-24 09:45:16,0.02039900,0.92000000
2018-02-24 09:45:34,0.02037000,0.97000000
2018-02-24 09:45:34,0.02036900,0.10000000
2018-02-24 09:45:34,0.02036100,1.45000000
2018-02-24 09:45:38,0.02036100,0.10000000
2018-02-24 09:45:38,0.02036100,1.46000000
2018-02-24 09:45:38,0.02036100,1.85000000
2018-02-24 09:45:38,0.02036000,0.09000000
2018-02-24 09:45:42,0.02036000,0.49000000
2018-02-24 09:45:46,0.02036000,0.25000000
2018-02-24 09:45:49,0.02035400,0.92000000
2018-02-24 09:45:49,0.02035200,1.31000000
2018-02-24 09:45:49,0.02035000,1.78000000
2018-02-24 09:45:49,0.02034900,1.57000000
2018-02-24 09:45:49,0.02034600,3.59000000
2018-02-24 09:45:49,0.02034600,1.31000000
2018-02-24 09:45:49,0.02034000,0.61000000
2018-02-24 09:45:49,0.02033800,1.00000000
2018-02-24 09:45:49,0.02033600,0.25000000
2018-02-24 09:45:53,0.02036000,0.62000000
2018-02-24 09:45:53,0.02036100,0.37000000
2018-02-24 09:45:59,0.02036100,1.04000000
2018-02-24 09:45:59,0.02034000,0.10000000
2018-02-24 09:45:59,0.02033800,0.10000000
2018-02-24 09:45:59,0.02033600,3.06000000
2018-02-24 09:45:59,0.02033600,0.10000000
2018-02-24 09:45:59,0.02033600,0.51000000
2018-02-24 09:45:59,0.02033600,1.84000000
2018-02-24 09:45:59,0.02033600,0.41000000
2018-02-24 09:45:59,0.02033600,0.51000000
2018-02-24 09:45:59,0.02033600,0.10000000
2018-02-24 09:45:59,0.02033600,0.10000000
2018-02-24 09:45:59,0.02033600,0.65000000
2018-02-24 09:45:59,0.02033600,0.15000000
2018-02-24 09:45:59,0.02033600,0.11000000
2018-02-24 09:46:00,0.02033600,0.40000000
2018-02-24 09:46:00,0.02033800,0.07000000
2018-02-24 09:46:03,0.02033900,1.58000000
2018-02-24 09:46:13,0.02036900,0.10000000
2018-02-24 09:46:17,0.02038000,0.14000000
2018-02-24 09:46:19,0.02035200,1.02000000
2018-02-24 09:46:23,0.02037400,1.42000000
2018-02-24 09:46:23,0.02037200,1.09000000
2018-02-24 09:46:23,0.02037400,0.02000000
2018-02-24 09:46:35,0.02037400,0.49000000
2018-02-24 09:46:55,0.02037300,0.11000000
2018-02-24 09:46:56,0.02037200,0.11000000
2018-02-24 09:46:56,0.02037300,0.11000000
2018-02-24 09:46:58,0.02037300,0.75000000
2018-02-24 09:47:01,0.02037400,1.48000000
2018-02-24 09:47:07,0.02037400,1.42000000
2018-02-24 09:47:27,0.02037400,0.77000000
2018-02-24 09:47:32,0.02037400,0.25000000
2018-02-24 09:47:32,0.02037500,0.52000000
2018-02-24 09:47:35,0.02035600,0.25000000
2018-02-24 09:47:35,0.02035500,0.10000000
2018-02-24 09:47:35,0.02035500,0.10000000
2018-02-24 09:47:35,0.02035300,0.24000000
2018-02-24 09:47:36,0.02035500,0.44000000
2018-02-24 09:47:36,0.02035500,0.10000000
2018-02-24 09:47:36,0.02035500,0.11000000
2018-02-24 09:47:36,0.02035400,0.11000000
2018-02-24 09:47:38,0.02035500,0.13000000
2018-02-24 09:47:38,0.02035500,0.10000000
2018-02-24 09:47:38,0.02035500,0.27000000
2018-02-24 09:47:40,0.02035400,0.24000000
2018-02-24 09:47:40,0.02035300,0.93000000
2018-02-24 09:47:40,0.02034900,0.10000000
2018-02-24 09:47:40,0.02033900,1.52000000
2018-02-24 09:47:40,0.02033600,0.18000000
2018-02-24 09:47:40,0.02035500,7.50000000
2018-02-24 09:47:40,0.02035500,0.01000000
2018-02-24 09:47:40,0.02037300,0.15000000
2018-02-24 09:47:52,0.02036900,0.10000000
2018-02-24 09:47:52,0.02037300,0.05000000
2018-02-24 09:47:53,0.02035500,0.10000000
2018-02-24 09:47:53,0.02035400,0.10000000
2018-02-24 09:47:53,0.02035300,0.10000000
2018-02-24 09:47:53,0.02034900,0.10000000
2018-02-24 09:47:53,0.02034000,0.82000000
2018-02-24 09:47:54,0.02037300,1.48000000
2018-02-24 09:47:55,0.02037200,0.82000000
2018-02-24 09:47:55,0.02037300,3.62000000
2018-02-24 09:48:06,0.02036900,0.96000000
2018-02-24 09:48:10,0.02035700,0.07000000
2018-02-24 09:48:12,0.02035800,0.25000000
2018-02-24 09:48:12,0.02035700,0.48000000
2018-02-24 09:48:28,0.02036800,0.55000000
2018-02-24 09:48:28,0.02036900,0.01000000
2018-02-24 09:48:28,0.02037300,0.01000000
2018-02-24 09:48:28,0.02037400,1.24000000
2018-02-24 09:48:28,0.02038900,0.10000000
2018-02-24 09:48:28,0.02039900,1.10000000
2018-02-24 09:48:30,0.02039800,0.49000000
2018-02-24 09:48:48,0.02036900,0.10000000
2018-02-24 09:48:48,0.02036800,0.10000000
2018-02-24 09:48:48,0.02036400,1.47000000
2018-02-24 09:48:53,0.02036400,0.10000000
2018-02-24 09:49:07,0.02035800,0.10000000
