DATE,PRICE,VOLUME
2018-02-28 05:00:09,0.02006100,0.13000000
2018-02-28 05:00:09,0.02005000,1.41000000
2018-02-28 05:00:10,0.02006300,2.49000000
2018-02-28 05:00:11,0.02006300,0.20000000
2018-02-28 05:00:20,0.02005000,0.99000000
2018-02-28 05:00:24,0.02005000,1.80000000
2018-02-28 05:00:24,0.02005000,0.79000000
2018-02-28 05:00:26,0.02005000,0.11000000
2018-02-28 05:00:36,0.02003500,0.08000000
2018-02-28 05:00:36,0.02002400,2.29000000
2018-02-28 05:00:36,0.02002000,1.98000000
2018-02-28 05:00:36,0.02000500,0.20000000
2018-02-28 05:00:36,0.02000200,0.60000000
2018-02-28 05:00:36,0.02000100,16.00000000
2018-02-28 05:00:36,0.02000000,10.21000000
2018-02-28 05:00:42,0.02003600,2.27000000
2018-02-28 05:00:50,0.02003000,4.12000000
2018-02-28 05:00:51,0.02003000,7.88000000
2018-02-28 05:00:51,0.02002900,8.14000000
2018-02-28 05:00:53,0.02003000,5.00000000
2018-02-28 05:00:56,0.02003400,4.40000000
2018-02-28 05:00:57,0.02004000,0.43000000
2018-02-28 05:01:03,0.02004000,0.20000000
2018-02-28 05:01:04,0.02006000,0.46000000
2018-02-28 05:01:04,0.02006100,0.03000000
2018-02-28 05:01:05,0.02005900,0.98000000
2018-02-28 05:01:17,0.02004000,1.65000000
2018-02-28 05:01:21,0.02005800,3.31000000
2018-02-28 05:01:23,0.02003200,0.79000000
2018-02-28 05:01:24,0.02005800,0.01000000
2018-02-28 05:01:24,0.02006000,0.01000000
2018-02-28 05:01:29,0.02006000,1.97000000
2018-02-28 05:01:29,0.02006000,0.01000000
2018-02-28 05:01:29,0.02006100,0.22000000
2018-02-28 05:01:30,0.02006200,0.46000000
2018-02-28 05:01:34,0.02006000,0.43000000
2018-02-28 05:01:36,0.02006000,0.43000000
2018-02-28 05:01:37,0.02006000,0.43000000
2018-02-28 05:01:38,0.02006000,0.99000000
2018-02-28 05:01:42,0.02006200,0.01000000
2018-02-28 05:01:42,0.02006300,0.68000000
2018-02-28 05:01:46,0.02006200,0.08000000
2018-02-28 05:01:46,0.02006000,3.77000000
2018-02-28 05:01:47,0.02006000,5.49000000
2018-02-28 05:02:03,0.02006000,0.05000000
2018-02-28 05:02:10,0.02006000,0.11000000
2018-02-28 05:02:10,0.02006000,1.82000000
2018-02-28 05:02:15,0.02006000,0.09000000
2018-02-28 05:02:15,0.02004100,0.74000000
2018-02-28 05:02:15,0.02003900,0.99000000
2018-02-28 05:02:15,0.02003700,0.99000000
2018-02-28 05:02:15,0.02003600,2.00000000
2018-02-28 05:02:19,0.02006000,0.11000000
2018-02-28 05:02:23,0.02006000,0.11000000
2018-02-28 05:02:23,0.02004000,12.41000000
2018-02-28 05:02:23,0.02004000,0.90000000
2018-02-28 05:02:24,0.02004000,15.79000000
2018-02-28 05:02:26,0.02004000,0.11000000
2018-02-28 05:02:26,0.02004000,6.69000000
2018-02-28 05:02:26,0.02006000,0.32000000
2018-02-28 05:02:31,0.02005900,0.11000000
2018-02-28 05:02:35,0.02005900,10.51000000
2018-02-28 05:02:48,0.02004900,0.36000000
2018-02-28 05:02:49,0.02005900,0.08000000
2018-02-28 05:02:49,0.02005900,0.45000000
2018-02-28 05:02:50,0.02006000,21.60000000
2018-02-28 05:02:50,0.02006000,1.14000000
2018-02-28 05:02:51,0.02006000,1.82000000
2018-02-28 05:03:06,0.02006000,8.07000000
2018-02-28 05:03:10,0.02005900,6.81000000
2018-02-28 05:03:12,0.02005900,10.00000000
2018-02-28 05:03:12,0.02005900,2.16000000
2018-02-28 05:03:13,0.02005900,21.82000000
2018-02-28 05:03:16,0.02005200,0.20000000
2018-02-28 05:03:19,0.02005200,0.20000000
2018-02-28 05:03:19,0.02005000,0.04000000
2018-02-28 05:03:21,0.02005000,0.20000000
2018-02-28 05:03:26,0.02005000,1.04000000
2018-02-28 05:03:30,0.02006300,0.01000000
2018-02-28 05:03:30,0.02007400,0.48000000
2018-02-28 05:03:33,0.02005200,0.49000000
2018-02-28 05:03:33,0.02007300,0.49000000
2018-02-28 05:03:34,0.02007300,0.12000000
2018-02-28 05:03:37,0.02005200,0.58000000
2018-02-28 05:03:37,0.02005200,1.50000000
2018-02-28 05:03:38,0.02005200,1.50000000
2018-02-28 05:03:38,0.02005200,0.91000000
2018-02-28 05:03:38,0.02005000,0.58000000
2018-02-28 05:03:38,0.02003600,0.05000000
2018-02-28 05:03:38,0.02003100,8.46000000
2018-02-28 05:03:40,0.02007100,0.80000000
2018-02-28 05:03:40,0.02007200,0.76000000
2018-02-28 05:03:41,0.02007100,0.11000000
2018-02-28 05:03:41,0.02007100,0.14000000
2018-02-28 05:03:45,0.02005200,1.00000000
2018-02-28 05:03:45,0.02005200,0.49000000
2018-02-28 05:03:46,0.02005200,7.70000000
2018-02-28 05:03:46,0.02005300,1.00000000
2018-02-28 05:03:46,0.02005200,0.50000000
2018-02-28 05:03:47,0.02005200,1.50000000
2018-02-28 05:03:47,0.02005200,8.00000000
2018-02-28 05:03:48,0.02005200,0.15000000
2018-02-28 05:03:51,0.02007400,0.11000000
2018-02-28 05:03:51,0.02005200,0.49000000
2018-02-28 05:03:51,0.02007400,0.33000000
2018-02-28 05:03:52,0.02007400,0.08000000
2018-02-28 05:03:52,0.02005200,0.70000000
2018-02-28 05:03:55,0.02005200,1.67000000
2018-02-28 05:03:55,0.02005400,0.99000000
2018-02-28 05:03:56,0.02007400,0.11000000
2018-02-28 05:03:57,0.02005200,1.00000000
2018-02-28 05:03:57,0.02007400,0.54000000
2018-02-28 05:03:57,0.02005200,0.49000000
2018-02-28 05:03:57,0.02007400,4.79000000
2018-02-28 05:03:59,0.02007400,2.33000000
2018-02-28 05:04:00,0.02007400,0.11000000
2018-02-28 05:04:03,0.02005200,0.49000000
2018-02-28 05:04:05,0.02007400,0.11000000
2018-02-28 05:04:13,0.02005400,0.50000000
2018-02-28 05:04:26,0.02007400,0.12000000
2018-02-28 05:04:33,0.02005600,2.01000000
2018-02-28 05:04:38,0.02007000,0.29000000
2018-02-28 05:04:40,0.02007000,0.11000000
2018-02-28 05:04:48,0.02007400,0.12000000
2018-02-28 05:04:50,0.02006800,12.61000000
2018-02-28 05:05:04,0.02006800,0.01000000
2018-02-28 05:05:09,0.02007400,0.10000000
2018-02-28 05:05:10,0.02007400,0.05000000
2018-02-28 05:05:16,0.02007400,0.20000000
2018-02-28 05:05:16,0.02007400,1.75000000
2018-02-28 05:05:17,0.02007400,12.82000000
2018-02-28 05:05:17,0.02007400,0.29000000
2018-02-28 05:05:17,0.02007500,8.38000000
2018-02-28 05:05:17,0.02006800,3.03000000
2018-02-28 05:05:19,0.02006000,0.99000000
2018-02-28 05:05:20,0.02005600,0.13000000
2018-02-28 05:05:21,0.02005600,0.25000000
2018-02-28 05:05:25,0.02005600,0.99000000
2018-02-28 05:05:25,0.02005600,1.00000000
2018-02-28 05:05:25,0.02005400,2.53000000
2018-02-28 05:05:35,0.02006800,0.19000000
2018-02-28 05:05:35,0.02006800,0.19000000
2018-02-28 05:05:35,0.02006800,0.11000000
2018-02-28 05:05:35,0.02005600,0.50000000
2018-02-28 05:05:39,0.02005600,0.52000000
2018-02-28 05:05:39,0.02006800,1.14000000
2018-02-28 05:05:54,0.02006900,0.10000000
2018-02-28 05:05:54,0.02006900,0.07000000
2018-02-28 05:05:56,0.02006900,0.18000000
2018-02-28 05:05:56,0.02007900,10.56000000
2018-02-28 05:05:58,0.02007900,5.21000000
2018-02-28 05:06:00,0.02007900,0.47000000
2018-02-28 05:06:00,0.02009900,0.99000000
2018-02-28 05:06:00,0.02009900,1.24000000
2018-02-28 05:06:00,0.02009900,2.50000000
2018-02-28 05:06:00,0.02009900,3.34000000
2018-02-28 05:06:01,0.02005700,0.32000000
2018-02-28 05:06:01,0.02005600,0.08000000
2018-02-28 05:06:01,0.02005400,2.84000000
2018-02-28 05:06:03,0.02005600,0.23000000
2018-02-28 05:06:06,0.02005600,0.71000000
2018-02-28 05:06:07,0.02009800,0.32000000
2018-02-28 05:06:07,0.02009900,0.42000000
2018-02-28 05:06:25,0.02006000,0.14000000
2018-02-28 05:06:26,0.02006000,0.49000000
2018-02-28 05:06:44,0.02006400,0.18000000
2018-02-28 05:06:48,0.02006400,0.99000000
2018-02-28 05:06:55,0.02006400,0.49000000
2018-02-28 05:06:56,0.02006400,1.94000000
2018-02-28 05:07:05,0.02006500,0.19000000
2018-02-28 05:07:05,0.02006400,0.52000000
2018-02-28 05:07:05,0.02009200,0.07000000
2018-02-28 05:07:13,0.02006400,0.99000000
2018-02-28 05:07:16,0.02006400,0.64000000
2018-02-28 05:07:23,0.02009200,0.64000000
2018-02-28 05:07:23,0.02009200,1.00000000
2018-02-28 05:07:23,0.02009200,2.56000000
2018-02-28 05:07:23,0.02006600,1.99000000
2018-02-28 05:07:26,0.02006900,1.91000000
2018-02-28 05:07:26,0.02006900,0.22000000
2018-02-28 05:07:26,0.02006700,4.13000000
2018-02-28 05:07:27,0.02006400,2.16000000
2018-02-28 05:07:29,0.02006600,0.49000000
2018-02-28 05:07:31,0.02006600,0.42000000
2018-02-28 05:07:33,0.02006600,0.13000000
2018-02-28 05:07:33,0.02006400,9.86000000
2018-02-28 05:07:41,0.02006400,0.90000000
2018-02-28 05:07:42,0.02006400,0.11000000
2018-02-28 05:07:45,0.02006400,0.11000000
2018-02-28 05:07:48,0.02006400,0.76000000
2018-02-28 05:07:49,0.02008200,0.23000000
2018-02-28 05:07:51,0.02006600,1.00000000
2018-02-28 05:07:54,0.02006600,0.48000000
2018-02-28 05:07:58,0.02006600,0.78000000
2018-02-28 05:07:58,0.02006400,1.70000000
2018-02-28 05:08:00,0.02006400,4.21000000
2018-02-28 05:08:01,0.02006400,0.01000000
2018-02-28 05:08:01,0.02005500,2.57000000
2018-02-28 05:08:10,0.02006600,5.91000000
2018-02-28 05:08:12,0.02006600,0.26000000
2018-02-28 05:08:12,0.02006400,3.57000000
2018-02-28 05:08:13,0.02006400,0.26000000
2018-02-28 05:08:13,0.02005300,1.84000000
2018-02-28 05:08:13,0.02005200,5.36000000
2018-02-28 05:08:16,0.02005200,1.97000000
2018-02-28 05:08:17,0.02005200,0.47000000
2018-02-28 05:08:17,0.02005200,1.00000000
2018-02-28 05:08:18,0.02005200,6.35000000
2018-02-28 05:08:19,0.02005200,6.17000000
2018-02-28 05:08:20,0.02005200,2.99000000
2018-02-28 05:08:22,0.02005200,0.21000000
2018-02-28 05:08:26,0.02005600,1.00000000
2018-02-28 05:08:26,0.02005200,0.92000000
2018-02-28 05:08:27,0.02006200,0.13000000
2018-02-28 05:08:27,0.02006600,0.26000000
2018-02-28 05:08:28,0.02006600,0.16000000
2018-02-28 05:08:29,0.02006600,0.99000000
2018-02-28 05:08:38,0.02006600,0.04000000
2018-02-28 05:08:53,0.02005500,0.35000000
2018-02-28 05:08:54,0.02005500,4.04000000
2018-02-28 05:08:54,0.02005500,2.60000000
2018-02-28 05:08:57,0.02005500,1.00000000
2018-02-28 05:08:58,0.02005500,0.24000000
2018-02-28 05:09:01,0.02005500,1.00000000
2018-02-28 05:09:04,0.02005500,0.46000000
2018-02-28 05:09:06,0.02005500,0.46000000
2018-02-28 05:09:06,0.02006000,0.42000000
2018-02-28 05:09:10,0.02005500,0.49000000
2018-02-28 05:09:21,0.02005500,16.05000000
2018-02-28 05:09:21,0.02005200,0.39000000
2018-02-28 05:09:21,0.02005000,24.55000000
2018-02-28 05:09:29,0.02005000,0.52000000
2018-02-28 05:09:35,0.02003200,4.99000000
2018-02-28 05:09:35,0.02003100,0.25000000
2018-02-28 05:09:35,0.02003000,35.76000000
2018-02-28 05:09:40,0.02003300,0.25000000
2018-02-28 05:09:40,0.02003200,0.79000000
2018-02-28 05:09:40,0.02005000,1.26000000
2018-02-28 05:09:46,0.02005000,13.05000000
2018-02-28 05:09:52,0.02005000,3.43000000
2018-02-28 05:09:56,0.02004500,0.11000000
2018-02-28 05:10:02,0.02003100,1.53000000
2018-02-28 05:10:03,0.02003100,0.05000000
2018-02-28 05:10:04,0.02003100,14.00000000
2018-02-28 05:10:13,0.02003000,5.46000000
2018-02-28 05:10:17,0.02004500,0.78000000
2018-02-28 05:10:20,0.02003000,158.69000000
2018-02-28 05:10:20,0.02003000,0.17000000
2018-02-28 05:10:24,0.02004800,0.71000000
2018-02-28 05:10:31,0.02004800,0.22000000
2018-02-28 05:10:31,0.02004800,0.10000000
2018-02-28 05:10:33,0.02004800,0.08000000
2018-02-28 05:10:57,0.02004800,2.81000000
2018-02-28 05:10:58,0.02004800,0.19000000
2018-02-28 05:10:58,0.02004800,0.70000000
2018-02-28 05:11:06,0.02004700,0.94000000
2018-02-28 05:11:09,0.02004700,0.67000000
2018-02-28 05:11:16,0.02004700,0.57000000
2018-02-28 05:11:17,0.02003800,0.12000000
2018-02-28 05:11:18,0.02004700,0.11000000
2018-02-28 05:11:19,0.02004700,1.61000000
2018-02-28 05:11:20,0.02004800,0.47000000
2018-02-28 05:11:20,0.02004800,0.14000000
2018-02-28 05:11:20,0.02004800,0.08000000
2018-02-28 05:11:21,0.02004800,0.93000000
2018-02-28 05:11:22,0.02003800,0.24000000
2018-02-28 05:11:22,0.02003800,9.76000000
2018-02-28 05:11:22,0.02004700,0.99000000
2018-02-28 05:11:22,0.02004700,0.01000000
2018-02-28 05:11:22,0.02004800,10.74000000
2018-02-28 05:11:29,0.02004800,4.34000000
2018-02-28 05:11:32,0.02003100,0.32000000
2018-02-28 05:11:32,0.02003000,0.05000000
2018-02-28 05:11:33,0.02004800,0.12000000
2018-02-28 05:11:37,0.02004800,0.08000000
2018-02-28 05:12:07,0.02004300,0.05000000
2018-02-28 05:12:07,0.02003000,8.36000000
2018-02-28 05:12:13,0.02003000,0.12000000
2018-02-28 05:12:32,0.02004800,0.49000000
2018-02-28 05:12:41,0.02003000,0.47000000
2018-02-28 05:12:42,0.02003000,1.02000000
2018-02-28 05:12:56,0.02004200,10.31000000
2018-02-28 05:13:07,0.02004800,8.66000000
2018-02-28 05:13:07,0.02004000,0.05000000
2018-02-28 05:13:08,0.02003800,0.19000000
2018-02-28 05:13:14,0.02004800,5.60000000
2018-02-28 05:13:14,0.02004800,0.11000000
2018-02-28 05:13:16,0.02004800,3.39000000
2018-02-28 05:13:17,0.02004000,0.12000000
2018-02-28 05:13:28,0.02006000,0.49000000
2018-02-28 05:13:28,0.02006000,0.49000000
2018-02-28 05:13:32,0.02004100,0.49000000
2018-02-28 05:13:34,0.02006000,0.07000000
2018-02-28 05:13:46,0.02004800,0.09000000
2018-02-28 05:13:52,0.02006000,3.14000000
2018-02-28 05:13:52,0.02006600,0.95000000
2018-02-28 05:13:52,0.02006600,2.12000000
2018-02-28 05:13:52,0.02006600,0.99000000
2018-02-28 05:13:53,0.02006600,11.39000000
2018-02-28 05:13:53,0.02006600,2.79000000
2018-02-28 05:13:55,0.02006600,11.13000000
2018-02-28 05:14:12,0.02004800,0.10000000
2018-02-28 05:14:15,0.02004800,0.49000000
2018-02-28 05:14:17,0.02004800,0.12000000
2018-02-28 05:14:17,0.02004100,1.09000000
2018-02-28 05:14:17,0.02004000,1.28000000
2018-02-28 05:14:17,0.02003200,0.24000000
2018-02-28 05:14:17,0.02003000,4.27000000
2018-02-28 05:14:21,0.02003300,0.24000000
2018-02-28 05:14:21,0.02003000,0.25000000
2018-02-28 05:14:28,0.02003000,1.49000000
2018-02-28 05:14:30,0.02005900,0.06000000
2018-02-28 05:14:41,0.02003400,0.40000000
2018-02-28 05:14:41,0.02003200,0.09000000
2018-02-28 05:14:48,0.02003400,0.24000000
2018-02-28 05:14:48,0.02003300,0.25000000
2018-02-28 05:14:49,0.02003300,2.17000000
2018-02-28 05:14:54,0.02003200,0.49000000
2018-02-28 05:15:00,0.02003600,0.24000000
2018-02-28 05:15:00,0.02003400,0.24000000
2018-02-28 05:15:00,0.02003200,0.01000000
2018-02-28 05:15:07,0.02003700,0.49000000
2018-02-28 05:15:07,0.02003700,0.21000000
2018-02-28 05:15:07,0.02003500,0.24000000
2018-02-28 05:15:08,0.02003500,0.52000000
2018-02-28 05:15:11,0.02003500,4.74000000
2018-02-28 05:15:12,0.02003500,13.61000000
2018-02-28 05:15:12,0.02005700,0.11000000
2018-02-28 05:15:12,0.02005700,0.11000000
2018-02-28 05:15:13,0.02003500,0.49000000
2018-02-28 05:15:13,0.02003500,1.30000000
2018-02-28 05:15:13,0.02003500,3.28000000
2018-02-28 05:15:13,0.02003700,1.36000000
2018-02-28 05:15:18,0.02003700,0.30000000
2018-02-28 05:15:18,0.02003500,5.00000000
2018-02-28 05:15:18,0.02003200,0.73000000
2018-02-28 05:15:24,0.02003500,4.28000000
2018-02-28 05:15:24,0.02005700,3.05000000
2018-02-28 05:15:24,0.02005800,4.12000000
2018-02-28 05:15:24,0.02006000,3.97000000
2018-02-28 05:15:24,0.02006000,3.28000000
2018-02-28 05:15:24,0.02006000,0.05000000
2018-02-28 05:15:24,0.02006000,0.01000000
2018-02-28 05:15:26,0.02003700,4.12000000
2018-02-28 05:15:29,0.02003500,13.47000000
2018-02-28 05:15:32,0.02005600,0.24000000
2018-02-28 05:15:41,0.02005600,4.42000000
2018-02-28 05:15:41,0.02005600,1.65000000
2018-02-28 05:15:47,0.02004800,0.05000000
2018-02-28 05:15:47,0.02003400,0.11000000
2018-02-28 05:15:47,0.02003300,0.20000000
2018-02-28 05:15:47,0.02003200,9.29000000
2018-02-28 05:15:54,0.02003500,0.36000000
2018-02-28 05:16:05,0.02005000,1.64000000
2018-02-28 05:16:16,0.02003500,5.72000000
2018-02-28 05:16:16,0.02003200,14.99000000
2018-02-28 05:16:16,0.02003100,0.30000000
2018-02-28 05:16:16,0.02003000,19.96000000
2018-02-28 05:16:29,0.02003100,0.15000000
2018-02-28 05:16:29,0.02003000,33.58000000
2018-02-28 05:16:34,0.02003000,1.02000000
2018-02-28 05:16:35,0.02004700,0.11000000
2018-02-28 05:16:35,0.02004800,0.38000000
2018-02-28 05:16:38,0.02004700,0.10000000
2018-02-28 05:16:38,0.02004800,0.39000000
2018-02-28 05:16:38,0.02003000,38.53000000
2018-02-28 05:16:40,0.02003000,13.34000000
2018-02-28 05:16:45,0.02003000,6.40000000
2018-02-28 05:16:53,0.02003000,0.13000000
2018-02-28 05:16:54,0.02003000,0.50000000
2018-02-28 05:16:55,0.02003000,15.55000000
2018-02-28 05:16:57,0.02003000,1.29000000
2018-02-28 05:17:00,0.02003000,0.69000000
2018-02-28 05:17:03,0.02003000,0.11000000
2018-02-28 05:17:03,0.02003000,8.66000000
2018-02-28 05:17:05,0.02003000,1.99000000
2018-02-28 05:17:15,0.02003000,0.79000000
2018-02-28 05:17:17,0.02003100,0.10000000
2018-02-28 05:17:31,0.02003100,5.00000000
2018-02-28 05:17:31,0.02003000,5.15000000
2018-02-28 05:17:32,0.02003000,0.66000000
2018-02-28 05:17:51,0.02003100,0.03000000
2018-02-28 05:17:52,0.02003000,12.43000000
2018-02-28 05:17:52,0.02003000,0.11000000
2018-02-28 05:17:58,0.02003000,1.68000000
2018-02-28 05:18:05,0.02003100,1.69000000
2018-02-28 05:18:05,0.02003100,0.54000000
2018-02-28 05:18:10,0.02003300,0.11000000
2018-02-28 05:18:13,0.02003100,1.07000000
2018-02-28 05:18:13,0.02003000,13.51000000
2018-02-28 05:18:23,0.02003000,40.90000000
2018-02-28 05:18:25,0.02003000,24.91000000
2018-02-28 05:18:35,0.02003000,0.10000000
2018-02-28 05:18:36,0.02003000,2.50000000
2018-02-28 05:18:37,0.02003100,1.53000000
2018-02-28 05:18:41,0.02003100,0.90000000
2018-02-28 05:18:42,0.02003100,0.72000000
2018-02-28 05:18:43,0.02003100,0.74000000
2018-02-28 05:18:43,0.02003100,2.06000000
2018-02-28 05:18:43,0.02003000,0.94000000
2018-02-28 05:18:46,0.02003000,0.11000000
2018-02-28 05:18:46,0.02003000,18.36000000
2018-02-28 05:18:48,0.02003000,0.03000000
2018-02-28 05:18:55,0.02001500,0.48000000
2018-02-28 05:19:07,0.02002900,0.30000000
2018-02-28 05:19:07,0.02003000,2.14000000
2018-02-28 05:19:07,0.02003100,2.56000000
2018-02-28 05:19:09,0.02003100,0.08000000
2018-02-28 05:19:11,0.02003100,0.17000000
2018-02-28 05:19:13,0.02001500,0.02000000
2018-02-28 05:19:13,0.02001500,1.47000000
2018-02-28 05:19:17,0.02001500,0.01000000
2018-02-28 05:19:26,0.02003000,0.02000000
2018-02-28 05:19:26,0.02004500,0.47000000
2018-02-28 05:19:28,0.02003000,0.42000000
2018-02-28 05:19:28,0.02004500,0.07000000
2018-02-28 05:19:28,0.02001300,2.34000000
2018-02-28 05:19:28,0.02001100,0.16000000
2018-02-28 05:19:34,0.02001100,1.46000000
2018-02-28 05:19:34,0.02001000,2.04000000
2018-02-28 05:19:34,0.02000200,6.50000000
2018-02-28 05:19:35,0.02003000,0.49000000
2018-02-28 05:19:37,0.02003000,0.46000000
2018-02-28 05:19:45,0.02000100,1.22000000
2018-02-28 05:19:47,0.02000100,0.35000000
2018-02-28 05:19:47,0.02000100,0.06000000
2018-02-28 05:19:49,0.02001400,0.08000000
2018-02-28 05:19:50,0.02000100,0.35000000
2018-02-28 05:19:56,0.02001300,0.08000000
2018-02-28 05:19:57,0.02001600,3.41000000
2018-02-28 05:19:59,0.02001700,10.28000000
2018-02-28 05:20:10,0.02000100,0.24000000
2018-02-28 05:20:18,0.02000100,0.17000000
2018-02-28 05:20:25,0.02002900,0.25000000
2018-02-28 05:20:25,0.02002900,1.00000000
2018-02-28 05:20:28,0.02002900,1.11000000
2018-02-28 05:20:29,0.02002900,4.14000000
2018-02-28 05:20:29,0.02002900,0.11000000
2018-02-28 05:20:30,0.02002900,1.00000000
2018-02-28 05:20:31,0.02000200,1.62000000
2018-02-28 05:20:41,0.02000100,0.20000000
2018-02-28 05:20:41,0.02002900,0.83000000
2018-02-28 05:20:43,0.02000100,0.20000000
2018-02-28 05:20:44,0.02000100,2.44000000
2018-02-28 05:20:45,0.02000100,0.20000000
2018-02-28 05:20:47,0.02000100,0.53000000
2018-02-28 05:20:49,0.02000100,9.48000000
2018-02-28 05:20:49,0.02000100,0.08000000
2018-02-28 05:20:49,0.02000100,0.53000000
2018-02-28 05:20:49,0.02002900,0.03000000
2018-02-28 05:20:49,0.02002900,5.89000000
2018-02-28 05:20:50,0.02002900,1.62000000
2018-02-28 05:20:50,0.02002900,1.96000000
2018-02-28 05:20:50,0.02002900,3.98000000
2018-02-28 05:20:51,0.02000100,0.20000000
2018-02-28 05:20:52,0.02002800,0.01000000
2018-02-28 05:20:52,0.02003000,0.10000000
2018-02-28 05:20:53,0.02000200,1.50000000
2018-02-28 05:20:55,0.02000100,1.50000000
2018-02-28 05:20:56,0.02000100,2.00000000
2018-02-28 05:20:57,0.02000100,0.19000000
2018-02-28 05:20:57,0.02000100,1.50000000
2018-02-28 05:21:03,0.02003000,0.12000000
2018-02-28 05:21:04,0.02003000,0.40000000
2018-02-28 05:21:04,0.02004100,0.81000000
2018-02-28 05:21:16,0.02003600,1.00000000
2018-02-28 05:21:16,0.02003700,0.21000000
2018-02-28 05:21:28,0.02004000,1.21000000
2018-02-28 05:21:37,0.02000500,2.00000000
2018-02-28 05:21:37,0.02000400,3.52000000
2018-02-28 05:21:37,0.02000200,0.05000000
2018-02-28 05:21:37,0.02000100,2.02000000
2018-02-28 05:21:37,0.02000100,1.36000000
2018-02-28 05:21:39,0.02003600,1.21000000
2018-02-28 05:21:51,0.02002300,0.48000000
2018-02-28 05:21:51,0.02002400,0.73000000
2018-02-28 05:21:54,0.02002400,0.11000000
2018-02-28 05:22:02,0.02002200,0.24000000
2018-02-28 05:22:02,0.02002300,0.97000000
2018-02-28 05:22:03,0.02000300,0.33000000
2018-02-28 05:22:03,0.02000200,1.21000000
2018-02-28 05:22:09,0.02002900,0.11000000
2018-02-28 05:22:11,0.02000200,0.05000000
2018-02-28 05:22:13,0.02002900,1.21000000
2018-02-28 05:22:17,0.02000200,0.27000000
2018-02-28 05:22:17,0.02000100,0.66000000
2018-02-28 05:22:25,0.02002700,1.21000000
2018-02-28 05:22:32,0.02002700,0.15000000
2018-02-28 05:22:36,0.02002600,1.21000000
2018-02-28 05:22:38,0.02000600,0.14000000
2018-02-28 05:22:38,0.02000200,1.55000000
2018-02-28 05:22:38,0.02000100,7.22000000
2018-02-28 05:22:48,0.02002700,1.21000000
2018-02-28 05:22:51,0.02000100,1.28000000
2018-02-28 05:22:51,0.02000100,15.34000000
2018-02-28 05:22:51,0.02000000,24.48000000
2018-02-28 05:22:55,0.02000000,20.03000000
2018-02-28 05:22:56,0.02000100,0.11000000
2018-02-28 05:22:56,0.02000000,0.17000000
2018-02-28 05:22:56,0.02000100,0.47000000
2018-02-28 05:23:01,0.02000100,0.01000000
2018-02-28 05:23:04,0.02000200,4.98000000
2018-02-28 05:23:04,0.02000100,0.14000000
2018-02-28 05:23:04,0.02000000,4.88000000
2018-02-28 05:23:05,0.02002400,0.18000000
2018-02-28 05:23:08,0.02002300,0.32000000
2018-02-28 05:23:09,0.02002200,0.72000000
2018-02-28 05:23:18,0.02002500,0.63000000
2018-02-28 05:23:28,0.02002500,1.20000000
2018-02-28 05:23:28,0.02000000,0.21000000
2018-02-28 05:23:37,0.02000000,0.49000000
2018-02-28 05:23:39,0.02002200,0.87000000
2018-02-28 05:23:39,0.02000000,0.20000000
2018-02-28 05:23:42,0.02000000,0.26000000
2018-02-28 05:24:01,0.02000200,0.12000000
2018-02-28 05:24:08,0.02000200,0.20000000
2018-02-28 05:24:08,0.02000100,0.80000000
2018-02-28 05:24:10,0.02000100,0.45000000
2018-02-28 05:24:11,0.02001900,4.43000000
2018-02-28 05:24:14,0.02000100,0.17000000
2018-02-28 05:24:17,0.02000100,8.49000000
2018-02-28 05:24:18,0.02000100,0.61000000
2018-02-28 05:24:22,0.02000100,0.64000000
2018-02-28 05:24:22,0.02000000,8.03000000
2018-02-28 05:24:30,0.02000000,0.25000000
2018-02-28 05:24:33,0.02000000,0.49000000
2018-02-28 05:24:34,0.02000100,0.13000000
2018-02-28 05:24:37,0.02000200,0.05000000
2018-02-28 05:24:39,0.02000200,0.01000000
2018-02-28 05:24:41,0.02000100,3.58000000
2018-02-28 05:24:41,0.02000100,0.55000000
2018-02-28 05:24:43,0.02000000,1.37000000
2018-02-28 05:24:46,0.02000000,0.71000000
2018-02-28 05:24:48,0.02000100,5.30000000
2018-02-28 05:24:50,0.02000000,1.00000000
2018-02-28 05:24:52,0.02000000,1.72000000
2018-02-28 05:24:56,0.02000000,3.78000000
2018-02-28 05:24:58,0.02000100,0.90000000
2018-02-28 05:25:02,0.02000100,0.08000000
2018-02-28 05:25:04,0.02000100,0.40000000
2018-02-28 05:25:06,0.02000100,1.01000000
2018-02-28 05:25:06,0.02000100,0.59000000
2018-02-28 05:25:12,0.02000100,1.02000000
2018-02-28 05:25:13,0.02000000,0.22000000
2018-02-28 05:25:13,0.02000000,0.71000000
2018-02-28 05:25:16,0.02000100,0.40000000
2018-02-28 05:25:22,0.02000000,10.24000000
2018-02-28 05:25:24,0.02000100,1.71000000
2018-02-28 05:25:26,0.02000000,0.77000000
2018-02-28 05:25:26,0.02000100,0.14000000
2018-02-28 05:25:30,0.02000000,0.20000000
2018-02-28 05:25:32,0.02000100,23.39000000
2018-02-28 05:25:32,0.02000100,0.66000000
2018-02-28 05:25:35,0.02000000,0.24000000
2018-02-28 05:25:36,0.02000100,0.26000000
2018-02-28 05:25:37,0.02000100,0.80000000
2018-02-28 05:25:51,0.02000100,114.08000000
2018-02-28 05:25:52,0.02000100,46.33000000
2018-02-28 05:25:55,0.02000100,15.83000000
2018-02-28 05:26:03,0.02000100,0.24000000
2018-02-28 05:26:06,0.02000100,1.46000000
2018-02-28 05:26:11,0.02000100,3.28000000
2018-02-28 05:26:11,0.02000000,6.61000000
2018-02-28 05:26:13,0.02000000,9.54000000
2018-02-28 05:26:15,0.02000000,8.60000000
2018-02-28 05:26:38,0.02000100,0.28000000
2018-02-28 05:26:39,0.02000100,0.22000000
2018-02-28 05:26:40,0.02000000,4.57000000
2018-02-28 05:26:43,0.02000000,29.25000000
2018-02-28 05:26:50,0.02000000,5.00000000
2018-02-28 05:26:52,0.02000000,1.62000000
2018-02-28 05:26:56,0.02000100,0.53000000
2018-02-28 05:26:57,0.02000100,14.05000000
2018-02-28 05:26:57,0.02000000,26.91000000
2018-02-28 05:26:59,0.02000100,1.68000000
2018-02-28 05:27:01,0.02001000,0.09000000
2018-02-28 05:27:06,0.02000300,1.00000000
2018-02-28 05:27:06,0.02000200,0.02000000
2018-02-28 05:27:11,0.02000000,0.82000000
2018-02-28 05:27:15,0.02000000,8.44000000
2018-02-28 05:27:15,0.02000000,0.11000000
2018-02-28 05:27:26,0.02000000,5.00000000
2018-02-28 05:27:28,0.02000000,11.84000000
2018-02-28 05:27:29,0.02000000,1.35000000
2018-02-28 05:27:32,0.02000000,0.20000000
2018-02-28 05:27:37,0.02000000,23.69000000
2018-02-28 05:27:42,0.02000000,1.00000000
2018-02-28 05:27:49,0.02002500,1.00000000
2018-02-28 05:27:50,0.02002500,0.11000000
2018-02-28 05:27:51,0.02002500,2.95000000
2018-02-28 05:28:06,0.02000000,0.17000000
2018-02-28 05:28:12,0.02000000,3.90000000
2018-02-28 05:28:28,0.02000100,2.00000000
2018-02-28 05:28:34,0.02001800,0.08000000
2018-02-28 05:28:38,0.02001700,1.23000000
2018-02-28 05:28:38,0.02001800,2.05000000
2018-02-28 05:28:49,0.02001700,3.87000000
2018-02-28 05:28:49,0.02001800,2.27000000
2018-02-28 05:28:49,0.02001800,0.11000000
2018-02-28 05:28:49,0.02001800,3.75000000
2018-02-28 05:29:00,0.02001800,0.03000000
2018-02-28 05:29:03,0.02001800,0.30000000
2018-02-28 05:29:04,0.02001900,1.00000000
2018-02-28 05:29:07,0.02003600,5.00000000
2018-02-28 05:29:09,0.02003600,0.36000000
2018-02-28 05:29:11,0.02003600,0.28000000
2018-02-28 05:29:16,0.02001800,3.61000000
2018-02-28 05:29:16,0.02000100,0.02000000
2018-02-28 05:29:16,0.02000100,3.06000000
2018-02-28 05:29:16,0.02000100,8.64000000
2018-02-28 05:29:17,0.02000100,5.72000000
2018-02-28 05:29:17,0.02000100,4.11000000
2018-02-28 05:29:19,0.02000100,4.87000000
2018-02-28 05:29:52,0.02000100,1.00000000
2018-02-28 05:29:57,0.02000800,0.05000000
2018-02-28 05:30:04,0.02000100,0.24000000
2018-02-28 05:30:13,0.02001500,0.30000000
2018-02-28 05:30:18,0.02001500,2.11000000
2018-02-28 05:30:27,0.02000100,0.11000000
2018-02-28 05:30:30,0.02000100,0.15000000
2018-02-28 05:30:31,0.02000100,0.10000000
2018-02-28 05:30:31,0.02001000,0.35000000
2018-02-28 05:30:35,0.02000100,2.12000000
2018-02-28 05:30:47,0.02000100,1.00000000
2018-02-28 05:30:54,0.02000100,2.24000000
2018-02-28 05:31:00,0.02000100,5.45000000
2018-02-28 05:31:02,0.02000100,1.10000000
2018-02-28 05:31:15,0.02000100,0.11000000
2018-02-28 05:31:19,0.02000100,4.56000000
2018-02-28 05:31:20,0.02000100,0.08000000
2018-02-28 05:31:25,0.02000100,4.00000000
2018-02-28 05:31:26,0.02000100,0.11000000
2018-02-28 05:31:28,0.02000100,2.66000000
2018-02-28 05:31:28,0.02000000,27.41000000
2018-02-28 05:31:28,0.02000200,0.49000000
2018-02-28 05:31:29,0.02000000,9.88000000
2018-02-28 05:31:30,0.02000200,0.25000000
2018-02-28 05:31:30,0.02000200,0.43000000
2018-02-28 05:31:30,0.02000800,0.07000000
2018-02-28 05:31:32,0.02000200,0.98000000
2018-02-28 05:31:34,0.02000000,13.08000000
2018-02-28 05:31:37,0.02000000,0.25000000
2018-02-28 05:31:39,0.01999900,1.00000000
2018-02-28 05:31:39,0.01999900,1.07000000
2018-02-28 05:31:39,0.01999900,0.84000000
2018-02-28 05:31:39,0.01999700,0.50000000
2018-02-28 05:31:39,0.01999500,0.20000000
2018-02-28 05:31:39,0.01999000,0.41000000
2018-02-28 05:31:39,0.01998500,0.23000000
2018-02-28 05:31:39,0.01998400,2.00000000
2018-02-28 05:31:39,0.01998200,0.10000000
2018-02-28 05:31:39,0.01998000,1.50000000
2018-02-28 05:31:39,0.01997900,0.06000000
2018-02-28 05:31:39,0.01997800,2.74000000
2018-02-28 05:31:39,0.01997100,1.13000000
2018-02-28 05:31:39,0.01997000,6.55000000
2018-02-28 05:31:39,0.01996900,1.29000000
2018-02-28 05:31:39,0.01996900,0.21000000
2018-02-28 05:31:39,0.01996800,1.00000000
2018-02-28 05:31:39,0.01996700,1.28000000
2018-02-28 05:31:39,0.01996600,1.91000000
2018-02-28 05:31:39,0.01996500,0.10000000
2018-02-28 05:31:39,0.01996200,2.24000000
2018-02-28 05:31:39,0.01995100,14.00000000
2018-02-28 05:31:40,0.01997700,0.07000000
2018-02-28 05:31:40,0.01998000,0.17000000
2018-02-28 05:31:42,0.01997900,13.22000000
2018-02-28 05:31:43,0.01997900,0.78000000
2018-02-28 05:31:44,0.01997900,1.22000000
2018-02-28 05:31:44,0.01995400,0.84000000
2018-02-28 05:31:46,0.01995500,1.00000000
2018-02-28 05:31:47,0.01998000,1.01000000
2018-02-28 05:31:48,0.01998000,3.77000000
2018-02-28 05:31:50,0.01998000,0.01000000
2018-02-28 05:31:50,0.01998700,0.19000000
2018-02-28 05:32:00,0.01998700,0.12000000
2018-02-28 05:32:06,0.01998600,0.24000000
2018-02-28 05:32:07,0.01998600,0.34000000
2018-02-28 05:32:09,0.01998600,0.32000000
2018-02-28 05:32:10,0.01998600,1.74000000
2018-02-28 05:32:10,0.01998600,0.88000000
2018-02-28 05:32:11,0.01998600,0.14000000
2018-02-28 05:32:15,0.01995900,0.19000000
2018-02-28 05:32:17,0.01995900,0.05000000
2018-02-28 05:32:17,0.01998700,0.15000000
2018-02-28 05:32:17,0.01995800,3.00000000
2018-02-28 05:32:21,0.01995800,0.78000000
2018-02-28 05:32:22,0.01995800,0.22000000
2018-02-28 05:32:22,0.01998700,0.06000000
2018-02-28 05:32:23,0.01995700,0.81000000
2018-02-28 05:32:23,0.01998700,0.72000000
2018-02-28 05:32:25,0.01998700,0.64000000
2018-02-28 05:32:27,0.01995900,0.35000000
2018-02-28 05:32:27,0.01995800,0.26000000
2018-02-28 05:32:28,0.01998700,0.11000000
2018-02-28 05:32:28,0.01998700,0.20000000
2018-02-28 05:32:30,0.01998300,1.47000000
2018-02-28 05:32:30,0.01998700,0.78000000
2018-02-28 05:32:39,0.01998700,0.35000000
2018-02-28 05:32:42,0.01998700,0.50000000
2018-02-28 05:32:42,0.01998700,0.11000000
2018-02-28 05:32:43,0.01998700,5.16000000
2018-02-28 05:32:45,0.01998800,0.53000000
2018-02-28 05:32:46,0.01998800,0.45000000
2018-02-28 05:32:46,0.01998800,0.78000000
2018-02-28 05:32:47,0.01999000,1.88000000
2018-02-28 05:32:51,0.01999000,10.52000000
2018-02-28 05:32:54,0.01996600,1.97000000
2018-02-28 05:32:56,0.01999000,1.48000000
2018-02-28 05:33:02,0.01999000,0.11000000
2018-02-28 05:33:02,0.01999000,0.11000000
2018-02-28 05:33:02,0.01999000,4.08000000
2018-02-28 05:33:07,0.01999000,4.74000000
2018-02-28 05:33:07,0.01999000,0.43000000
2018-02-28 05:33:08,0.01999000,0.15000000
2018-02-28 05:33:13,0.01996000,2.13000000
2018-02-28 05:33:13,0.01995900,0.09000000
2018-02-28 05:33:17,0.01995800,1.50000000
2018-02-28 05:33:20,0.01995900,0.34000000
2018-02-28 05:33:33,0.01995900,0.65000000
2018-02-28 05:33:34,0.01998800,0.20000000
2018-02-28 05:33:35,0.01995900,1.69000000
2018-02-28 05:33:35,0.01995800,3.31000000
2018-02-28 05:33:38,0.01995800,0.98000000
2018-02-28 05:33:40,0.01998800,0.41000000
2018-02-28 05:33:43,0.01998800,0.16000000
2018-02-28 05:33:44,0.01998700,0.54000000
2018-02-28 05:33:44,0.01998700,6.29000000
2018-02-28 05:33:48,0.01998600,0.40000000
2018-02-28 05:33:48,0.01995900,0.63000000
2018-02-28 05:33:48,0.01995900,0.64000000
2018-02-28 05:33:48,0.01995900,22.10000000
2018-02-28 05:33:52,0.01998600,0.15000000
2018-02-28 05:33:53,0.01998600,1.50000000
2018-02-28 05:33:53,0.01998600,0.51000000
2018-02-28 05:33:54,0.01998600,0.19000000
2018-02-28 05:33:54,0.01998600,1.16000000
2018-02-28 05:33:55,0.01998700,0.45000000
2018-02-28 05:33:56,0.01998700,1.52000000
2018-02-28 05:33:56,0.01998700,1.22000000
2018-02-28 05:33:57,0.01998700,0.11000000
2018-02-28 05:33:59,0.01998700,4.08000000
2018-02-28 05:34:02,0.01998700,0.35000000
2018-02-28 05:34:06,0.01998500,1.28000000
2018-02-28 05:34:06,0.01998700,0.01000000
2018-02-28 05:34:06,0.01998800,0.65000000
2018-02-28 05:34:09,0.01998700,0.45000000
2018-02-28 05:34:12,0.01998800,0.68000000
2018-02-28 05:34:14,0.01998700,0.61000000
2018-02-28 05:34:15,0.01998800,0.01000000
2018-02-28 05:34:15,0.01998900,1.32000000
2018-02-28 05:34:15,0.01998900,4.08000000
2018-02-28 05:34:15,0.01999000,1.61000000
2018-02-28 05:34:16,0.01999000,0.89000000
2018-02-28 05:34:16,0.01998700,0.28000000
2018-02-28 05:34:17,0.01999200,0.11000000
2018-02-28 05:34:17,0.01998700,1.13000000
2018-02-28 05:34:17,0.01999200,1.38000000
2018-02-28 05:34:18,0.01999200,0.01000000
2018-02-28 05:34:18,0.01999400,2.00000000
2018-02-28 05:34:18,0.01999500,1.53000000
2018-02-28 05:34:18,0.01999700,1.60000000
2018-02-28 05:34:19,0.01999700,1.62000000
2018-02-28 05:34:20,0.01999800,0.10000000
2018-02-28 05:34:21,0.02000000,0.11000000
2018-02-28 05:34:24,0.02000000,1.78000000
2018-02-28 05:34:24,0.02000000,0.11000000
2018-02-28 05:34:24,0.02000000,1.61000000
2018-02-28 05:34:25,0.02000000,3.88000000
2018-02-28 05:34:25,0.02000000,2.27000000
2018-02-28 05:34:25,0.02000000,6.00000000
2018-02-28 05:34:26,0.02000000,0.07000000
2018-02-28 05:34:26,0.02000200,0.01000000
2018-02-28 05:34:26,0.02000800,0.15000000
2018-02-28 05:34:26,0.02002100,0.33000000
2018-02-28 05:34:33,0.02002100,0.05000000
2018-02-28 05:34:34,0.02002100,0.11000000
2018-02-28 05:34:35,0.02002100,0.23000000
2018-02-28 05:34:52,0.02002100,0.28000000
2018-02-28 05:34:52,0.02002100,1.57000000
2018-02-28 05:34:52,0.02002100,0.08000000
2018-02-28 05:34:54,0.02002100,8.78000000
2018-02-28 05:35:00,0.02002000,2.08000000
2018-02-28 05:35:00,0.02002100,1.00000000
2018-02-28 05:35:01,0.02002100,0.59000000
2018-02-28 05:35:01,0.02002100,1.14000000
2018-02-28 05:35:01,0.02002100,0.13000000
2018-02-28 05:35:01,0.02002000,1.91000000
2018-02-28 05:35:04,0.02002000,2.33000000
2018-02-28 05:35:15,0.02002000,0.05000000
2018-02-28 05:35:16,0.02001900,0.20000000
2018-02-28 05:35:20,0.01998800,1.00000000
2018-02-28 05:35:20,0.01998300,0.69000000
2018-02-28 05:35:22,0.02001900,2.31000000
2018-02-28 05:35:25,0.02001900,0.10000000
2018-02-28 05:35:43,0.01998400,0.36000000
2018-02-28 05:35:51,0.01998300,0.36000000
2018-02-28 05:35:51,0.01998300,0.02000000
2018-02-28 05:35:58,0.01998300,1.24000000
2018-02-28 05:36:01,0.02001900,16.19000000
2018-02-28 05:36:01,0.02002300,1.43000000
2018-02-28 05:36:01,0.02002300,0.81000000
2018-02-28 05:36:02,0.01998500,0.08000000
2018-02-28 05:36:05,0.01999200,1.00000000
2018-02-28 05:36:05,0.01999100,2.28000000
2018-02-28 05:36:05,0.01998600,1.45000000
2018-02-28 05:36:05,0.01998600,0.40000000
2018-02-28 05:36:05,0.01998400,0.11000000
2018-02-28 05:36:05,0.01998400,0.08000000
2018-02-28 05:36:05,0.01998300,2.28000000
2018-02-28 05:36:06,0.01998300,0.10000000
2018-02-28 05:36:06,0.01998300,0.25000000
2018-02-28 05:36:07,0.01998400,0.49000000
2018-02-28 05:36:07,0.01998400,0.31000000
2018-02-28 05:36:07,0.01998400,1.39000000
2018-02-28 05:36:07,0.01998400,0.49000000
2018-02-28 05:36:07,0.01998400,1.75000000
2018-02-28 05:36:08,0.01998400,25.87000000
2018-02-28 05:36:13,0.02002800,0.31000000
2018-02-28 05:36:19,0.01998700,2.00000000
2018-02-28 05:36:19,0.01998100,2.28000000
2018-02-28 05:36:19,0.01998000,0.52000000
2018-02-28 05:36:19,0.01997100,11.07000000
2018-02-28 05:36:19,0.02002000,1.72000000
2018-02-28 05:36:25,0.01998500,0.48000000
2018-02-28 05:36:26,0.01998500,0.18000000
2018-02-28 05:36:26,0.01998400,0.50000000
2018-02-28 05:36:26,0.01997700,1.44000000
2018-02-28 05:36:26,0.01997000,4.96000000
2018-02-28 05:36:28,0.01997200,0.11000000
2018-02-28 05:36:29,0.01997200,0.08000000
2018-02-28 05:36:29,0.01996800,0.15000000
2018-02-28 05:36:29,0.01997200,0.01000000
2018-02-28 05:36:29,0.02000800,0.66000000
2018-02-28 05:36:31,0.02000500,0.49000000
2018-02-28 05:36:33,0.02000300,0.49000000
2018-02-28 05:36:34,0.02000200,0.49000000
2018-02-28 05:36:35,0.02000000,0.44000000
2018-02-28 05:36:37,0.01999900,0.49000000
2018-02-28 05:36:46,0.01999900,0.81000000
2018-02-28 05:36:59,0.01999900,0.11000000
2018-02-28 05:37:01,0.01999900,0.46000000
2018-02-28 05:37:29,0.01997600,0.02000000
2018-02-28 05:37:32,0.01999900,0.11000000
2018-02-28 05:37:43,0.01998500,0.12000000
2018-02-28 05:37:43,0.01997600,0.06000000
2018-02-28 05:37:43,0.01997200,0.10000000
2018-02-28 05:37:43,0.01996800,3.76000000
2018-02-28 05:37:43,0.01996500,1.10000000
2018-02-28 05:37:49,0.01999500,0.10000000
2018-02-28 05:37:49,0.01999500,4.00000000
2018-02-28 05:37:51,0.01999600,10.39000000
2018-02-28 05:37:52,0.01999800,1.50000000
2018-02-28 05:37:55,0.01999900,13.49000000
2018-02-28 05:37:57,0.02000000,0.05000000
2018-02-28 05:37:57,0.02000000,0.11000000
2018-02-28 05:37:59,0.02000000,0.50000000
2018-02-28 05:38:00,0.01999900,5.94000000
2018-02-28 05:38:01,0.01998700,4.16000000
2018-02-28 05:38:01,0.01998700,0.01000000
2018-02-28 05:38:01,0.02000000,0.04000000
2018-02-28 05:38:04,0.01997100,4.10000000
2018-02-28 05:38:04,0.01996600,16.00000000
2018-02-28 05:38:04,0.01996600,5.01000000
2018-02-28 05:38:05,0.01996600,14.44000000
2018-02-28 05:38:09,0.01996600,10.00000000
2018-02-28 05:38:10,0.01996600,1.17000000
2018-02-28 05:38:14,0.01999900,0.17000000
2018-02-28 05:38:27,0.01996600,0.17000000
2018-02-28 05:38:27,0.01996500,0.22000000
2018-02-28 05:38:32,0.01999500,4.11000000
2018-02-28 05:38:32,0.01999600,16.00000000
2018-02-28 05:38:42,0.01999600,0.45000000
2018-02-28 05:38:42,0.01999600,6.40000000
2018-02-28 05:38:43,0.01999600,0.56000000
2018-02-28 05:38:43,0.01999600,9.38000000
2018-02-28 05:38:43,0.01996800,0.11000000
2018-02-28 05:38:43,0.01996800,0.12000000
2018-02-28 05:38:44,0.01997100,0.38000000
2018-02-28 05:38:44,0.01997100,0.38000000
2018-02-28 05:38:44,0.01997100,2.75000000
2018-02-28 05:38:44,0.01997100,4.11000000
2018-02-28 05:38:45,0.01997100,1.87000000
2018-02-28 05:38:45,0.01997100,0.15000000
2018-02-28 05:38:49,0.01997100,0.55000000
2018-02-28 05:38:52,0.01997100,0.46000000
2018-02-28 05:38:57,0.01999500,1.32000000
2018-02-28 05:38:59,0.01999500,0.13000000
2018-02-28 05:39:25,0.01997300,1.45000000
2018-02-28 05:39:25,0.01997100,0.55000000
2018-02-28 05:39:27,0.01999500,0.50000000
2018-02-28 05:39:34,0.01999500,1.01000000
2018-02-28 05:39:38,0.01999500,0.11000000
2018-02-28 05:39:42,0.01999600,0.11000000
2018-02-28 05:39:46,0.01999600,12.51000000
2018-02-28 05:39:46,0.01999600,1.41000000
2018-02-28 05:39:53,0.01999500,4.70000000
2018-02-28 05:39:56,0.01999600,0.22000000
2018-02-28 05:40:03,0.01999800,4.99000000
2018-02-28 05:40:06,0.01999800,2.77000000
2018-02-28 05:40:12,0.01999700,1.55000000
2018-02-28 05:40:14,0.01999700,0.43000000
2018-02-28 05:40:15,0.01999700,0.07000000
2018-02-28 05:40:17,0.01999700,0.20000000
2018-02-28 05:40:17,0.01999800,2.09000000
2018-02-28 05:40:19,0.01999600,0.85000000
2018-02-28 05:40:19,0.01999500,5.56000000
2018-02-28 05:40:20,0.01996600,0.12000000
2018-02-28 05:40:23,0.01999500,0.50000000
2018-02-28 05:40:23,0.01999600,0.39000000
2018-02-28 05:40:27,0.01999800,5.41000000
2018-02-28 05:40:29,0.01996700,0.80000000
2018-02-28 05:40:34,0.01999800,3.70000000
2018-02-28 05:40:35,0.01999800,0.01000000
2018-02-28 05:40:36,0.02000000,12.81000000
2018-02-28 05:40:37,0.02000000,54.07000000
2018-02-28 05:40:39,0.02000000,0.32000000
2018-02-28 05:40:42,0.01999700,0.50000000
2018-02-28 05:40:48,0.01999700,1.00000000
2018-02-28 05:40:56,0.01997200,1.35000000
2018-02-28 05:40:56,0.01997000,0.23000000
2018-02-28 05:40:58,0.01997000,1.25000000
2018-02-28 05:40:58,0.01997200,0.11000000
2018-02-28 05:40:58,0.01997200,0.08000000
2018-02-28 05:41:05,0.01997000,0.02000000
2018-02-28 05:41:13,0.01997000,1.05000000
2018-02-28 05:41:26,0.01997000,0.42000000
2018-02-28 05:41:28,0.01997200,0.01000000
2018-02-28 05:41:28,0.01999700,0.49000000
2018-02-28 05:41:32,0.01999700,1.59000000
2018-02-28 05:41:37,0.01997000,2.84000000
2018-02-28 05:41:37,0.01997000,1.26000000
2018-02-28 05:41:41,0.01997000,0.75000000
2018-02-28 05:41:42,0.01997000,0.83000000
2018-02-28 05:41:45,0.01997000,0.17000000
2018-02-28 05:41:45,0.01996500,0.79000000
2018-02-28 05:41:46,0.01999600,0.30000000
2018-02-28 05:41:48,0.01999600,2.13000000
2018-02-28 05:41:53,0.01999700,0.11000000
2018-02-28 05:41:56,0.01999600,0.59000000
2018-02-28 05:42:00,0.01999000,12.47000000
2018-02-28 05:42:00,0.01998300,5.12000000
2018-02-28 05:42:02,0.01998300,0.91000000
2018-02-28 05:42:02,0.01999600,0.91000000
2018-02-28 05:42:02,0.01999700,0.45000000
2018-02-28 05:42:02,0.02000000,42.26000000
2018-02-28 05:42:03,0.02000800,1.07000000
2018-02-28 05:42:03,0.02000900,1.06000000
2018-02-28 05:42:03,0.02002100,7.70000000
2018-02-28 05:42:09,0.02002100,2.70000000
2018-02-28 05:42:09,0.01998600,2.00000000
2018-02-28 05:42:09,0.01998500,2.28000000
2018-02-28 05:42:09,0.01997900,1.72000000
2018-02-28 05:42:10,0.01998100,4.97000000
2018-02-28 05:42:10,0.01997900,0.28000000
2018-02-28 05:42:10,0.01997800,0.69000000
2018-02-28 05:42:14,0.01999500,0.70000000
2018-02-28 05:42:17,0.01998900,0.08000000
2018-02-28 05:42:17,0.01998900,2.22000000
2018-02-28 05:42:17,0.01998000,0.43000000
2018-02-28 05:42:17,0.01998900,0.11000000
2018-02-28 05:42:17,0.01998900,1.94000000
2018-02-28 05:42:18,0.01999100,2.28000000
2018-02-28 05:42:18,0.01999400,1.00000000
2018-02-28 05:42:18,0.02000000,0.70000000
2018-02-28 05:42:24,0.02000000,0.94000000
2018-02-28 05:42:24,0.01998900,0.11000000
2018-02-28 05:42:25,0.01998400,0.95000000
2018-02-28 05:42:25,0.01998000,0.02000000
2018-02-28 05:42:25,0.01998400,0.01000000
2018-02-28 05:42:25,0.02000000,0.04000000
2018-02-28 05:42:27,0.02000000,1.45000000
2018-02-28 05:42:36,0.01999800,0.80000000
2018-02-28 05:42:38,0.02000000,0.11000000
2018-02-28 05:43:03,0.02000000,0.10000000
2018-02-28 05:43:04,0.01999800,0.08000000
2018-02-28 05:43:11,0.02000000,0.16000000
2018-02-28 05:43:20,0.01999800,1.58000000
2018-02-28 05:43:20,0.01999800,2.18000000
2018-02-28 05:43:20,0.01999800,1.36000000
2018-02-28 05:43:20,0.01999000,0.05000000
2018-02-28 05:43:23,0.02000000,1.00000000
2018-02-28 05:43:23,0.02000000,0.11000000
2018-02-28 05:43:26,0.02000000,0.98000000
2018-02-28 05:43:28,0.02000000,4.13000000
2018-02-28 05:43:29,0.02000000,1.43000000
2018-02-28 05:43:32,0.02000000,0.44000000
2018-02-28 05:43:32,0.02000000,1.67000000
2018-02-28 05:43:33,0.02000000,8.33000000
2018-02-28 05:43:37,0.01999800,1.62000000
2018-02-28 05:43:37,0.01999300,3.59000000
2018-02-28 05:43:37,0.01999200,0.88000000
2018-02-28 05:43:39,0.01999200,2.52000000
2018-02-28 05:43:40,0.01999200,0.01000000
2018-02-28 05:43:44,0.01999300,0.44000000
2018-02-28 05:43:44,0.01999200,1.12000000
2018-02-28 05:43:48,0.01999200,0.01000000
2018-02-28 05:43:50,0.01999200,0.06000000
2018-02-28 05:43:52,0.01999200,0.35000000
2018-02-28 05:43:52,0.01999000,0.53000000
2018-02-28 05:43:53,0.01999200,0.10000000
2018-02-28 05:43:54,0.01999000,0.06000000
2018-02-28 05:43:57,0.01999200,0.37000000
2018-02-28 05:43:57,0.01999800,1.63000000
2018-02-28 05:43:59,0.01999000,6.38000000
2018-02-28 05:44:06,0.01999500,1.58000000
2018-02-28 05:44:08,0.01999500,1.72000000
2018-02-28 05:44:08,0.01999500,0.29000000
2018-02-28 05:44:09,0.01999500,0.11000000
2018-02-28 05:44:18,0.01999800,0.36000000
2018-02-28 05:44:26,0.01999800,0.64000000
2018-02-28 05:44:26,0.01999500,3.58000000
2018-02-28 05:44:28,0.01999500,1.16000000
2018-02-28 05:44:39,0.02000000,0.11000000
2018-02-28 05:44:45,0.01999500,0.15000000
2018-02-28 05:44:57,0.02000000,0.10000000
2018-02-28 05:45:00,0.02001900,0.31000000
2018-02-28 05:45:00,0.02001900,0.11000000
2018-02-28 05:45:02,0.02001900,0.70000000
2018-02-28 05:45:04,0.02001900,0.06000000
2018-02-28 05:45:04,0.02001900,0.11000000
2018-02-28 05:45:04,0.02001900,6.54000000
2018-02-28 05:45:07,0.01999700,5.00000000
2018-02-28 05:45:07,0.01999500,0.78000000
2018-02-28 05:45:08,0.02001800,0.10000000
2018-02-28 05:45:08,0.02001800,0.98000000
2018-02-28 05:45:10,0.02001800,2.27000000
2018-02-28 05:45:10,0.02001800,4.09000000
2018-02-28 05:45:12,0.02001800,0.11000000
2018-02-28 05:45:18,0.01999500,1.56000000
2018-02-28 05:45:19,0.01999500,0.10000000
2018-02-28 05:45:20,0.02001800,4.13000000
2018-02-28 05:45:37,0.02001600,0.08000000
2018-02-28 05:45:38,0.02001600,0.08000000
2018-02-28 05:45:38,0.02001600,0.14000000
2018-02-28 05:45:40,0.02001600,0.13000000
2018-02-28 05:45:52,0.02000000,0.40000000
2018-02-28 05:45:52,0.01999800,1.16000000
2018-02-28 05:45:54,0.02001800,0.49000000
2018-02-28 05:45:55,0.02001800,1.64000000
2018-02-28 05:46:04,0.02001500,0.33000000
2018-02-28 05:46:11,0.01999900,0.20000000
2018-02-28 05:46:18,0.01999900,0.05000000
2018-02-28 05:46:19,0.02001500,0.49000000
2018-02-28 05:46:22,0.01999900,7.00000000
2018-02-28 05:46:24,0.01999900,0.26000000
2018-02-28 05:46:34,0.02000100,0.14000000
2018-02-28 05:46:41,0.02000100,0.06000000
2018-02-28 05:46:42,0.02000100,0.13000000
2018-02-28 05:46:42,0.02001100,0.11000000
2018-02-28 05:46:43,0.02000000,0.63000000
2018-02-28 05:46:54,0.02000400,0.06000000
2018-02-28 05:46:54,0.02001100,0.13000000
2018-02-28 05:46:54,0.02001100,0.18000000
2018-02-28 05:46:54,0.02001400,0.32000000
2018-02-28 05:46:54,0.02001500,1.15000000
2018-02-28 05:46:54,0.02001500,0.02000000
2018-02-28 05:46:54,0.02001600,0.49000000
2018-02-28 05:46:54,0.02001600,7.44000000
2018-02-28 05:46:54,0.02001800,13.31000000
2018-02-28 05:46:54,0.02001800,0.11000000
2018-02-28 05:46:55,0.02001800,0.11000000
2018-02-28 05:47:04,0.02000600,0.08000000
2018-02-28 05:47:05,0.02000600,0.20000000
2018-02-28 05:47:05,0.02000600,0.71000000
2018-02-28 05:47:05,0.02000600,0.11000000
2018-02-28 05:47:06,0.02000600,0.05000000
2018-02-28 05:47:08,0.02000600,0.01000000
2018-02-28 05:47:10,0.02001800,3.72000000
2018-02-28 05:47:32,0.02001000,4.62000000
2018-02-28 05:47:33,0.02001800,0.01000000
2018-02-28 05:47:33,0.02001800,0.73000000
2018-02-28 05:47:33,0.02001900,0.11000000
2018-02-28 05:47:38,0.02001900,0.49000000
2018-02-28 05:47:38,0.02001900,1.09000000
2018-02-28 05:47:39,0.02001900,0.28000000
2018-02-28 05:47:41,0.02001800,0.20000000
2018-02-28 05:47:41,0.02001900,17.40000000
2018-02-28 05:47:41,0.02001900,0.11000000
2018-02-28 05:47:43,0.02001800,0.20000000
2018-02-28 05:47:43,0.02001900,4.21000000
2018-02-28 05:47:45,0.02001900,0.49000000
2018-02-28 05:47:47,0.02001900,0.11000000
2018-02-28 05:47:49,0.02001900,0.49000000
2018-02-28 05:47:53,0.02001800,0.72000000
2018-02-28 05:47:54,0.02001500,1.00000000
2018-02-28 05:47:54,0.02001800,0.11000000
2018-02-28 05:48:00,0.02001800,3.38000000
2018-02-28 05:48:04,0.02001900,0.11000000
2018-02-28 05:48:08,0.02001900,1.00000000
2018-02-28 05:48:26,0.02001900,0.49000000
2018-02-28 05:48:32,0.02001900,0.11000000
2018-02-28 05:48:37,0.02001900,0.49000000
2018-02-28 05:48:39,0.02001800,1.77000000
2018-02-28 05:48:40,0.02001900,0.14000000
2018-02-28 05:48:40,0.02001900,0.49000000
2018-02-28 05:48:41,0.02001900,0.49000000
2018-02-28 05:48:41,0.02001900,0.10000000
2018-02-28 05:48:41,0.02001900,0.39000000
2018-02-28 05:48:41,0.02001900,0.39000000
2018-02-28 05:48:41,0.02001900,0.39000000
2018-02-28 05:48:44,0.02001900,0.11000000
2018-02-28 05:48:56,0.02001900,11.17000000
2018-02-28 05:48:59,0.02001900,0.49000000
2018-02-28 05:49:00,0.02001900,0.49000000
2018-02-28 05:49:00,0.02001900,0.40000000
2018-02-28 05:49:00,0.02001900,4.56000000
2018-02-28 05:49:00,0.02001900,4.56000000
2018-02-28 05:49:00,0.02001900,4.56000000
2018-02-28 05:49:00,0.02001900,0.11000000
2018-02-28 05:49:02,0.02001900,0.50000000
2018-02-28 05:49:04,0.02001900,0.11000000
2018-02-28 05:49:08,0.02001900,0.11000000
2018-02-28 05:49:11,0.02001800,0.20000000
2018-02-28 05:49:11,0.02001800,0.49000000
2018-02-28 05:49:13,0.02001800,0.20000000
2018-02-28 05:49:16,0.02001800,4.61000000
2018-02-28 05:49:24,0.02001800,1.00000000
2018-02-28 05:49:27,0.02000600,0.30000000
2018-02-28 05:49:39,0.02001800,1.50000000
2018-02-28 05:49:46,0.02001800,1.40000000
2018-02-28 05:49:46,0.02001900,1.64000000
2018-02-28 05:49:51,0.02001000,0.14000000
2018-02-28 05:49:51,0.02001000,7.46000000
2018-02-28 05:49:51,0.02001000,0.01000000
2018-02-28 05:49:51,0.02001900,0.48000000
2018-02-28 05:50:09,0.02001800,0.49000000
2018-02-28 05:50:11,0.02001800,0.49000000
2018-02-28 05:50:13,0.02000900,0.31000000
2018-02-28 05:50:13,0.02000500,0.82000000
2018-02-28 05:50:13,0.02001800,0.21000000
2018-02-28 05:50:17,0.02001800,6.78000000
2018-02-28 05:50:17,0.02001800,0.11000000
2018-02-28 05:50:22,0.02001500,0.11000000
2018-02-28 05:50:28,0.02001500,0.69000000
2018-02-28 05:50:32,0.02001500,0.29000000
2018-02-28 05:50:32,0.02001800,0.20000000
2018-02-28 05:50:38,0.02000200,2.00000000
2018-02-28 05:50:42,0.02000000,0.95000000
2018-02-28 05:50:42,0.01999900,2.20000000
2018-02-28 05:50:42,0.01999200,0.15000000
2018-02-28 05:50:42,0.01999100,0.70000000
2018-02-28 05:50:49,0.02000200,0.90000000
2018-02-28 05:50:49,0.01999200,1.34000000
2018-02-28 05:51:00,0.02000700,0.69000000
2018-02-28 05:51:02,0.02000600,1.34000000
2018-02-28 05:51:15,0.01999000,0.02000000
2018-02-28 05:51:15,0.02000600,0.50000000
2018-02-28 05:51:17,0.02000600,1.06000000
2018-02-28 05:51:17,0.02000000,13.49000000
2018-02-28 05:51:29,0.02000200,0.99000000
2018-02-28 05:51:30,0.02001500,0.49000000
2018-02-28 05:51:32,0.02001500,0.49000000
2018-02-28 05:51:34,0.02001500,0.23000000
2018-02-28 05:51:44,0.02001400,0.32000000
2018-02-28 05:51:44,0.02001500,0.17000000
2018-02-28 05:51:45,0.02000200,1.05000000
2018-02-28 05:51:47,0.02000200,0.05000000
2018-02-28 05:51:47,0.02001500,0.49000000
2018-02-28 05:51:55,0.02001500,0.17000000
2018-02-28 05:51:56,0.02001500,2.44000000
2018-02-28 05:52:01,0.02001500,0.49000000
2018-02-28 05:52:16,0.02001300,1.50000000
2018-02-28 05:52:16,0.02001500,2.63000000
2018-02-28 05:52:20,0.02000300,0.05000000
2018-02-28 05:52:20,0.02000000,0.95000000
2018-02-28 05:52:20,0.02000000,0.90000000
2018-02-28 05:52:25,0.02000000,0.54000000
2018-02-28 05:52:26,0.02000000,0.90000000
2018-02-28 05:52:27,0.02000000,0.90000000
2018-02-28 05:52:35,0.02001300,0.79000000
2018-02-28 05:52:40,0.02000000,1.50000000
2018-02-28 05:52:41,0.02000000,0.08000000
2018-02-28 05:52:41,0.02000000,1.50000000
2018-02-28 05:52:46,0.02001300,0.19000000
2018-02-28 05:52:49,0.02000200,0.64000000
2018-02-28 05:52:49,0.02000200,0.25000000
2018-02-28 05:52:54,0.02001000,2.40000000
2018-02-28 05:52:54,0.02001300,3.28000000
2018-02-28 05:52:55,0.02000200,0.11000000
2018-02-28 05:52:56,0.02000200,0.08000000
2018-02-28 05:52:58,0.02000200,0.01000000
2018-02-28 05:52:59,0.02000200,3.40000000
2018-02-28 05:53:01,0.02000200,0.38000000
2018-02-28 05:53:02,0.02000000,0.34000000
2018-02-28 05:53:07,0.02000000,2.54000000
2018-02-28 05:53:07,0.02000000,3.55000000
2018-02-28 05:53:10,0.02000100,0.70000000
2018-02-28 05:53:13,0.02000100,0.14000000
2018-02-28 05:53:17,0.02000100,9.35000000
2018-02-28 05:53:20,0.02000100,2.54000000
2018-02-28 05:53:21,0.02000200,0.31000000
2018-02-28 05:53:21,0.02001300,0.18000000
2018-02-28 05:53:21,0.02000000,7.75000000
2018-02-28 05:53:33,0.02000000,1.50000000
2018-02-28 05:53:35,0.02000000,3.06000000
2018-02-28 05:53:36,0.02000000,4.56000000
2018-02-28 05:53:38,0.02000000,13.00000000
2018-02-28 05:53:39,0.02000000,2.15000000
2018-02-28 05:53:43,0.02000000,0.69000000
2018-02-28 05:53:50,0.02000000,3.91000000
2018-02-28 05:53:56,0.02000100,0.16000000
2018-02-28 05:53:56,0.02000000,1.11000000
2018-02-28 05:54:00,0.02000000,24.58000000
2018-02-28 05:54:08,0.01999200,0.52000000
2018-02-28 05:54:10,0.01999700,0.46000000
2018-02-28 05:54:16,0.01999200,0.87000000
2018-02-28 05:54:22,0.01999200,0.16000000
2018-02-28 05:54:22,0.01999000,0.35000000
2018-02-28 05:54:23,0.01999000,6.14000000
2018-02-28 05:54:26,0.01999000,3.64000000
2018-02-28 05:54:26,0.01999000,0.40000000
2018-02-28 05:54:31,0.01998000,0.15000000
2018-02-28 05:54:32,0.01998000,0.88000000
2018-02-28 05:54:33,0.01998000,0.11000000
2018-02-28 05:54:39,0.01998000,4.09000000
2018-02-28 05:54:39,0.01998000,4.63000000
2018-02-28 05:54:40,0.01998000,0.01000000
2018-02-28 05:54:40,0.01999000,1.99000000
2018-02-28 05:54:41,0.01999000,0.06000000
2018-02-28 05:54:47,0.01999000,0.50000000
2018-02-28 05:54:51,0.01996800,4.00000000
2018-02-28 05:54:53,0.01996800,6.26000000
2018-02-28 05:54:53,0.01996600,14.04000000
2018-02-28 05:54:55,0.01999000,0.10000000
2018-02-28 05:54:59,0.01998900,0.50000000
2018-02-28 05:55:12,0.01998800,4.11000000
2018-02-28 05:55:19,0.01996900,0.88000000
2018-02-28 05:55:34,0.01998800,1.62000000
2018-02-28 05:55:34,0.01998900,2.37000000
2018-02-28 05:55:41,0.01996600,3.23000000
2018-02-28 05:55:41,0.01996500,14.69000000
2018-02-28 05:55:43,0.01998900,0.50000000
2018-02-28 05:55:44,0.01998800,1.89000000
2018-02-28 05:55:50,0.01998800,2.22000000
2018-02-28 05:55:52,0.01998900,0.50000000
2018-02-28 05:55:53,0.01996700,4.11000000
2018-02-28 05:55:53,0.01996500,21.87000000
2018-02-28 05:55:53,0.01996500,0.07000000
2018-02-28 05:55:54,0.01996500,1.99000000
2018-02-28 05:56:03,0.01998800,0.34000000
2018-02-28 05:56:15,0.01998700,1.50000000
2018-02-28 05:56:16,0.01996500,0.01000000
2018-02-28 05:56:17,0.01996700,0.65000000
2018-02-28 05:56:19,0.01998600,9.21000000
2018-02-28 05:56:20,0.01996700,1.19000000
2018-02-28 05:56:20,0.01996500,2.98000000
2018-02-28 05:56:22,0.01998600,0.58000000
2018-02-28 05:56:23,0.01998700,0.10000000
2018-02-28 05:56:50,0.01996500,2.58000000
2018-02-28 05:56:50,0.01996500,0.50000000
2018-02-28 05:56:51,0.01996500,0.30000000
2018-02-28 05:56:53,0.01996500,7.46000000
2018-02-28 05:56:54,0.01996500,1.19000000
2018-02-28 05:57:03,0.01998700,0.06000000
2018-02-28 05:57:03,0.01998700,0.38000000
2018-02-28 05:57:03,0.01998700,0.19000000
2018-02-28 05:57:23,0.01996300,0.31000000
2018-02-28 05:57:27,0.01996300,0.03000000
2018-02-28 05:57:27,0.01998700,0.97000000
2018-02-28 05:57:36,0.01998600,0.36000000
2018-02-28 05:57:36,0.01998700,0.02000000
2018-02-28 05:57:36,0.01998800,0.12000000
2018-02-28 05:57:46,0.01995900,0.08000000
2018-02-28 05:57:51,0.01995900,0.16000000
2018-02-28 05:57:51,0.01995800,0.84000000
2018-02-28 05:57:57,0.01995800,0.92000000
2018-02-28 05:57:59,0.01998300,0.76000000
2018-02-28 05:58:04,0.01998300,1.48000000
2018-02-28 05:58:04,0.01998700,4.92000000
2018-02-28 05:58:15,0.01995900,0.14000000
2018-02-28 05:58:20,0.01995900,1.03000000
2018-02-28 05:58:30,0.01995900,0.46000000
2018-02-28 05:58:35,0.01998200,0.50000000
2018-02-28 05:58:38,0.01997900,0.08000000
2018-02-28 05:58:46,0.01997700,0.50000000
2018-02-28 05:58:51,0.01997500,0.10000000
2018-02-28 05:58:52,0.01995900,4.50000000
2018-02-28 05:58:52,0.01995900,0.07000000
2018-02-28 05:58:54,0.01995900,0.84000000
2018-02-28 05:58:54,0.01995900,3.95000000
2018-02-28 05:58:55,0.01995900,0.91000000
2018-02-28 05:58:55,0.01997500,1.41000000
2018-02-28 05:58:58,0.01995900,0.29000000
2018-02-28 05:58:59,0.01995900,0.39000000
2018-02-28 05:59:02,0.01995900,1.08000000
2018-02-28 05:59:08,0.01995900,0.07000000
2018-02-28 05:59:11,0.01996600,1.62000000
2018-02-28 05:59:24,0.01997600,0.72000000
2018-02-28 05:59:25,0.01997600,0.60000000
2018-02-28 05:59:25,0.01997600,0.20000000
2018-02-28 05:59:27,0.01995900,0.85000000
2018-02-28 05:59:29,0.01995900,0.80000000
2018-02-28 05:59:29,0.01995800,6.11000000
2018-02-28 05:59:29,0.01995200,5.00000000
2018-02-28 05:59:29,0.01995000,2.39000000
2018-02-28 05:59:29,0.01995000,4.86000000
2018-02-28 05:59:40,0.01995000,0.23000000
2018-02-28 05:59:43,0.01995000,6.40000000
2018-02-28 05:59:54,0.01995000,2.30000000
