DATE,PRICE,VOLUME
2018-02-23 14:00:00,0.02044400,0.48000000
2018-02-23 14:00:03,0.02044400,0.07000000
2018-02-23 14:00:03,0.02044500,0.41000000
2018-02-23 14:00:03,0.02043000,4.88000000
2018-02-23 14:00:04,0.02043000,2.93000000
2018-02-23 14:00:04,0.02044500,1.60000000
2018-02-23 14:00:04,0.02043200,2.02000000
2018-02-23 14:00:07,0.02044300,0.08000000
2018-02-23 14:00:08,0.02044400,0.48000000
2018-02-23 14:00:09,0.02043200,0.03000000
2018-02-23 14:00:09,0.02043000,8.47000000
2018-02-23 14:00:09,0.02043000,0.45000000
2018-02-23 14:00:09,0.02042700,0.20000000
2018-02-23 14:00:10,0.02042400,0.25000000
2018-02-23 14:00:10,0.02042400,0.85000000
2018-02-23 14:00:10,0.02044400,0.30000000
2018-02-23 14:00:10,0.02044500,0.18000000
2018-02-23 14:00:11,0.02042400,3.54000000
2018-02-23 14:00:14,0.02042300,6.00000000
2018-02-23 14:00:14,0.02042100,2.93000000
2018-02-23 14:00:14,0.02043000,0.46000000
2018-02-23 14:00:14,0.02044500,0.02000000
2018-02-23 14:00:15,0.02043000,0.59000000
2018-02-23 14:00:15,0.02043000,0.18000000
2018-02-23 14:00:16,0.02044000,0.09000000
2018-02-23 14:00:16,0.02044300,0.39000000
2018-02-23 14:00:17,0.02043000,0.33000000
2018-02-23 14:00:18,0.02043000,3.07000000
2018-02-23 14:00:20,0.02042100,2.05000000
2018-02-23 14:00:21,0.02042400,0.24000000
2018-02-23 14:00:24,0.02042300,5.75000000
2018-02-23 14:00:24,0.02042100,0.97000000
2018-02-23 14:00:24,0.02042400,0.51000000
2018-02-23 14:00:24,0.02042400,1.46000000
2018-02-23 14:00:24,0.02042100,0.51000000
2018-02-23 14:00:24,0.02042400,0.29000000
2018-02-23 14:00:24,0.02043200,0.15000000
2018-02-23 14:00:25,0.02043200,1.46000000
2018-02-23 14:00:25,0.02043200,1.46000000
2018-02-23 14:00:25,0.02043200,1.46000000
2018-02-23 14:00:25,0.02043200,8.07000000
2018-02-23 14:00:25,0.02043200,0.54000000
2018-02-23 14:00:25,0.02042400,0.54000000
2018-02-23 14:00:27,0.02043000,0.10000000
2018-02-23 14:00:27,0.02044100,3.74000000
2018-02-23 14:00:28,0.02044200,0.48000000
2018-02-23 14:00:28,0.02042500,1.04000000
2018-02-23 14:00:28,0.02042500,0.58000000
2018-02-23 14:00:29,0.02042500,1.95000000
2018-02-23 14:00:33,0.02043000,0.24000000
2018-02-23 14:00:33,0.02044300,5.60000000
2018-02-23 14:00:34,0.02042500,1.95000000
2018-02-23 14:00:36,0.02042600,0.25000000
2018-02-23 14:00:36,0.02042500,0.75000000
2018-02-23 14:00:38,0.02042500,1.04000000
2018-02-23 14:00:40,0.02042400,2.41000000
2018-02-23 14:00:41,0.02042400,0.64000000
2018-02-23 14:00:41,0.02042400,0.25000000
2018-02-23 14:00:43,0.02042100,2.74000000
2018-02-23 14:00:43,0.02041900,14.68000000
2018-02-23 14:00:43,0.02042400,2.13000000
2018-02-23 14:00:45,0.02041900,0.79000000
2018-02-23 14:00:51,0.02042000,0.25000000
2018-02-23 14:00:51,0.02041900,9.19000000
2018-02-23 14:00:51,0.02041700,0.50000000
2018-02-23 14:00:51,0.02041300,1.46000000
2018-02-23 14:00:51,0.02041200,0.60000000
2018-02-23 14:00:51,0.02041000,1.06000000
2018-02-23 14:00:56,0.02041100,0.48000000
2018-02-23 14:00:56,0.02041000,9.32000000
2018-02-23 14:00:58,0.02042300,1.01000000
2018-02-23 14:00:58,0.02042300,1.01000000
2018-02-23 14:00:58,0.02042300,1.01000000
2018-02-23 14:00:58,0.02042300,0.95000000
2018-02-23 14:01:01,0.02042200,1.46000000
2018-02-23 14:01:01,0.02042200,1.46000000
2018-02-23 14:01:01,0.02042200,1.46000000
2018-02-23 14:01:01,0.02042200,4.70000000
2018-02-23 14:01:01,0.02042400,0.57000000
2018-02-23 14:01:02,0.02042300,6.16000000
2018-02-23 14:01:02,0.02042200,1.46000000
2018-02-23 14:01:02,0.02041000,7.08000000
2018-02-23 14:01:02,0.02042500,1.46000000
2018-02-23 14:01:02,0.02042500,7.18000000
2018-02-23 14:01:02,0.02042500,1.46000000
2018-02-23 14:01:02,0.02042500,1.46000000
2018-02-23 14:01:02,0.02042500,0.46000000
2018-02-23 14:01:02,0.02041200,0.20000000
2018-02-23 14:01:02,0.02041200,1.26000000
2018-02-23 14:01:06,0.02040900,2.52000000
2018-02-23 14:01:06,0.02040700,1.09000000
2018-02-23 14:01:06,0.02040200,1.72000000
2018-02-23 14:01:06,0.02040100,9.37000000
2018-02-23 14:01:07,0.02042500,0.80000000
2018-02-23 14:01:07,0.02042500,0.80000000
2018-02-23 14:01:07,0.02042300,0.13000000
2018-02-23 14:01:07,0.02041000,0.67000000
2018-02-23 14:01:08,0.02042400,0.80000000
2018-02-23 14:01:08,0.02042400,0.29000000
2018-02-23 14:01:08,0.02042400,0.30000000
2018-02-23 14:01:08,0.02042300,0.30000000
2018-02-23 14:01:08,0.02041200,0.15000000
2018-02-23 14:01:08,0.02042000,0.09000000
2018-02-23 14:01:08,0.02041200,4.29000000
2018-02-23 14:01:08,0.02041000,0.03000000
2018-02-23 14:01:08,0.02041000,1.46000000
2018-02-23 14:01:09,0.02042300,0.05000000
2018-02-23 14:01:10,0.02042100,0.74000000
2018-02-23 14:01:11,0.02041100,0.82000000
2018-02-23 14:01:11,0.02041000,0.39000000
2018-02-23 14:01:11,0.02042100,1.46000000
2018-02-23 14:01:11,0.02042100,1.46000000
2018-02-23 14:01:11,0.02042100,2.09000000
2018-02-23 14:01:11,0.02042200,2.92000000
2018-02-23 14:01:11,0.02042000,0.34000000
2018-02-23 14:01:11,0.02042000,0.34000000
2018-02-23 14:01:11,0.02042000,1.46000000
2018-02-23 14:01:11,0.02041300,0.34000000
2018-02-23 14:01:12,0.02042400,1.46000000
2018-02-23 14:01:13,0.02042400,1.46000000
2018-02-23 14:01:14,0.02042500,0.48000000
2018-02-23 14:01:14,0.02042500,0.80000000
2018-02-23 14:01:14,0.02041300,0.47000000
2018-02-23 14:01:17,0.02042500,0.48000000
2018-02-23 14:01:18,0.02042500,0.48000000
2018-02-23 14:01:18,0.02041500,1.95000000
2018-02-23 14:01:18,0.02041500,0.48000000
2018-02-23 14:01:19,0.02042500,1.46000000
2018-02-23 14:01:19,0.02042500,4.12000000
2018-02-23 14:01:19,0.02042500,1.46000000
2018-02-23 14:01:19,0.02042500,1.46000000
2018-02-23 14:01:19,0.02042500,1.05000000
2018-02-23 14:01:19,0.02043000,0.10000000
2018-02-23 14:01:19,0.02044000,0.38000000
2018-02-23 14:01:19,0.02044000,0.48000000
2018-02-23 14:01:20,0.02042600,1.05000000
2018-02-23 14:01:21,0.02042500,1.05000000
2018-02-23 14:01:23,0.02042000,1.78000000
2018-02-23 14:01:24,0.02042000,8.53000000
2018-02-23 14:01:27,0.02043900,1.50000000
2018-02-23 14:01:27,0.02041700,0.15000000
2018-02-23 14:01:27,0.02041700,0.29000000
2018-02-23 14:01:27,0.02041300,0.47000000
2018-02-23 14:01:27,0.02041200,0.03000000
2018-02-23 14:01:31,0.02043900,2.22000000
2018-02-23 14:01:32,0.02042000,0.08000000
2018-02-23 14:01:33,0.02043900,1.46000000
2018-02-23 14:01:33,0.02043900,0.82000000
2018-02-23 14:01:33,0.02044000,1.46000000
2018-02-23 14:01:33,0.02044000,1.46000000
2018-02-23 14:01:33,0.02044000,0.80000000
2018-02-23 14:01:33,0.02044000,0.80000000
2018-02-23 14:01:33,0.02043900,1.46000000
2018-02-23 14:01:33,0.02044000,8.44000000
2018-02-23 14:01:33,0.02044000,0.66000000
2018-02-23 14:01:33,0.02044000,11.23000000
2018-02-23 14:01:33,0.02044300,0.77000000
2018-02-23 14:01:33,0.02044300,6.59000000
2018-02-23 14:01:33,0.02044400,0.10000000
2018-02-23 14:01:34,0.02044400,1.00000000
2018-02-23 14:01:36,0.02044400,1.99000000
2018-02-23 14:01:38,0.02044500,1.46000000
2018-02-23 14:01:38,0.02044500,2.51000000
2018-02-23 14:01:38,0.02044500,0.45000000
2018-02-23 14:01:38,0.02044500,1.46000000
2018-02-23 14:01:38,0.02044500,1.46000000
2018-02-23 14:01:39,0.02044500,0.79000000
2018-02-23 14:01:39,0.02044500,1.46000000
2018-02-23 14:01:39,0.02044500,1.46000000
2018-02-23 14:01:39,0.02044100,0.79000000
2018-02-23 14:01:39,0.02044500,0.84000000
2018-02-23 14:01:39,0.02044800,0.98000000
2018-02-23 14:01:39,0.02044800,1.46000000
2018-02-23 14:01:39,0.02044800,0.62000000
2018-02-23 14:01:39,0.02044300,0.98000000
2018-02-23 14:01:39,0.02044800,1.46000000
2018-02-23 14:01:39,0.02044800,5.72000000
2018-02-23 14:01:39,0.02044800,1.46000000
2018-02-23 14:01:41,0.02044800,0.48000000
2018-02-23 14:01:43,0.02044800,1.46000000
2018-02-23 14:01:43,0.02044800,1.46000000
2018-02-23 14:01:43,0.02044800,1.46000000
2018-02-23 14:01:43,0.02044800,1.46000000
2018-02-23 14:01:43,0.02044800,0.74000000
2018-02-23 14:01:43,0.02044900,0.60000000
2018-02-23 14:01:43,0.02044300,0.73000000
2018-02-23 14:01:43,0.02045000,0.19000000
2018-02-23 14:01:43,0.02045400,1.46000000
2018-02-23 14:01:43,0.02045400,1.46000000
2018-02-23 14:01:43,0.02045400,1.46000000
2018-02-23 14:01:44,0.02045400,1.46000000
2018-02-23 14:01:44,0.02045400,1.28000000
2018-02-23 14:01:45,0.02045400,1.35000000
2018-02-23 14:01:49,0.02045400,1.15000000
2018-02-23 14:01:50,0.02045400,0.01000000
2018-02-23 14:01:50,0.02045900,0.14000000
2018-02-23 14:01:52,0.02044300,6.61000000
2018-02-23 14:01:52,0.02044000,14.30000000
2018-02-23 14:01:53,0.02044300,1.46000000
2018-02-23 14:01:53,0.02044300,2.06000000
2018-02-23 14:01:54,0.02044500,0.16000000
2018-02-23 14:01:56,0.02044400,0.80000000
2018-02-23 14:01:58,0.02044400,0.22000000
2018-02-23 14:02:00,0.02045900,0.42000000
2018-02-23 14:02:00,0.02046900,1.79000000
2018-02-23 14:02:00,0.02047000,0.28000000
2018-02-23 14:02:01,0.02044400,0.09000000
2018-02-23 14:02:05,0.02044000,0.12000000
2018-02-23 14:02:05,0.02044400,0.03000000
2018-02-23 14:02:05,0.02044800,1.46000000
2018-02-23 14:02:05,0.02044800,1.46000000
2018-02-23 14:02:05,0.02044800,3.33000000
2018-02-23 14:02:07,0.02044400,0.12000000
2018-02-23 14:02:08,0.02044500,0.98000000
2018-02-23 14:02:09,0.02044400,0.21000000
2018-02-23 14:02:09,0.02044000,0.76000000
2018-02-23 14:02:09,0.02043900,0.17000000
2018-02-23 14:02:09,0.02043800,1.12000000
2018-02-23 14:02:09,0.02043200,3.95000000
2018-02-23 14:02:09,0.02044800,0.48000000
2018-02-23 14:02:10,0.02044400,0.15000000
2018-02-23 14:02:11,0.02044800,6.62000000
2018-02-23 14:02:11,0.02044400,0.15000000
2018-02-23 14:02:11,0.02044000,0.09000000
2018-02-23 14:02:11,0.02043800,0.94000000
2018-02-23 14:02:12,0.02043800,13.36000000
2018-02-23 14:02:12,0.02044400,0.12000000
2018-02-23 14:02:15,0.02044500,0.12000000
2018-02-23 14:02:17,0.02044800,0.33000000
2018-02-23 14:02:20,0.02044800,0.12000000
2018-02-23 14:02:20,0.02044800,1.13000000
2018-02-23 14:02:20,0.02044800,0.96000000
2018-02-23 14:02:20,0.02044800,0.79000000
2018-02-23 14:02:21,0.02045000,0.09000000
2018-02-23 14:02:21,0.02044000,0.97000000
2018-02-23 14:02:21,0.02044000,2.44000000
2018-02-23 14:02:21,0.02045800,0.57000000
2018-02-23 14:02:22,0.02044000,0.12000000
2018-02-23 14:02:26,0.02044100,3.41000000
2018-02-23 14:02:26,0.02044000,1.97000000
2018-02-23 14:02:26,0.02045800,1.16000000
2018-02-23 14:02:32,0.02044500,0.16000000
2018-02-23 14:02:43,0.02045800,0.48000000
2018-02-23 14:02:51,0.02045800,1.12000000
2018-02-23 14:02:51,0.02045900,1.64000000
2018-02-23 14:02:51,0.02045900,0.01000000
2018-02-23 14:02:51,0.02046700,1.10000000
2018-02-23 14:02:51,0.02046700,2.84000000
2018-02-23 14:02:51,0.02046700,0.01000000
2018-02-23 14:02:51,0.02046800,0.15000000
2018-02-23 14:02:51,0.02046800,0.02000000
2018-02-23 14:02:51,0.02047000,1.46000000
2018-02-23 14:02:51,0.02047000,1.44000000
2018-02-23 14:02:51,0.02047000,1.96000000
2018-02-23 14:02:51,0.02047000,1.96000000
2018-02-23 14:02:51,0.02046700,1.46000000
2018-02-23 14:02:52,0.02046900,0.50000000
2018-02-23 14:02:53,0.02046800,4.77000000
2018-02-23 14:02:54,0.02046700,1.39000000
2018-02-23 14:02:55,0.02046800,0.62000000
2018-02-23 14:02:55,0.02046900,2.91000000
2018-02-23 14:02:55,0.02047000,6.29000000
2018-02-23 14:02:55,0.02047000,1.46000000
2018-02-23 14:02:55,0.02047000,1.11000000
2018-02-23 14:02:55,0.02047000,1.73000000
2018-02-23 14:02:55,0.02047000,1.11000000
2018-02-23 14:02:55,0.02047000,1.12000000
2018-02-23 14:02:56,0.02046900,0.62000000
2018-02-23 14:03:01,0.02046900,1.54000000
2018-02-23 14:03:03,0.02046000,1.76000000
2018-02-23 14:03:03,0.02046800,1.46000000
2018-02-23 14:03:04,0.02045100,2.29000000
2018-02-23 14:03:05,0.02046800,0.08000000
2018-02-23 14:03:05,0.02047000,0.44000000
2018-02-23 14:03:05,0.02047000,1.46000000
2018-02-23 14:03:06,0.02047000,1.46000000
2018-02-23 14:03:06,0.02047000,0.57000000
2018-02-23 14:03:06,0.02047000,2.04000000
2018-02-23 14:03:06,0.02047000,2.04000000
2018-02-23 14:03:06,0.02047000,1.46000000
2018-02-23 14:03:06,0.02047000,3.04000000
2018-02-23 14:03:06,0.02045000,0.08000000
2018-02-23 14:03:06,0.02047000,2.31000000
2018-02-23 14:03:06,0.02047100,1.00000000
2018-02-23 14:03:06,0.02047100,0.57000000
2018-02-23 14:03:06,0.02047200,1.89000000
2018-02-23 14:03:07,0.02047200,1.46000000
2018-02-23 14:03:07,0.02047100,1.46000000
2018-02-23 14:03:07,0.02047200,1.44000000
2018-02-23 14:03:08,0.02047100,1.47000000
2018-02-23 14:03:08,0.02047000,0.26000000
2018-02-23 14:03:09,0.02047200,0.48000000
2018-02-23 14:03:09,0.02047200,0.96000000
2018-02-23 14:03:10,0.02047200,1.46000000
2018-02-23 14:03:10,0.02047200,0.44000000
2018-02-23 14:03:10,0.02047200,3.79000000
2018-02-23 14:03:10,0.02047200,1.46000000
2018-02-23 14:03:10,0.02047200,0.82000000
2018-02-23 14:03:10,0.02048300,0.35000000
2018-02-23 14:03:10,0.02049000,0.18000000
2018-02-23 14:03:10,0.02049100,0.10000000
2018-02-23 14:03:10,0.02049200,0.08000000
2018-02-23 14:03:10,0.02049900,0.22000000
2018-02-23 14:03:11,0.02047100,0.55000000
2018-02-23 14:03:11,0.02047000,0.42000000
2018-02-23 14:03:13,0.02048200,0.55000000
2018-02-23 14:03:13,0.02048300,0.10000000
2018-02-23 14:03:13,0.02049000,0.10000000
2018-02-23 14:03:13,0.02049100,0.10000000
2018-02-23 14:03:13,0.02049200,0.10000000
2018-02-23 14:03:13,0.02049900,0.14000000
2018-02-23 14:03:13,0.02047100,0.16000000
2018-02-23 14:03:13,0.02047000,1.54000000
2018-02-23 14:03:13,0.02048200,0.10000000
2018-02-23 14:03:16,0.02048200,0.10000000
2018-02-23 14:03:16,0.02048300,0.10000000
2018-02-23 14:03:16,0.02049000,0.10000000
2018-02-23 14:03:16,0.02048300,0.10000000
2018-02-23 14:03:16,0.02049100,0.10000000
2018-02-23 14:03:16,0.02048300,0.10000000
2018-02-23 14:03:17,0.02048300,0.10000000
2018-02-23 14:03:17,0.02047200,0.16000000
2018-02-23 14:03:17,0.02049000,0.10000000
2018-02-23 14:03:17,0.02049000,0.10000000
2018-02-23 14:03:18,0.02049100,0.20000000
2018-02-23 14:03:18,0.02049100,0.10000000
2018-02-23 14:03:19,0.02049200,0.10000000
2018-02-23 14:03:20,0.02049200,0.10000000
2018-02-23 14:03:20,0.02049200,0.11000000
2018-02-23 14:03:21,0.02049200,0.20000000
2018-02-23 14:03:22,0.02049200,0.06000000
2018-02-23 14:03:22,0.02048100,0.36000000
2018-02-23 14:03:22,0.02048100,0.10000000
2018-02-23 14:03:22,0.02048100,2.28000000
2018-02-23 14:03:22,0.02049700,0.06000000
2018-02-23 14:03:22,0.02049900,0.66000000
2018-02-23 14:03:22,0.02049900,1.14000000
2018-02-23 14:03:22,0.02049900,0.31000000
2018-02-23 14:03:23,0.02049700,0.10000000
2018-02-23 14:03:23,0.02049700,0.08000000
2018-02-23 14:03:24,0.02049700,0.02000000
2018-02-23 14:03:24,0.02049900,0.46000000
2018-02-23 14:03:24,0.02049900,1.46000000
2018-02-23 14:03:24,0.02049900,1.19000000
2018-02-23 14:03:24,0.02050000,1.46000000
2018-02-23 14:03:25,0.02050000,1.46000000
2018-02-23 14:03:25,0.02050000,1.46000000
2018-02-23 14:03:25,0.02050000,1.46000000
2018-02-23 14:03:25,0.02050000,1.46000000
2018-02-23 14:03:25,0.02050000,1.46000000
2018-02-23 14:03:25,0.02050000,1.46000000
2018-02-23 14:03:27,0.02050000,1.97000000
2018-02-23 14:03:27,0.02050000,3.49000000
2018-02-23 14:03:29,0.02050000,1.52000000
2018-02-23 14:03:31,0.02050000,4.80000000
2018-02-23 14:03:32,0.02049900,0.09000000
2018-02-23 14:03:32,0.02048200,0.91000000
2018-02-23 14:03:32,0.02050000,0.79000000
2018-02-23 14:03:32,0.02048300,0.10000000
2018-02-23 14:03:32,0.02048300,1.06000000
2018-02-23 14:03:32,0.02049900,0.10000000
2018-02-23 14:03:32,0.02050000,1.15000000
2018-02-23 14:03:32,0.02050000,0.10000000
2018-02-23 14:03:32,0.02050000,0.10000000
2018-02-23 14:03:32,0.02050000,0.10000000
2018-02-23 14:03:32,0.02050000,0.10000000
2018-02-23 14:03:33,0.02050000,3.10000000
2018-02-23 14:03:33,0.02050100,1.15000000
2018-02-23 14:03:35,0.02050100,0.10000000
2018-02-23 14:03:35,0.02050200,0.51000000
2018-02-23 14:03:35,0.02050200,0.42000000
2018-02-23 14:03:36,0.02050200,0.42000000
2018-02-23 14:03:36,0.02050000,0.30000000
2018-02-23 14:03:36,0.02050200,0.28000000
2018-02-23 14:03:36,0.02050000,0.10000000
2018-02-23 14:03:36,0.02050000,0.10000000
2018-02-23 14:03:36,0.02050200,1.41000000
2018-02-23 14:03:36,0.02050200,1.46000000
2018-02-23 14:03:36,0.02050200,2.49000000
2018-02-23 14:03:36,0.02050000,0.10000000
2018-02-23 14:03:36,0.02050200,1.46000000
2018-02-23 14:03:36,0.02050000,0.10000000
2018-02-23 14:03:37,0.02050000,0.10000000
2018-02-23 14:03:37,0.02050000,2.88000000
2018-02-23 14:03:37,0.02049900,1.46000000
2018-02-23 14:03:37,0.02049900,0.52000000
2018-02-23 14:03:38,0.02049900,0.10000000
2018-02-23 14:03:38,0.02050200,6.92000000
2018-02-23 14:03:38,0.02050200,0.20000000
2018-02-23 14:03:38,0.02050400,0.30000000
2018-02-23 14:03:38,0.02051000,2.53000000
2018-02-23 14:03:38,0.02050300,0.10000000
2018-02-23 14:03:38,0.02050300,0.10000000
2018-02-23 14:03:40,0.02050400,0.10000000
2018-02-23 14:03:40,0.02050400,0.10000000
2018-02-23 14:03:40,0.02051000,0.09000000
2018-02-23 14:03:40,0.02051000,0.09000000
2018-02-23 14:03:40,0.02051000,0.09000000
2018-02-23 14:03:40,0.02051000,1.45000000
2018-02-23 14:03:42,0.02051000,0.10000000
2018-02-23 14:03:43,0.02051300,0.64000000
2018-02-23 14:03:43,0.02051300,0.37000000
2018-02-23 14:03:43,0.02051300,0.10000000
2018-02-23 14:03:43,0.02051400,0.05000000
2018-02-23 14:03:43,0.02051600,0.79000000
2018-02-23 14:03:43,0.02051600,1.46000000
2018-02-23 14:03:43,0.02051400,0.10000000
2018-02-23 14:03:43,0.02051600,1.36000000
2018-02-23 14:03:43,0.02051600,1.46000000
2018-02-23 14:03:43,0.02051400,0.10000000
2018-02-23 14:03:43,0.02051600,0.81000000
2018-02-23 14:03:43,0.02051600,0.11000000
2018-02-23 14:03:43,0.02051900,0.78000000
2018-02-23 14:03:43,0.02051600,0.10000000
2018-02-23 14:03:43,0.02051900,0.37000000
2018-02-23 14:03:43,0.02051900,0.59000000
2018-02-23 14:03:43,0.02051900,0.38000000
2018-02-23 14:03:43,0.02051900,0.60000000
2018-02-23 14:03:43,0.02051900,0.44000000
2018-02-23 14:03:43,0.02051400,0.10000000
2018-02-23 14:03:43,0.02052200,1.16000000
2018-02-23 14:03:43,0.02052200,0.34000000
2018-02-23 14:03:43,0.02051300,0.59000000
2018-02-23 14:03:44,0.02051300,0.10000000
2018-02-23 14:03:44,0.02051600,0.10000000
2018-02-23 14:03:44,0.02052300,0.83000000
2018-02-23 14:03:44,0.02051900,0.10000000
2018-02-23 14:03:44,0.02051600,0.10000000
2018-02-23 14:03:44,0.02052300,0.10000000
2018-02-23 14:03:44,0.02051900,0.07000000
2018-02-23 14:03:44,0.02051600,0.10000000
2018-02-23 14:03:44,0.02051600,0.10000000
2018-02-23 14:03:44,0.02051600,0.07000000
2018-02-23 14:03:45,0.02051600,0.13000000
2018-02-23 14:03:45,0.02051900,0.13000000
2018-02-23 14:03:45,0.02051900,0.10000000
2018-02-23 14:03:45,0.02052200,0.20000000
2018-02-23 14:03:45,0.02052300,0.30000000
2018-02-23 14:03:45,0.02051600,0.10000000
2018-02-23 14:03:45,0.02052300,0.10000000
2018-02-23 14:03:45,0.02051900,0.10000000
2018-02-23 14:03:45,0.02052200,0.20000000
2018-02-23 14:03:46,0.02052300,0.20000000
2018-02-23 14:03:46,0.02052300,0.10000000
2018-02-23 14:03:46,0.02052600,0.07000000
2018-02-23 14:03:46,0.02053200,0.10000000
2018-02-23 14:03:46,0.02053600,0.10000000
2018-02-23 14:03:46,0.02052300,0.10000000
2018-02-23 14:03:46,0.02052300,0.10000000
2018-02-23 14:03:46,0.02051900,0.03000000
2018-02-23 14:03:46,0.02051900,0.07000000
2018-02-23 14:03:46,0.02052200,0.20000000
2018-02-23 14:03:46,0.02052300,0.20000000
2018-02-23 14:03:46,0.02052600,0.20000000
2018-02-23 14:03:46,0.02053200,0.20000000
2018-02-23 14:03:46,0.02052200,0.20000000
2018-02-23 14:03:46,0.02051300,0.14000000
2018-02-23 14:03:46,0.02051000,1.04000000
2018-02-23 14:03:47,0.02051900,0.10000000
2018-02-23 14:03:47,0.02052300,0.10000000
2018-02-23 14:03:47,0.02052300,0.10000000
2018-02-23 14:03:47,0.02053600,0.19000000
2018-02-23 14:03:47,0.02052300,0.10000000
2018-02-23 14:03:47,0.02052200,0.10000000
2018-02-23 14:03:47,0.02051000,6.82000000
2018-02-23 14:03:47,0.02052300,0.09000000
2018-02-23 14:03:47,0.02052300,0.11000000
2018-02-23 14:03:47,0.02052600,0.19000000
2018-02-23 14:03:47,0.02052600,0.01000000
2018-02-23 14:03:47,0.02052200,0.20000000
2018-02-23 14:03:48,0.02053200,0.20000000
2018-02-23 14:03:48,0.02053200,0.20000000
2018-02-23 14:03:49,0.02051600,0.10000000
2018-02-23 14:03:49,0.02051600,0.10000000
2018-02-23 14:03:49,0.02051900,0.10000000
2018-02-23 14:03:49,0.02052300,0.20000000
2018-02-23 14:03:49,0.02052300,0.20000000
2018-02-23 14:03:49,0.02051600,0.35000000
2018-02-23 14:03:50,0.02051400,0.10000000
2018-02-23 14:03:50,0.02051400,0.50000000
2018-02-23 14:03:50,0.02052200,0.20000000
2018-02-23 14:03:50,0.02052300,0.20000000
2018-02-23 14:03:50,0.02052600,0.20000000
2018-02-23 14:03:50,0.02052200,0.20000000
2018-02-23 14:03:50,0.02052200,0.10000000
2018-02-23 14:03:50,0.02052200,0.10000000
2018-02-23 14:03:51,0.02052300,0.20000000
2018-02-23 14:03:51,0.02051400,1.01000000
2018-02-23 14:03:51,0.02051600,0.10000000
2018-02-23 14:03:51,0.02051400,0.10000000
2018-02-23 14:03:51,0.02051400,3.61000000
2018-02-23 14:03:51,0.02051400,0.64000000
2018-02-23 14:03:51,0.02052200,0.20000000
2018-02-23 14:03:51,0.02052300,0.20000000
2018-02-23 14:03:51,0.02052200,0.20000000
2018-02-23 14:03:51,0.02051400,0.10000000
2018-02-23 14:03:52,0.02051600,0.10000000
2018-02-23 14:03:52,0.02052300,0.20000000
2018-02-23 14:03:52,0.02051600,0.10000000
2018-02-23 14:03:52,0.02052600,0.20000000
2018-02-23 14:03:52,0.02052200,0.20000000
2018-02-23 14:03:52,0.02052300,0.20000000
2018-02-23 14:03:52,0.02051600,0.10000000
2018-02-23 14:03:52,0.02052200,0.20000000
2018-02-23 14:03:52,0.02051600,0.10000000
2018-02-23 14:03:52,0.02052300,0.20000000
2018-02-23 14:03:52,0.02053200,0.20000000
2018-02-23 14:03:52,0.02051600,0.10000000
2018-02-23 14:03:53,0.02052600,0.20000000
2018-02-23 14:03:53,0.02052200,0.20000000
2018-02-23 14:03:53,0.02052300,0.20000000
2018-02-23 14:03:53,0.02052300,0.10000000
2018-02-23 14:03:53,0.02052300,0.20000000
2018-02-23 14:03:53,0.02052300,0.10000000
2018-02-23 14:03:53,0.02052300,0.18000000
2018-02-23 14:03:54,0.02051800,0.10000000
2018-02-23 14:03:54,0.02052200,0.20000000
2018-02-23 14:03:54,0.02052300,0.22000000
2018-02-23 14:03:54,0.02052600,0.19000000
2018-02-23 14:03:54,0.02051800,0.10000000
2018-02-23 14:03:54,0.02052200,0.20000000
2018-02-23 14:03:54,0.02052600,0.01000000
2018-02-23 14:03:54,0.02053200,0.18000000
2018-02-23 14:03:54,0.02052300,0.20000000
2018-02-23 14:03:55,0.02052600,0.20000000
2018-02-23 14:03:55,0.02052300,0.10000000
2018-02-23 14:03:55,0.02052300,0.08000000
2018-02-23 14:03:55,0.02052200,0.11000000
2018-02-23 14:03:55,0.02051800,0.50000000
2018-02-23 14:03:55,0.02052200,0.01000000
2018-02-23 14:03:55,0.02052600,0.20000000
2018-02-23 14:03:55,0.02052300,0.20000000
2018-02-23 14:03:55,0.02053200,0.02000000
2018-02-23 14:03:55,0.02053200,0.20000000
2018-02-23 14:03:55,0.02053200,0.02000000
2018-02-23 14:03:55,0.02052300,0.17000000
2018-02-23 14:03:55,0.02053600,0.01000000
2018-02-23 14:03:55,0.02053200,0.20000000
2018-02-23 14:03:55,0.02052300,0.20000000
2018-02-23 14:03:55,0.02053600,0.20000000
2018-02-23 14:03:55,0.02052300,0.20000000
2018-02-23 14:03:56,0.02051800,0.10000000
2018-02-23 14:03:56,0.02052200,0.08000000
2018-02-23 14:03:56,0.02052200,0.08000000
2018-02-23 14:03:56,0.02052200,0.04000000
2018-02-23 14:03:56,0.02052300,0.20000000
2018-02-23 14:03:56,0.02052600,0.19000000
2018-02-23 14:03:56,0.02052300,0.20000000
2018-02-23 14:03:57,0.02052300,0.20000000
2018-02-23 14:03:57,0.02052300,0.20000000
2018-02-23 14:03:57,0.02052200,0.10000000
2018-02-23 14:03:57,0.02052200,0.20000000
2018-02-23 14:03:57,0.02052300,0.20000000
2018-02-23 14:03:57,0.02052600,0.01000000
2018-02-23 14:03:57,0.02053200,0.22000000
2018-02-23 14:03:57,0.02053200,0.18000000
2018-02-23 14:03:57,0.02053600,0.04000000
2018-02-23 14:03:57,0.02052600,0.20000000
2018-02-23 14:03:57,0.02052300,0.20000000
2018-02-23 14:03:57,0.02053600,0.16000000
2018-02-23 14:03:58,0.02053600,0.20000000
2018-02-23 14:03:58,0.02052200,0.08000000
2018-02-23 14:03:58,0.02052200,0.12000000
2018-02-23 14:03:58,0.02052300,0.20000000
2018-02-23 14:03:58,0.02052600,0.20000000
2018-02-23 14:03:58,0.02053200,0.20000000
2018-02-23 14:03:58,0.02052600,0.20000000
2018-02-23 14:03:58,0.02052300,0.20000000
2018-02-23 14:03:59,0.02052200,0.20000000
2018-02-23 14:03:59,0.02053600,0.40000000
2018-02-23 14:03:59,0.02052300,0.20000000
2018-02-23 14:03:59,0.02052600,0.20000000
2018-02-23 14:03:59,0.02052300,0.20000000
2018-02-23 14:03:59,0.02052600,0.20000000
2018-02-23 14:03:59,0.02052200,0.20000000
2018-02-23 14:03:59,0.02053200,0.20000000
2018-02-23 14:03:59,0.02053600,0.10000000
2018-02-23 14:03:59,0.02053700,0.05000000
2018-02-23 14:03:59,0.02054000,0.05000000
2018-02-23 14:03:59,0.02052300,0.35000000
2018-02-23 14:03:59,0.02052300,0.20000000
2018-02-23 14:03:59,0.02052300,0.20000000
2018-02-23 14:03:59,0.02052200,1.90000000
2018-02-23 14:04:00,0.02052600,0.20000000
2018-02-23 14:04:00,0.02052600,0.18000000
2018-02-23 14:04:00,0.02052300,0.02000000
2018-02-23 14:04:00,0.02053600,0.20000000
2018-02-23 14:04:00,0.02052600,0.20000000
2018-02-23 14:04:00,0.02052300,0.20000000
2018-02-23 14:04:00,0.02053200,0.20000000
2018-02-23 14:04:00,0.02052300,0.20000000
2018-02-23 14:04:00,0.02052300,0.08000000
2018-02-23 14:04:01,0.02052200,0.12000000
2018-02-23 14:04:01,0.02053600,0.20000000
2018-02-23 14:04:02,0.02052300,0.12000000
2018-02-23 14:04:02,0.02052300,0.08000000
2018-02-23 14:04:02,0.02052600,0.20000000
2018-02-23 14:04:02,0.02053600,0.20000000
2018-02-23 14:04:02,0.02052700,0.20000000
2018-02-23 14:04:02,0.02053700,0.20000000
2018-02-23 14:04:02,0.02053700,0.20000000
2018-02-23 14:04:02,0.02054000,0.41000000
2018-02-23 14:04:02,0.02054000,0.01000000
2018-02-23 14:04:02,0.02054100,2.18000000
2018-02-23 14:04:02,0.02054200,0.18000000
2018-02-23 14:04:02,0.02054200,0.22000000
2018-02-23 14:04:02,0.02054200,0.30000000
2018-02-23 14:04:02,0.02054600,0.05000000
2018-02-23 14:04:02,0.02054700,0.60000000
2018-02-23 14:04:02,0.02054800,0.05000000
2018-02-23 14:04:02,0.02054900,0.99000000
2018-02-23 14:04:02,0.02053700,0.20000000
2018-02-23 14:04:02,0.02054900,0.01000000
2018-02-23 14:04:02,0.02055000,3.00000000
2018-02-23 14:04:02,0.02055000,0.28000000
2018-02-23 14:04:02,0.02055000,6.31000000
2018-02-23 14:04:02,0.02053700,0.19000000
2018-02-23 14:04:02,0.02052300,0.01000000
2018-02-23 14:04:02,0.02055000,1.93000000
2018-02-23 14:04:02,0.02055000,10.68000000
2018-02-23 14:04:02,0.02055000,0.52000000
2018-02-23 14:04:02,0.02055000,7.09000000
2018-02-23 14:04:02,0.02055000,1.45000000
2018-02-23 14:04:02,0.02055000,1.45000000
2018-02-23 14:04:03,0.02055000,1.45000000
2018-02-23 14:04:03,0.02055000,3.83000000
2018-02-23 14:04:03,0.02055000,2.19000000
2018-02-23 14:04:03,0.02055000,0.41000000
2018-02-23 14:04:03,0.02052400,0.10000000
2018-02-23 14:04:03,0.02055000,0.12000000
2018-02-23 14:04:04,0.02053700,0.20000000
2018-02-23 14:04:04,0.02052500,0.10000000
2018-02-23 14:04:05,0.02052500,0.20000000
2018-02-23 14:04:05,0.02052600,0.20000000
2018-02-23 14:04:05,0.02052600,0.20000000
2018-02-23 14:04:05,0.02053600,0.20000000
2018-02-23 14:04:06,0.02055000,1.45000000
2018-02-23 14:04:06,0.02055000,1.45000000
2018-02-23 14:04:06,0.02055000,1.45000000
2018-02-23 14:04:06,0.02055000,1.45000000
2018-02-23 14:04:06,0.02055000,1.45000000
2018-02-23 14:04:06,0.02055000,2.53000000
2018-02-23 14:04:07,0.02055100,0.10000000
2018-02-23 14:04:07,0.02055100,0.30000000
2018-02-23 14:04:07,0.02055100,1.05000000
2018-02-23 14:04:07,0.02053700,0.20000000
2018-02-23 14:04:07,0.02053700,0.69000000
2018-02-23 14:04:07,0.02053700,0.10000000
2018-02-23 14:04:08,0.02053700,0.20000000
2018-02-23 14:04:09,0.02053700,0.30000000
2018-02-23 14:04:09,0.02053900,0.40000000
2018-02-23 14:04:09,0.02054000,0.20000000
2018-02-23 14:04:09,0.02054100,0.19000000
2018-02-23 14:04:09,0.02054100,0.01000000
2018-02-23 14:04:09,0.02055100,1.44000000
2018-02-23 14:04:10,0.02053700,0.10000000
2018-02-23 14:04:10,0.02054600,0.10000000
2018-02-23 14:04:10,0.02054700,0.10000000
2018-02-23 14:04:10,0.02054800,0.10000000
2018-02-23 14:04:10,0.02054900,0.10000000
2018-02-23 14:04:10,0.02055100,0.19000000
2018-02-23 14:04:10,0.02055100,0.01000000
2018-02-23 14:04:10,0.02055300,0.10000000
2018-02-23 14:04:10,0.02055500,0.51000000
2018-02-23 14:04:10,0.02055600,0.07000000
2018-02-23 14:04:10,0.02055600,0.59000000
2018-02-23 14:04:10,0.02055600,0.58000000
2018-02-23 14:04:10,0.02055600,0.65000000
2018-02-23 14:04:10,0.02055800,0.55000000
2018-02-23 14:04:10,0.02056200,0.02000000
2018-02-23 14:04:10,0.02056200,0.43000000
2018-02-23 14:04:11,0.02056400,0.41000000
2018-02-23 14:04:11,0.02056400,0.29000000
2018-02-23 14:04:11,0.02056400,1.45000000
2018-02-23 14:04:11,0.02056400,3.36000000
2018-02-23 14:04:11,0.02056500,2.15000000
2018-02-23 14:04:11,0.02056400,1.05000000
2018-02-23 14:04:11,0.02057000,0.10000000
2018-02-23 14:04:11,0.02057000,0.15000000
2018-02-23 14:04:11,0.02057000,1.45000000
2018-02-23 14:04:11,0.02057000,1.45000000
2018-02-23 14:04:11,0.02057000,1.45000000
2018-02-23 14:04:12,0.02057000,1.45000000
2018-02-23 14:04:12,0.02057000,1.45000000
2018-02-23 14:04:12,0.02057000,1.50000000
2018-02-23 14:04:12,0.02057300,0.10000000
2018-02-23 14:04:12,0.02058500,0.19000000
2018-02-23 14:04:12,0.02058600,1.20000000
2018-02-23 14:04:12,0.02057100,0.10000000
2018-02-23 14:04:12,0.02057100,0.10000000
2018-02-23 14:04:12,0.02057100,0.10000000
2018-02-23 14:04:12,0.02057100,0.10000000
2018-02-23 14:04:12,0.02057100,0.10000000
2018-02-23 14:04:13,0.02057100,0.10000000
2018-02-23 14:04:13,0.02057100,0.10000000
2018-02-23 14:04:13,0.02057100,0.10000000
2018-02-23 14:04:13,0.02057100,0.43000000
2018-02-23 14:04:13,0.02057100,0.40000000
2018-02-23 14:04:13,0.02057100,0.10000000
2018-02-23 14:04:13,0.02057100,0.10000000
2018-02-23 14:04:13,0.02057100,0.10000000
2018-02-23 14:04:13,0.02057100,1.63000000
2018-02-23 14:04:14,0.02058600,5.56000000
2018-02-23 14:04:14,0.02058700,0.26000000
2018-02-23 14:04:14,0.02058900,4.94000000
2018-02-23 14:04:14,0.02059200,0.17000000
2018-02-23 14:04:14,0.02059300,0.60000000
2018-02-23 14:04:14,0.02059400,0.10000000
2018-02-23 14:04:14,0.02059600,0.20000000
2018-02-23 14:04:14,0.02059700,1.49000000
2018-02-23 14:04:14,0.02060000,2.38000000
2018-02-23 14:04:14,0.02060000,2.48000000
2018-02-23 14:04:14,0.02060000,0.04000000
2018-02-23 14:04:15,0.02057300,0.10000000
2018-02-23 14:04:15,0.02057300,0.10000000
2018-02-23 14:04:15,0.02057300,0.40000000
2018-02-23 14:04:15,0.02057300,0.43000000
2018-02-23 14:04:15,0.02057300,0.10000000
2018-02-23 14:04:15,0.02057300,0.10000000
2018-02-23 14:04:16,0.02057300,2.44000000
2018-02-23 14:04:16,0.02057300,0.50000000
2018-02-23 14:04:16,0.02057300,0.75000000
2018-02-23 14:04:16,0.02057300,0.10000000
2018-02-23 14:04:17,0.02057300,0.03000000
2018-02-23 14:04:17,0.02057200,0.12000000
2018-02-23 14:04:17,0.02057100,0.84000000
2018-02-23 14:04:17,0.02057000,6.20000000
2018-02-23 14:04:17,0.02057100,0.16000000
2018-02-23 14:04:17,0.02057000,0.16000000
2018-02-23 14:04:17,0.02056400,0.01000000
2018-02-23 14:04:17,0.02056000,0.09000000
2018-02-23 14:04:18,0.02059000,5.97000000
2018-02-23 14:04:18,0.02059000,3.03000000
2018-02-23 14:04:19,0.02059000,0.98000000
2018-02-23 14:04:19,0.02057000,0.97000000
2018-02-23 14:04:19,0.02056100,1.91000000
2018-02-23 14:04:19,0.02059400,0.10000000
2018-02-23 14:04:21,0.02057400,0.07000000
2018-02-23 14:04:21,0.02057300,0.91000000
2018-02-23 14:04:21,0.02057300,1.94000000
2018-02-23 14:04:21,0.02057400,0.68000000
2018-02-23 14:04:21,0.02057400,0.68000000
2018-02-23 14:04:21,0.02057400,0.55000000
2018-02-23 14:04:22,0.02057400,0.55000000
2018-02-23 14:04:22,0.02057300,1.05000000
2018-02-23 14:04:22,0.02059000,0.79000000
2018-02-23 14:04:22,0.02059000,0.19000000
2018-02-23 14:04:23,0.02057300,1.76000000
2018-02-23 14:04:23,0.02057300,0.18000000
2018-02-23 14:04:23,0.02057400,0.10000000
2018-02-23 14:04:24,0.02059800,0.12000000
2018-02-23 14:04:24,0.02057400,1.34000000
2018-02-23 14:04:24,0.02059900,0.06000000
2018-02-23 14:04:24,0.02060000,19.69000000
2018-02-23 14:04:24,0.02057400,0.26000000
2018-02-23 14:04:24,0.02056400,4.33000000
2018-02-23 14:04:24,0.02056400,0.40000000
2018-02-23 14:04:24,0.02056400,0.43000000
2018-02-23 14:04:25,0.02059000,1.95000000
2018-02-23 14:04:25,0.02059300,0.55000000
2018-02-23 14:04:25,0.02059000,1.51000000
2018-02-23 14:04:25,0.02059000,0.24000000
2018-02-23 14:04:25,0.02059000,0.25000000
2018-02-23 14:04:25,0.02059000,1.45000000
2018-02-23 14:04:25,0.02059000,1.31000000
2018-02-23 14:04:25,0.02058900,0.69000000
2018-02-23 14:04:25,0.02059400,0.10000000
2018-02-23 14:04:26,0.02059000,1.46000000
2018-02-23 14:04:26,0.02059000,1.05000000
2018-02-23 14:04:26,0.02060000,1.38000000
2018-02-23 14:04:26,0.02059800,0.52000000
2018-02-23 14:04:27,0.02058000,0.10000000
2018-02-23 14:04:27,0.02058000,0.02000000
2018-02-23 14:04:27,0.02057400,0.47000000
2018-02-23 14:04:27,0.02057300,0.10000000
2018-02-23 14:04:27,0.02056800,0.99000000
2018-02-23 14:04:27,0.02059800,1.45000000
2018-02-23 14:04:27,0.02059800,1.45000000
2018-02-23 14:04:27,0.02059000,1.74000000
2018-02-23 14:04:27,0.02059000,1.45000000
2018-02-23 14:04:27,0.02059000,0.26000000
2018-02-23 14:04:27,0.02059800,1.74000000
2018-02-23 14:04:27,0.02060000,1.45000000
2018-02-23 14:04:27,0.02060000,1.45000000
2018-02-23 14:04:27,0.02059900,1.45000000
2018-02-23 14:04:27,0.02059900,0.50000000
2018-02-23 14:04:27,0.02060000,1.45000000
2018-02-23 14:04:27,0.02060000,1.42000000
2018-02-23 14:04:27,0.02060000,1.45000000
2018-02-23 14:04:27,0.02060000,1.45000000
2018-02-23 14:04:28,0.02060000,1.45000000
2018-02-23 14:04:28,0.02060000,1.45000000
2018-02-23 14:04:28,0.02060000,1.45000000
2018-02-23 14:04:28,0.02060000,1.45000000
2018-02-23 14:04:28,0.02059900,0.54000000
2018-02-23 14:04:28,0.02060000,1.45000000
2018-02-23 14:04:28,0.02060000,7.08000000
2018-02-23 14:04:28,0.02060000,4.02000000
2018-02-23 14:04:28,0.02060000,1.45000000
2018-02-23 14:04:28,0.02060000,1.45000000
2018-02-23 14:04:28,0.02060000,3.43000000
2018-02-23 14:04:28,0.02060000,1.65000000
2018-02-23 14:04:28,0.02060000,5.68000000
2018-02-23 14:04:28,0.02059400,0.10000000
2018-02-23 14:04:28,0.02060000,1.35000000
2018-02-23 14:04:28,0.02059900,0.50000000
2018-02-23 14:04:28,0.02060000,1.45000000
2018-02-23 14:04:28,0.02060000,1.28000000
2018-02-23 14:04:29,0.02060000,1.45000000
2018-02-23 14:04:29,0.02060000,19.41000000
2018-02-23 14:04:29,0.02060000,0.14000000
2018-02-23 14:04:29,0.02058200,10.00000000
2018-02-23 14:04:29,0.02058100,0.26000000
2018-02-23 14:04:29,0.02059900,0.23000000
2018-02-23 14:04:29,0.02059900,0.10000000
2018-02-23 14:04:30,0.02059900,0.71000000
2018-02-23 14:04:30,0.02060000,1.44000000
2018-02-23 14:04:30,0.02060000,1.45000000
2018-02-23 14:04:30,0.02060000,1.45000000
2018-02-23 14:04:31,0.02060000,1.45000000
2018-02-23 14:04:31,0.02060000,1.45000000
2018-02-23 14:04:31,0.02060000,1.45000000
2018-02-23 14:04:31,0.02060000,1.45000000
2018-02-23 14:04:31,0.02058200,0.97000000
2018-02-23 14:04:31,0.02057300,0.22000000
2018-02-23 14:04:31,0.02057200,6.42000000
2018-02-23 14:04:31,0.02057100,2.39000000
2018-02-23 14:04:31,0.02060000,1.45000000
2018-02-23 14:04:31,0.02059900,0.12000000
2018-02-23 14:04:32,0.02060000,1.45000000
2018-02-23 14:04:32,0.02060000,3.20000000
2018-02-23 14:04:32,0.02060000,0.80000000
2018-02-23 14:04:32,0.02060000,1.45000000
2018-02-23 14:04:32,0.02060000,1.45000000
2018-02-23 14:04:32,0.02060000,3.38000000
2018-02-23 14:04:32,0.02060000,1.45000000
2018-02-23 14:04:32,0.02060000,1.45000000
2018-02-23 14:04:32,0.02059400,0.10000000
2018-02-23 14:04:32,0.02060000,1.35000000
2018-02-23 14:04:32,0.02058400,0.48000000
2018-02-23 14:04:32,0.02058300,0.18000000
2018-02-23 14:04:32,0.02057100,0.89000000
2018-02-23 14:04:32,0.02059900,0.32000000
2018-02-23 14:04:32,0.02060000,1.13000000
2018-02-23 14:04:32,0.02060000,3.38000000
2018-02-23 14:04:32,0.02060000,3.38000000
2018-02-23 14:04:32,0.02060000,1.45000000
2018-02-23 14:04:32,0.02060000,0.09000000
2018-02-23 14:04:32,0.02060000,0.38000000
2018-02-23 14:04:32,0.02060100,0.28000000
2018-02-23 14:04:33,0.02060000,0.52000000
2018-02-23 14:04:33,0.02060900,1.45000000
2018-02-23 14:04:33,0.02060900,1.45000000
2018-02-23 14:04:33,0.02060000,1.94000000
2018-02-23 14:04:33,0.02060900,1.34000000
2018-02-23 14:04:33,0.02060900,0.86000000
2018-02-23 14:04:33,0.02060900,0.87000000
2018-02-23 14:04:33,0.02060900,1.45000000
2018-02-23 14:04:34,0.02060000,0.86000000
2018-02-23 14:04:34,0.02060000,2.92000000
2018-02-23 14:04:34,0.02060900,1.12000000
2018-02-23 14:04:34,0.02060900,1.12000000
2018-02-23 14:04:34,0.02060100,5.16000000
2018-02-23 14:04:34,0.02060000,1.49000000
2018-02-23 14:04:34,0.02060000,1.45000000
2018-02-23 14:04:34,0.02060000,1.12000000
2018-02-23 14:04:34,0.02060000,8.16000000
2018-02-23 14:04:34,0.02060900,0.50000000
2018-02-23 14:04:34,0.02061000,1.45000000
2018-02-23 14:04:34,0.02060000,0.10000000
2018-02-23 14:04:34,0.02061000,0.48000000
2018-02-23 14:04:34,0.02061000,0.58000000
2018-02-23 14:04:34,0.02060000,4.99000000
2018-02-23 14:04:34,0.02060000,10.03000000
2018-02-23 14:04:34,0.02057500,0.12000000
2018-02-23 14:04:34,0.02057200,0.99000000
2018-02-23 14:04:34,0.02057000,14.20000000
2018-02-23 14:04:34,0.02056700,1.45000000
2018-02-23 14:04:34,0.02056200,9.83000000
2018-02-23 14:04:34,0.02061000,1.12000000
2018-02-23 14:04:35,0.02060100,0.12000000
2018-02-23 14:04:35,0.02060000,0.12000000
2018-02-23 14:04:35,0.02060000,0.98000000
2018-02-23 14:04:35,0.02061000,9.73000000
2018-02-23 14:04:35,0.02061200,0.21000000
2018-02-23 14:04:35,0.02061200,0.29000000
2018-02-23 14:04:35,0.02061400,0.10000000
2018-02-23 14:04:35,0.02061900,0.10000000
2018-02-23 14:04:35,0.02062000,0.05000000
2018-02-23 14:04:35,0.02062000,4.93000000
2018-02-23 14:04:35,0.02062000,7.02000000
2018-02-23 14:04:36,0.02061300,0.11000000
2018-02-23 14:04:36,0.02061300,0.39000000
2018-02-23 14:04:36,0.02061300,0.81000000
2018-02-23 14:04:37,0.02060100,0.12000000
2018-02-23 14:04:37,0.02060100,6.33000000
2018-02-23 14:04:37,0.02060100,1.45000000
2018-02-23 14:04:37,0.02060100,0.73000000
2018-02-23 14:04:37,0.02060100,0.10000000
2018-02-23 14:04:39,0.02060100,2.08000000
2018-02-23 14:04:39,0.02059300,0.10000000
2018-02-23 14:04:39,0.02059300,1.25000000
2018-02-23 14:04:39,0.02059300,0.40000000
2018-02-23 14:04:39,0.02059300,1.25000000
2018-02-23 14:04:39,0.02059300,0.93000000
2018-02-23 14:04:39,0.02060200,0.14000000
2018-02-23 14:04:40,0.02061300,0.39000000
2018-02-23 14:04:40,0.02061400,0.11000000
2018-02-23 14:04:40,0.02061400,0.27000000
2018-02-23 14:04:40,0.02060200,0.11000000
2018-02-23 14:04:40,0.02059200,0.02000000
2018-02-23 14:04:40,0.02059400,0.97000000
2018-02-23 14:04:40,0.02059200,5.65000000
2018-02-23 14:04:40,0.02059100,9.08000000
2018-02-23 14:04:40,0.02059100,0.50000000
2018-02-23 14:04:40,0.02060200,0.18000000
2018-02-23 14:04:40,0.02060200,0.01000000
2018-02-23 14:04:41,0.02059100,0.10000000
2018-02-23 14:04:41,0.02059200,0.50000000
2018-02-23 14:04:42,0.02061400,0.10000000
2018-02-23 14:04:42,0.02061800,4.46000000
2018-02-23 14:04:43,0.02059200,0.22000000
2018-02-23 14:04:43,0.02059100,0.05000000
2018-02-23 14:04:43,0.02058300,2.38000000
2018-02-23 14:04:43,0.02058200,2.49000000
2018-02-23 14:04:43,0.02060100,0.19000000
2018-02-23 14:04:43,0.02060100,0.22000000
2018-02-23 14:04:43,0.02060100,6.02000000
2018-02-23 14:04:43,0.02060100,0.22000000
2018-02-23 14:04:43,0.02060200,0.22000000
2018-02-23 14:04:44,0.02059900,1.45000000
2018-02-23 14:04:44,0.02059900,0.32000000
2018-02-23 14:04:44,0.02059900,0.50000000
2018-02-23 14:04:44,0.02059900,2.27000000
2018-02-23 14:04:44,0.02059800,1.45000000
2018-02-23 14:04:44,0.02059800,1.62000000
2018-02-23 14:04:44,0.02059800,0.33000000
2018-02-23 14:04:44,0.02059800,0.10000000
2018-02-23 14:04:44,0.02059800,1.20000000
2018-02-23 14:04:44,0.02059800,1.18000000
2018-02-23 14:04:44,0.02061300,0.08000000
2018-02-23 14:04:44,0.02061300,1.45000000
2018-02-23 14:04:45,0.02060200,0.25000000
2018-02-23 14:04:45,0.02059800,0.75000000
2018-02-23 14:04:45,0.02059800,0.40000000
2018-02-23 14:04:45,0.02059900,0.19000000
2018-02-23 14:04:45,0.02059800,0.03000000
2018-02-23 14:04:45,0.02059300,0.10000000
2018-02-23 14:04:45,0.02058200,0.27000000
2018-02-23 14:04:46,0.02058200,0.70000000
2018-02-23 14:04:46,0.02058000,2.96000000
2018-02-23 14:04:46,0.02061200,0.50000000
2018-02-23 14:04:46,0.02061300,0.12000000
2018-02-23 14:04:47,0.02061300,0.11000000
2018-02-23 14:04:47,0.02061300,2.03000000
2018-02-23 14:04:47,0.02058200,0.43000000
2018-02-23 14:04:47,0.02058200,0.50000000
2018-02-23 14:04:47,0.02059200,0.16000000
2018-02-23 14:04:47,0.02061300,0.50000000
2018-02-23 14:04:47,0.02059200,0.16000000
2018-02-23 14:04:47,0.02058300,0.34000000
2018-02-23 14:04:47,0.02058300,0.40000000
2018-02-23 14:04:48,0.02058300,0.19000000
2018-02-23 14:04:48,0.02059000,0.14000000
2018-02-23 14:04:48,0.02060700,0.79000000
2018-02-23 14:04:48,0.02060700,0.14000000
2018-02-23 14:04:48,0.02060900,0.05000000
2018-02-23 14:04:48,0.02060900,0.01000000
2018-02-23 14:04:48,0.02061000,0.20000000
2018-02-23 14:04:48,0.02061000,0.36000000
2018-02-23 14:04:48,0.02061300,0.18000000
2018-02-23 14:04:49,0.02061300,1.18000000
2018-02-23 14:04:49,0.02060800,0.66000000
2018-02-23 14:04:49,0.02061200,0.46000000
2018-02-23 14:04:49,0.02061300,2.90000000
2018-02-23 14:04:49,0.02061300,0.46000000
2018-02-23 14:04:49,0.02061400,0.10000000
2018-02-23 14:04:49,0.02061200,0.31000000
2018-02-23 14:04:49,0.02059100,0.43000000
2018-02-23 14:04:49,0.02059100,0.40000000
2018-02-23 14:04:49,0.02060800,0.21000000
2018-02-23 14:04:49,0.02060800,0.45000000
2018-02-23 14:04:49,0.02061500,0.20000000
2018-02-23 14:04:49,0.02061500,0.44000000
2018-02-23 14:04:49,0.02061500,1.45000000
2018-02-23 14:04:49,0.02061500,0.66000000
2018-02-23 14:04:50,0.02060900,0.10000000
2018-02-23 14:04:50,0.02060900,0.56000000
2018-02-23 14:04:50,0.02059300,0.10000000
2018-02-23 14:04:50,0.02059100,0.09000000
2018-02-23 14:04:50,0.02059200,0.22000000
2018-02-23 14:04:50,0.02060800,0.44000000
2018-02-23 14:04:50,0.02060800,0.22000000
2018-02-23 14:04:50,0.02059100,0.40000000
2018-02-23 14:04:51,0.02060900,0.10000000
2018-02-23 14:04:51,0.02059200,0.40000000
2018-02-23 14:04:51,0.02060900,0.66000000
2018-02-23 14:04:51,0.02059200,0.15000000
2018-02-23 14:04:52,0.02059200,0.40000000
2018-02-23 14:04:52,0.02059200,0.43000000
2018-02-23 14:04:52,0.02061200,0.25000000
2018-02-23 14:04:52,0.02060000,0.41000000
2018-02-23 14:04:53,0.02060100,0.79000000
2018-02-23 14:04:53,0.02060000,0.10000000
2018-02-23 14:04:53,0.02060100,0.53000000
2018-02-23 14:04:54,0.02060000,1.00000000
2018-02-23 14:04:54,0.02060000,1.00000000
2018-02-23 14:04:54,0.02060000,0.19000000
2018-02-23 14:04:54,0.02060000,1.00000000
2018-02-23 14:04:55,0.02060100,1.00000000
2018-02-23 14:04:55,0.02060100,3.00000000
2018-02-23 14:04:56,0.02061400,0.10000000
2018-02-23 14:04:56,0.02061400,1.04000000
2018-02-23 14:04:56,0.02060100,1.66000000
2018-02-23 14:04:56,0.02060000,0.21000000
2018-02-23 14:04:57,0.02060100,0.25000000
2018-02-23 14:04:57,0.02060000,0.27000000
2018-02-23 14:04:57,0.02060000,0.13000000
2018-02-23 14:04:57,0.02060000,0.40000000
2018-02-23 14:04:57,0.02060000,0.10000000
2018-02-23 14:04:57,0.02060100,0.74000000
2018-02-23 14:04:57,0.02060100,0.43000000
2018-02-23 14:04:58,0.02060100,0.31000000
2018-02-23 14:04:58,0.02060000,1.35000000
2018-02-23 14:04:58,0.02061000,0.25000000
2018-02-23 14:04:58,0.02059300,2.29000000
2018-02-23 14:04:58,0.02061500,0.83000000
2018-02-23 14:04:59,0.02060000,1.54000000
2018-02-23 14:04:59,0.02059200,5.98000000
2018-02-23 14:04:59,0.02059000,0.03000000
2018-02-23 14:04:59,0.02058900,0.76000000
2018-02-23 14:04:59,0.02060000,0.29000000
2018-02-23 14:04:59,0.02060000,1.45000000
2018-02-23 14:04:59,0.02060000,0.41000000
2018-02-23 14:04:59,0.02061400,0.54000000
2018-02-23 14:04:59,0.02061400,0.40000000
2018-02-23 14:04:59,0.02061400,0.70000000
2018-02-23 14:04:59,0.02061500,1.44000000
2018-02-23 14:05:00,0.02060800,0.30000000
2018-02-23 14:05:00,0.02060800,0.33000000
2018-02-23 14:05:00,0.02060800,0.33000000
2018-02-23 14:05:00,0.02061500,0.48000000
2018-02-23 14:05:00,0.02061500,1.45000000
2018-02-23 14:05:00,0.02061500,1.46000000
2018-02-23 14:05:00,0.02061600,0.69000000
2018-02-23 14:05:00,0.02061000,1.68000000
2018-02-23 14:05:00,0.02060800,1.29000000
2018-02-23 14:05:00,0.02061900,0.18000000
2018-02-23 14:05:00,0.02060800,2.60000000
2018-02-23 14:05:00,0.02060800,0.11000000
2018-02-23 14:05:00,0.02060800,1.17000000
2018-02-23 14:05:00,0.02060100,0.18000000
2018-02-23 14:05:00,0.02061400,0.10000000
2018-02-23 14:05:00,0.02062000,1.27000000
2018-02-23 14:05:00,0.02062000,1.37000000
2018-02-23 14:05:00,0.02062000,0.10000000
2018-02-23 14:05:00,0.02062000,0.10000000
2018-02-23 14:05:00,0.02060100,0.10000000
2018-02-23 14:05:00,0.02062000,0.79000000
2018-02-23 14:05:01,0.02060100,0.11000000
2018-02-23 14:05:01,0.02060800,3.18000000
2018-02-23 14:05:01,0.02060800,0.01000000
2018-02-23 14:05:01,0.02062000,3.00000000
2018-02-23 14:05:01,0.02062000,2.71000000
2018-02-23 14:05:01,0.02062000,6.57000000
2018-02-23 14:05:01,0.02060100,0.43000000
2018-02-23 14:05:02,0.02062000,0.53000000
2018-02-23 14:05:02,0.02060100,0.10000000
2018-02-23 14:05:02,0.02060100,0.19000000
2018-02-23 14:05:02,0.02060100,0.40000000
2018-02-23 14:05:02,0.02060100,0.35000000
2018-02-23 14:05:02,0.02059000,0.18000000
2018-02-23 14:05:02,0.02060100,0.16000000
2018-02-23 14:05:03,0.02061400,0.25000000
2018-02-23 14:05:03,0.02062000,0.15000000
2018-02-23 14:05:03,0.02061500,0.25000000
2018-02-23 14:05:03,0.02060100,0.79000000
2018-02-23 14:05:04,0.02059400,0.56000000
2018-02-23 14:05:04,0.02061500,0.19000000
2018-02-23 14:05:04,0.02059800,1.07000000
2018-02-23 14:05:05,0.02061800,0.48000000
2018-02-23 14:05:05,0.02059800,1.44000000
2018-02-23 14:05:05,0.02059800,1.85000000
2018-02-23 14:05:05,0.02059300,0.10000000
2018-02-23 14:05:05,0.02059200,3.05000000
2018-02-23 14:05:06,0.02061700,0.18000000
2018-02-23 14:05:06,0.02062000,1.45000000
2018-02-23 14:05:06,0.02062000,1.45000000
2018-02-23 14:05:06,0.02062000,1.37000000
2018-02-23 14:05:07,0.02061800,0.10000000
2018-02-23 14:05:07,0.02061800,0.08000000
2018-02-23 14:05:07,0.02061700,0.18000000
2018-02-23 14:05:07,0.02059500,0.10000000
2018-02-23 14:05:07,0.02059800,0.19000000
2018-02-23 14:05:08,0.02059800,0.17000000
2018-02-23 14:05:08,0.02059500,0.82000000
2018-02-23 14:05:10,0.02061800,0.08000000
2018-02-23 14:05:11,0.02061900,0.48000000
2018-02-23 14:05:11,0.02061800,0.02000000
2018-02-23 14:05:11,0.02059500,0.05000000
2018-02-23 14:05:11,0.02059500,0.12000000
2018-02-23 14:05:12,0.02060600,0.67000000
2018-02-23 14:05:12,0.02060700,0.07000000
2018-02-23 14:05:12,0.02060700,1.45000000
2018-02-23 14:05:12,0.02060700,1.29000000
2018-02-23 14:05:12,0.02062000,0.60000000
2018-02-23 14:05:12,0.02060800,0.07000000
2018-02-23 14:05:12,0.02062000,1.20000000
2018-02-23 14:05:13,0.02060800,0.40000000
2018-02-23 14:05:13,0.02062000,1.45000000
2018-02-23 14:05:13,0.02061400,3.01000000
2018-02-23 14:05:13,0.02061400,0.02000000
2018-02-23 14:05:13,0.02061800,0.79000000
2018-02-23 14:05:13,0.02061800,1.45000000
2018-02-23 14:05:13,0.02061800,0.66000000
2018-02-23 14:05:13,0.02061800,1.45000000
2018-02-23 14:05:14,0.02061800,0.96000000
2018-02-23 14:05:14,0.02061800,0.96000000
2018-02-23 14:05:14,0.02061400,1.45000000
2018-02-23 14:05:14,0.02061400,1.07000000
2018-02-23 14:05:14,0.02060800,1.45000000
2018-02-23 14:05:14,0.02061800,1.45000000
2018-02-23 14:05:14,0.02061800,1.45000000
2018-02-23 14:05:14,0.02061800,0.28000000
2018-02-23 14:05:14,0.02062000,1.17000000
2018-02-23 14:05:14,0.02062000,1.45000000
2018-02-23 14:05:15,0.02062000,1.45000000
2018-02-23 14:05:15,0.02060800,0.19000000
2018-02-23 14:05:15,0.02060800,0.63000000
2018-02-23 14:05:15,0.02060800,0.18000000
2018-02-23 14:05:15,0.02060800,0.01000000
2018-02-23 14:05:15,0.02062000,2.08000000
2018-02-23 14:05:15,0.02060700,0.43000000
2018-02-23 14:05:16,0.02062000,1.80000000
2018-02-23 14:05:16,0.02060700,0.40000000
2018-02-23 14:05:16,0.02062000,0.85000000
2018-02-23 14:05:16,0.02060700,2.41000000
2018-02-23 14:05:16,0.02060700,2.44000000
2018-02-23 14:05:16,0.02062000,0.80000000
2018-02-23 14:05:16,0.02062000,0.80000000
2018-02-23 14:05:16,0.02062000,0.19000000
2018-02-23 14:05:17,0.02060700,0.80000000
2018-02-23 14:05:17,0.02060700,0.88000000
2018-02-23 14:05:17,0.02060600,1.56000000
2018-02-23 14:05:18,0.02060600,0.30000000
2018-02-23 14:05:19,0.02060700,0.64000000
2018-02-23 14:05:19,0.02060700,1.05000000
2018-02-23 14:05:20,0.02060600,0.80000000
2018-02-23 14:05:20,0.02060600,0.81000000
2018-02-23 14:05:20,0.02061900,1.45000000
2018-02-23 14:05:20,0.02060600,0.33000000
2018-02-23 14:05:20,0.02061900,4.21000000
2018-02-23 14:05:20,0.02060600,0.50000000
2018-02-23 14:05:20,0.02062000,1.45000000
2018-02-23 14:05:20,0.02062000,1.45000000
2018-02-23 14:05:20,0.02060600,0.25000000
2018-02-23 14:05:20,0.02062000,0.89000000
2018-02-23 14:05:20,0.02060600,0.83000000
2018-02-23 14:05:21,0.02060600,0.47000000
2018-02-23 14:05:21,0.02060600,0.19000000
2018-02-23 14:05:21,0.02060600,1.65000000
2018-02-23 14:05:21,0.02060600,0.36000000
2018-02-23 14:05:21,0.02062000,1.67000000
2018-02-23 14:05:21,0.02060600,0.43000000
2018-02-23 14:05:21,0.02059400,0.25000000
2018-02-23 14:05:21,0.02059300,0.10000000
2018-02-23 14:05:21,0.02059000,0.01000000
2018-02-23 14:05:21,0.02060600,1.43000000
2018-02-23 14:05:22,0.02060600,1.07000000
2018-02-23 14:05:22,0.02060700,1.07000000
2018-02-23 14:05:22,0.02059000,0.33000000
2018-02-23 14:05:22,0.02059300,0.93000000
2018-02-23 14:05:22,0.02059100,0.50000000
2018-02-23 14:05:22,0.02061400,0.10000000
2018-02-23 14:05:22,0.02062000,1.35000000
2018-02-23 14:05:23,0.02060600,0.74000000
2018-02-23 14:05:23,0.02060700,1.07000000
2018-02-23 14:05:23,0.02062000,0.42000000
2018-02-23 14:05:23,0.02062000,0.27000000
2018-02-23 14:05:23,0.02060700,0.19000000
2018-02-23 14:05:23,0.02062300,0.18000000
2018-02-23 14:05:24,0.02060800,0.08000000
2018-02-23 14:05:24,0.02060800,0.11000000
2018-02-23 14:05:24,0.02060800,0.08000000
2018-02-23 14:05:24,0.02062300,0.89000000
2018-02-23 14:05:24,0.02062200,0.50000000
2018-02-23 14:05:24,0.02062300,0.39000000
2018-02-23 14:05:24,0.02060600,0.14000000
2018-02-23 14:05:25,0.02060600,0.30000000
2018-02-23 14:05:26,0.02061300,0.40000000
2018-02-23 14:05:26,0.02061300,2.99000000
2018-02-23 14:05:26,0.02062200,0.25000000
2018-02-23 14:05:26,0.02061300,0.44000000
2018-02-23 14:05:26,0.02061300,3.09000000
2018-02-23 14:05:26,0.02060800,0.08000000
2018-02-23 14:05:26,0.02060600,0.69000000
2018-02-23 14:05:26,0.02060600,0.23000000
2018-02-23 14:05:26,0.02060000,6.69000000
2018-02-23 14:05:26,0.02061300,0.98000000
2018-02-23 14:05:26,0.02061400,0.33000000
2018-02-23 14:05:27,0.02061400,0.50000000
2018-02-23 14:05:27,0.02061400,0.15000000
2018-02-23 14:05:27,0.02061300,0.28000000
2018-02-23 14:05:27,0.02062800,0.12000000
2018-02-23 14:05:27,0.02062900,0.36000000
2018-02-23 14:05:28,0.02061300,0.19000000
2018-02-23 14:05:28,0.02061300,0.35000000
2018-02-23 14:05:29,0.02061400,0.24000000
2018-02-23 14:05:29,0.02061300,0.26000000
2018-02-23 14:05:29,0.02059800,1.73000000
2018-02-23 14:05:30,0.02062000,0.17000000
2018-02-23 14:05:30,0.02062100,0.07000000
2018-02-23 14:05:31,0.02061300,0.19000000
2018-02-23 14:05:32,0.02062100,0.01000000
2018-02-23 14:05:32,0.02062900,2.05000000
2018-02-23 14:05:32,0.02061400,0.16000000
2018-02-23 14:05:33,0.02061400,0.05000000
2018-02-23 14:05:33,0.02061400,0.16000000
2018-02-23 14:05:33,0.02061400,3.68000000
2018-02-23 14:05:34,0.02061700,0.25000000
2018-02-23 14:05:34,0.02061400,0.19000000
2018-02-23 14:05:34,0.02062900,1.08000000
2018-02-23 14:05:35,0.02062900,1.09000000
2018-02-23 14:05:35,0.02062900,0.27000000
2018-02-23 14:05:35,0.02061400,1.67000000
2018-02-23 14:05:35,0.02061300,5.41000000
2018-02-23 14:05:35,0.02062900,0.48000000
2018-02-23 14:05:36,0.02061300,0.12000000
2018-02-23 14:05:36,0.02062900,6.51000000
2018-02-23 14:05:36,0.02062900,0.48000000
2018-02-23 14:05:36,0.02061400,0.60000000
2018-02-23 14:05:36,0.02061400,0.06000000
2018-02-23 14:05:36,0.02061400,0.77000000
2018-02-23 14:05:36,0.02062900,1.66000000
2018-02-23 14:05:37,0.02062900,0.96000000
2018-02-23 14:05:37,0.02062900,0.64000000
2018-02-23 14:05:37,0.02062900,0.34000000
2018-02-23 14:05:38,0.02062900,0.40000000
2018-02-23 14:05:39,0.02063000,0.48000000
2018-02-23 14:05:39,0.02062900,0.10000000
2018-02-23 14:05:39,0.02062900,0.20000000
2018-02-23 14:05:39,0.02062900,0.40000000
2018-02-23 14:05:39,0.02062900,0.12000000
2018-02-23 14:05:40,0.02062900,1.00000000
2018-02-23 14:05:41,0.02062900,0.30000000
2018-02-23 14:05:42,0.02062900,0.33000000
2018-02-23 14:05:43,0.02062900,0.40000000
2018-02-23 14:05:43,0.02062900,0.19000000
2018-02-23 14:05:44,0.02062900,0.56000000
2018-02-23 14:05:45,0.02062900,0.12000000
2018-02-23 14:05:46,0.02061600,0.20000000
2018-02-23 14:05:46,0.02061600,0.20000000
2018-02-23 14:05:47,0.02061600,0.19000000
2018-02-23 14:05:48,0.02062800,0.48000000
2018-02-23 14:05:49,0.02061600,5.16000000
2018-02-23 14:05:49,0.02061500,1.38000000
2018-02-23 14:05:50,0.02062800,0.08000000
2018-02-23 14:05:51,0.02062800,1.44000000
2018-02-23 14:05:51,0.02062800,2.18000000
2018-02-23 14:05:51,0.02062800,1.48000000
2018-02-23 14:05:51,0.02062900,0.25000000
2018-02-23 14:05:51,0.02062900,2.83000000
2018-02-23 14:05:51,0.02062900,3.03000000
2018-02-23 14:05:51,0.02063000,14.92000000
2018-02-23 14:05:51,0.02062900,0.10000000
2018-02-23 14:05:52,0.02062900,0.30000000
2018-02-23 14:05:52,0.02063000,0.12000000
2018-02-23 14:05:53,0.02062900,1.20000000
2018-02-23 14:05:54,0.02062900,0.40000000
2018-02-23 14:05:55,0.02063000,1.45000000
2018-02-23 14:05:55,0.02063000,1.05000000
2018-02-23 14:05:55,0.02063000,0.59000000
2018-02-23 14:05:55,0.02062900,0.19000000
2018-02-23 14:05:56,0.02062900,0.87000000
2018-02-23 14:05:56,0.02063000,1.45000000
2018-02-23 14:05:56,0.02062900,0.26000000
2018-02-23 14:05:56,0.02062000,0.14000000
2018-02-23 14:05:56,0.02063000,3.25000000
2018-02-23 14:05:57,0.02062900,0.17000000
2018-02-23 14:05:57,0.02062900,0.23000000
2018-02-23 14:05:57,0.02063000,2.13000000
2018-02-23 14:05:57,0.02063000,1.18000000
2018-02-23 14:05:57,0.02063000,2.13000000
2018-02-23 14:05:57,0.02063000,1.45000000
2018-02-23 14:05:57,0.02063000,6.32000000
2018-02-23 14:05:57,0.02063000,6.33000000
2018-02-23 14:05:58,0.02063000,1.45000000
2018-02-23 14:05:58,0.02062900,0.12000000
2018-02-23 14:05:58,0.02062100,0.19000000
2018-02-23 14:05:58,0.02062900,0.03000000
2018-02-23 14:05:58,0.02063000,1.42000000
2018-02-23 14:05:58,0.02063000,0.56000000
2018-02-23 14:05:58,0.02063000,1.45000000
2018-02-23 14:05:58,0.02063000,7.06000000
2018-02-23 14:05:58,0.02063000,1.45000000
2018-02-23 14:05:58,0.02063000,1.69000000
2018-02-23 14:05:59,0.02063100,1.45000000
2018-02-23 14:05:59,0.02063000,1.69000000
2018-02-23 14:05:59,0.02062400,1.93000000
2018-02-23 14:05:59,0.02062400,0.40000000
2018-02-23 14:05:59,0.02062400,1.78000000
2018-02-23 14:05:59,0.02063200,0.11000000
2018-02-23 14:05:59,0.02063300,4.08000000
2018-02-23 14:05:59,0.02063500,0.77000000
2018-02-23 14:05:59,0.02063700,1.39000000
2018-02-23 14:05:59,0.02063500,0.77000000
2018-02-23 14:05:59,0.02063000,1.01000000
2018-02-23 14:05:59,0.02063900,1.45000000
2018-02-23 14:05:59,0.02063000,1.36000000
2018-02-23 14:06:00,0.02063800,0.77000000
2018-02-23 14:06:00,0.02063900,0.55000000
2018-02-23 14:06:00,0.02064000,0.17000000
2018-02-23 14:06:00,0.02063800,0.19000000
2018-02-23 14:06:00,0.02064000,1.45000000
2018-02-23 14:06:00,0.02063800,0.04000000
2018-02-23 14:06:01,0.02063800,0.59000000
2018-02-23 14:06:01,0.02063800,0.82000000
2018-02-23 14:06:01,0.02063300,0.14000000
2018-02-23 14:06:01,0.02063000,0.40000000
2018-02-23 14:06:01,0.02064000,1.00000000
2018-02-23 14:06:01,0.02063000,0.30000000
2018-02-23 14:06:02,0.02064500,6.33000000
2018-02-23 14:06:02,0.02064500,0.70000000
2018-02-23 14:06:02,0.02064000,0.19000000
2018-02-23 14:06:03,0.02064000,0.33000000
2018-02-23 14:06:03,0.02064000,0.10000000
2018-02-23 14:06:04,0.02064000,0.38000000
2018-02-23 14:06:04,0.02063100,0.12000000
2018-02-23 14:06:04,0.02063100,0.45000000
2018-02-23 14:06:05,0.02064600,0.08000000
2018-02-23 14:06:05,0.02063100,1.00000000
2018-02-23 14:06:06,0.02063100,0.12000000
2018-02-23 14:06:06,0.02062000,0.41000000
2018-02-23 14:06:06,0.02061500,2.82000000
2018-02-23 14:06:06,0.02061400,1.65000000
2018-02-23 14:06:06,0.02062400,0.88000000
2018-02-23 14:06:06,0.02061600,0.50000000
2018-02-23 14:06:08,0.02061700,0.19000000
2018-02-23 14:06:08,0.02063100,0.30000000
2018-02-23 14:06:08,0.02063200,0.50000000
2018-02-23 14:06:08,0.02063400,0.78000000
2018-02-23 14:06:08,0.02063500,0.10000000
2018-02-23 14:06:08,0.02063700,10.35000000
2018-02-23 14:06:08,0.02063800,2.70000000
2018-02-23 14:06:08,0.02064600,0.96000000
2018-02-23 14:06:08,0.02064800,0.35000000
2018-02-23 14:06:08,0.02065000,78.00000000
2018-02-23 14:06:08,0.02065100,0.15000000
2018-02-23 14:06:09,0.02065100,0.13000000
2018-02-23 14:06:09,0.02065000,14.59000000
2018-02-23 14:06:09,0.02065000,1.45000000
2018-02-23 14:06:09,0.02065000,3.09000000
2018-02-23 14:06:09,0.02063100,0.82000000
2018-02-23 14:06:09,0.02061700,0.56000000
2018-02-23 14:06:09,0.02061400,0.41000000
2018-02-23 14:06:11,0.02063100,0.19000000
2018-02-23 14:06:11,0.02064900,0.29000000
2018-02-23 14:06:13,0.02061900,7.24000000
2018-02-23 14:06:13,0.02061700,1.45000000
2018-02-23 14:06:13,0.02061400,0.10000000
2018-02-23 14:06:13,0.02061300,4.60000000
2018-02-23 14:06:13,0.02061100,5.74000000
2018-02-23 14:06:14,0.02061900,0.23000000
2018-02-23 14:06:14,0.02062900,0.40000000
2018-02-23 14:06:14,0.02062900,0.73000000
2018-02-23 14:06:14,0.02062000,0.54000000
2018-02-23 14:06:14,0.02062000,0.09000000
2018-02-23 14:06:14,0.02062000,0.27000000
2018-02-23 14:06:15,0.02061900,0.23000000
2018-02-23 14:06:15,0.02061100,0.26000000
2018-02-23 14:06:15,0.02060800,0.13000000
2018-02-23 14:06:15,0.02060700,0.54000000
2018-02-23 14:06:15,0.02060500,3.03000000
2018-02-23 14:06:15,0.02060500,1.29000000
2018-02-23 14:06:15,0.02060500,0.72000000
2018-02-23 14:06:15,0.02060500,1.45000000
2018-02-23 14:06:15,0.02060500,0.52000000
2018-02-23 14:06:15,0.02060800,0.01000000
2018-02-23 14:06:15,0.02062000,0.06000000
2018-02-23 14:06:16,0.02060500,0.28000000
2018-02-23 14:06:16,0.02059900,5.63000000
2018-02-23 14:06:16,0.02059800,7.82000000
2018-02-23 14:06:17,0.02061600,0.05000000
2018-02-23 14:06:17,0.02061600,0.10000000
2018-02-23 14:06:18,0.02061600,0.02000000
2018-02-23 14:06:18,0.02059500,0.38000000
2018-02-23 14:06:19,0.02062000,0.48000000
2018-02-23 14:06:19,0.02060500,0.79000000
2018-02-23 14:06:19,0.02060500,0.80000000
2018-02-23 14:06:19,0.02060500,0.28000000
2018-02-23 14:06:20,0.02060500,0.28000000
2018-02-23 14:06:20,0.02060500,0.28000000
2018-02-23 14:06:20,0.02060500,0.39000000
2018-02-23 14:06:20,0.02059600,0.15000000
2018-02-23 14:06:21,0.02059600,0.97000000
2018-02-23 14:06:21,0.02059600,0.12000000
2018-02-23 14:06:21,0.02059700,0.44000000
2018-02-23 14:06:22,0.02059700,0.04000000
2018-02-23 14:06:22,0.02059600,0.27000000
2018-02-23 14:06:23,0.02061900,0.09000000
2018-02-23 14:06:23,0.02061900,0.09000000
2018-02-23 14:06:23,0.02059500,0.06000000
2018-02-23 14:06:24,0.02059700,0.25000000
2018-02-23 14:06:24,0.02060000,0.50000000
2018-02-23 14:06:24,0.02060000,0.43000000
2018-02-23 14:06:24,0.02060000,0.12000000
2018-02-23 14:06:24,0.02060000,7.30000000
2018-02-23 14:06:24,0.02059500,0.25000000
2018-02-23 14:06:24,0.02059500,0.07000000
2018-02-23 14:06:24,0.02059300,0.10000000
2018-02-23 14:06:24,0.02059100,0.23000000
2018-02-23 14:06:25,0.02061700,0.36000000
2018-02-23 14:06:25,0.02062000,7.83000000
2018-02-23 14:06:25,0.02063000,1.30000000
2018-02-23 14:06:25,0.02059000,0.40000000
2018-02-23 14:06:26,0.02059200,0.40000000
2018-02-23 14:06:26,0.02061700,1.45000000
2018-02-23 14:06:26,0.02061700,0.80000000
2018-02-23 14:06:26,0.02061700,0.79000000
2018-02-23 14:06:26,0.02061400,0.10000000
2018-02-23 14:06:26,0.02059300,0.43000000
2018-02-23 14:06:26,0.02059300,0.12000000
2018-02-23 14:06:26,0.02059200,0.16000000
2018-02-23 14:06:26,0.02059000,0.12000000
2018-02-23 14:06:28,0.02061500,0.55000000
2018-02-23 14:06:28,0.02060000,0.90000000
2018-02-23 14:06:28,0.02061400,0.23000000
2018-02-23 14:06:29,0.02062900,0.41000000
2018-02-23 14:06:30,0.02063000,0.48000000
2018-02-23 14:06:30,0.02061000,2.82000000
2018-02-23 14:06:31,0.02061200,0.15000000
2018-02-23 14:06:32,0.02061200,0.30000000
2018-02-23 14:06:32,0.02061200,0.10000000
2018-02-23 14:06:32,0.02061100,0.33000000
2018-02-23 14:06:32,0.02061100,0.49000000
2018-02-23 14:06:32,0.02061500,0.16000000
2018-02-23 14:06:32,0.02061500,0.01000000
2018-02-23 14:06:32,0.02061600,0.17000000
2018-02-23 14:06:32,0.02061200,0.06000000
2018-02-23 14:06:33,0.02063300,0.55000000
2018-02-23 14:06:33,0.02063200,1.45000000
2018-02-23 14:06:33,0.02063200,0.59000000
2018-02-23 14:06:33,0.02063200,0.59000000
2018-02-23 14:06:33,0.02061300,0.17000000
2018-02-23 14:06:33,0.02063200,3.03000000
2018-02-23 14:06:33,0.02063500,0.10000000
2018-02-23 14:06:33,0.02064500,1.45000000
2018-02-23 14:06:33,0.02065000,1.47000000
2018-02-23 14:06:33,0.02065000,0.10000000
2018-02-23 14:06:33,0.02061300,0.31000000
2018-02-23 14:06:33,0.02061200,0.12000000
2018-02-23 14:06:33,0.02061100,4.82000000
2018-02-23 14:06:33,0.02061000,0.15000000
2018-02-23 14:06:34,0.02063200,0.09000000
2018-02-23 14:06:34,0.02063200,0.39000000
2018-02-23 14:06:34,0.02064900,1.08000000
2018-02-23 14:06:35,0.02064900,4.56000000
2018-02-23 14:06:35,0.02061500,0.54000000
2018-02-23 14:06:36,0.02061900,7.26000000
2018-02-23 14:06:36,0.02061700,0.04000000
2018-02-23 14:06:36,0.02065000,0.48000000
2018-02-23 14:06:36,0.02063200,0.28000000
2018-02-23 14:06:36,0.02063200,0.11000000
2018-02-23 14:06:36,0.02064800,0.27000000
2018-02-23 14:06:37,0.02064800,7.20000000
2018-02-23 14:06:37,0.02061900,0.51000000
2018-02-23 14:06:38,0.02062000,0.06000000
2018-02-23 14:06:38,0.02061800,0.08000000
2018-02-23 14:06:38,0.02064400,0.39000000
2018-02-23 14:06:38,0.02064600,0.06000000
2018-02-23 14:06:38,0.02064900,0.51000000
2018-02-23 14:06:38,0.02065000,2.49000000
2018-02-23 14:06:38,0.02065100,0.13000000
2018-02-23 14:06:38,0.02065300,0.72000000
2018-02-23 14:06:39,0.02064900,0.42000000
2018-02-23 14:06:44,0.02064900,0.17000000
2018-02-23 14:06:44,0.02064900,1.45000000
2018-02-23 14:06:46,0.02064900,0.15000000
2018-02-23 14:06:47,0.02062900,0.50000000
2018-02-23 14:06:48,0.02063000,0.34000000
2018-02-23 14:06:51,0.02063000,0.38000000
2018-02-23 14:06:52,0.02062900,0.25000000
2018-02-23 14:06:52,0.02062900,0.80000000
2018-02-23 14:06:52,0.02062900,0.80000000
2018-02-23 14:06:52,0.02062900,1.30000000
2018-02-23 14:06:53,0.02063100,0.53000000
2018-02-23 14:06:54,0.02063200,0.43000000
2018-02-23 14:06:54,0.02062900,0.07000000
2018-02-23 14:06:55,0.02064900,0.29000000
2018-02-23 14:06:55,0.02064900,0.06000000
2018-02-23 14:06:55,0.02065200,0.67000000
2018-02-23 14:06:55,0.02065300,4.55000000
2018-02-23 14:06:55,0.02065300,1.45000000
2018-02-23 14:06:56,0.02063000,4.24000000
2018-02-23 14:06:56,0.02065300,0.12000000
2018-02-23 14:06:57,0.02065300,0.20000000
2018-02-23 14:06:57,0.02065300,0.32000000
2018-02-23 14:06:57,0.02065300,0.12000000
2018-02-23 14:06:57,0.02064900,0.83000000
2018-02-23 14:06:59,0.02064900,0.02000000
2018-02-23 14:06:59,0.02065600,0.11000000
2018-02-23 14:06:59,0.02065600,0.14000000
2018-02-23 14:06:59,0.02063200,0.50000000
2018-02-23 14:07:00,0.02065800,1.45000000
2018-02-23 14:07:01,0.02063500,0.10000000
2018-02-23 14:07:01,0.02063400,0.30000000
2018-02-23 14:07:01,0.02065800,0.02000000
2018-02-23 14:07:01,0.02066200,7.29000000
2018-02-23 14:07:01,0.02065900,0.49000000
2018-02-23 14:07:01,0.02066200,0.07000000
2018-02-23 14:07:03,0.02063700,0.50000000
2018-02-23 14:07:04,0.02063700,0.20000000
2018-02-23 14:07:06,0.02065600,0.10000000
2018-02-23 14:07:06,0.02066100,0.30000000
2018-02-23 14:07:06,0.02066200,1.14000000
2018-02-23 14:07:06,0.02063900,0.30000000
2018-02-23 14:07:06,0.02065600,0.59000000
2018-02-23 14:07:06,0.02065600,0.98000000
2018-02-23 14:07:06,0.02066200,1.29000000
2018-02-23 14:07:07,0.02065600,0.98000000
2018-02-23 14:07:07,0.02066200,1.55000000
2018-02-23 14:07:07,0.02065600,0.14000000
2018-02-23 14:07:07,0.02064000,0.11000000
2018-02-23 14:07:07,0.02064000,0.53000000
2018-02-23 14:07:07,0.02066200,1.45000000
2018-02-23 14:07:07,0.02066200,0.87000000
2018-02-23 14:07:07,0.02066600,1.39000000
2018-02-23 14:07:07,0.02067000,0.82000000
2018-02-23 14:07:08,0.02064000,0.14000000
2018-02-23 14:07:08,0.02064000,0.40000000
2018-02-23 14:07:09,0.02065500,0.37000000
2018-02-23 14:07:09,0.02065500,0.53000000
2018-02-23 14:07:09,0.02065500,1.47000000
2018-02-23 14:07:11,0.02065500,0.46000000
2018-02-23 14:07:11,0.02065500,0.18000000
2018-02-23 14:07:11,0.02064100,0.12000000
2018-02-23 14:07:11,0.02064100,0.19000000
2018-02-23 14:07:11,0.02066900,0.30000000
2018-02-23 14:07:11,0.02067000,1.34000000
2018-02-23 14:07:11,0.02064100,2.55000000
2018-02-23 14:07:11,0.02064100,0.43000000
2018-02-23 14:07:13,0.02067000,1.31000000
2018-02-23 14:07:13,0.02067000,0.01000000
2018-02-23 14:07:13,0.02067100,0.07000000
2018-02-23 14:07:14,0.02064300,0.06000000
2018-02-23 14:07:14,0.02064200,0.24000000
2018-02-23 14:07:14,0.02064200,0.30000000
2018-02-23 14:07:14,0.02064100,0.03000000
2018-02-23 14:07:14,0.02064400,0.58000000
2018-02-23 14:07:14,0.02064400,2.36000000
2018-02-23 14:07:14,0.02064400,0.50000000
2018-02-23 14:07:15,0.02066000,1.45000000
2018-02-23 14:07:15,0.02064400,0.50000000
2018-02-23 14:07:15,0.02066000,1.04000000
2018-02-23 14:07:15,0.02066000,1.32000000
2018-02-23 14:07:15,0.02064400,0.90000000
2018-02-23 14:07:15,0.02066700,1.45000000
2018-02-23 14:07:15,0.02066700,1.44000000
2018-02-23 14:07:15,0.02066700,0.40000000
2018-02-23 14:07:15,0.02064400,0.35000000
2018-02-23 14:07:15,0.02064400,0.15000000
2018-02-23 14:07:15,0.02064100,0.40000000
2018-02-23 14:07:16,0.02066900,0.06000000
2018-02-23 14:07:16,0.02064300,0.30000000
2018-02-23 14:07:16,0.02066000,0.48000000
2018-02-23 14:07:16,0.02064200,0.05000000
2018-02-23 14:07:16,0.02065900,0.54000000
2018-02-23 14:07:17,0.02064400,0.25000000
2018-02-23 14:07:17,0.02064200,0.47000000
2018-02-23 14:07:18,0.02067000,0.30000000
2018-02-23 14:07:18,0.02064400,0.54000000
2018-02-23 14:07:18,0.02064100,0.30000000
2018-02-23 14:07:18,0.02064200,0.85000000
2018-02-23 14:07:18,0.02064200,1.45000000
2018-02-23 14:07:18,0.02064200,1.45000000
2018-02-23 14:07:18,0.02064200,4.85000000
2018-02-23 14:07:18,0.02064200,0.86000000
2018-02-23 14:07:18,0.02064500,0.06000000
2018-02-23 14:07:18,0.02064300,0.37000000
2018-02-23 14:07:18,0.02067200,0.07000000
2018-02-23 14:07:19,0.02064500,0.06000000
2018-02-23 14:07:19,0.02064500,0.13000000
2018-02-23 14:07:19,0.02064500,0.01000000
2018-02-23 14:07:19,0.02067000,0.54000000
2018-02-23 14:07:20,0.02064300,0.50000000
2018-02-23 14:07:20,0.02066900,0.37000000
2018-02-23 14:07:21,0.02066900,0.20000000
2018-02-23 14:07:21,0.02066900,0.17000000
2018-02-23 14:07:21,0.02066900,0.20000000
2018-02-23 14:07:22,0.02065900,0.11000000
2018-02-23 14:07:22,0.02064500,0.09000000
2018-02-23 14:07:23,0.02064200,0.33000000
2018-02-23 14:07:23,0.02064200,0.40000000
2018-02-23 14:07:23,0.02064200,1.00000000
2018-02-23 14:07:24,0.02064500,0.20000000
2018-02-23 14:07:24,0.02064500,0.28000000
2018-02-23 14:07:24,0.02064500,0.13000000
2018-02-23 14:07:24,0.02064300,0.50000000
2018-02-23 14:07:24,0.02066800,0.48000000
2018-02-23 14:07:24,0.02066800,0.20000000
2018-02-23 14:07:25,0.02066800,0.20000000
2018-02-23 14:07:25,0.02066800,0.08000000
2018-02-23 14:07:25,0.02066800,0.20000000
2018-02-23 14:07:25,0.02067000,0.50000000
2018-02-23 14:07:25,0.02067100,0.12000000
2018-02-23 14:07:25,0.02067300,1.42000000
2018-02-23 14:07:25,0.02067500,0.05000000
2018-02-23 14:07:25,0.02067600,0.25000000
2018-02-23 14:07:25,0.02068000,2.28000000
2018-02-23 14:07:27,0.02067100,2.13000000
2018-02-23 14:07:28,0.02067100,1.68000000
2018-02-23 14:07:29,0.02065600,0.50000000
2018-02-23 14:07:29,0.02065600,0.04000000
2018-02-23 14:07:29,0.02065600,0.50000000
2018-02-23 14:07:29,0.02065600,0.50000000
2018-02-23 14:07:30,0.02065600,0.04000000
2018-02-23 14:07:30,0.02067900,0.25000000
2018-02-23 14:07:31,0.02065500,0.10000000
2018-02-23 14:07:31,0.02065000,0.16000000
2018-02-23 14:07:31,0.02064400,0.25000000
2018-02-23 14:07:31,0.02065000,0.16000000
2018-02-23 14:07:32,0.02065200,0.54000000
2018-02-23 14:07:32,0.02066900,0.35000000
2018-02-23 14:07:32,0.02067600,0.10000000
2018-02-23 14:07:32,0.02067800,0.54000000
2018-02-23 14:07:32,0.02067900,0.36000000
2018-02-23 14:07:32,0.02068000,0.18000000
2018-02-23 14:07:32,0.02067700,0.25000000
2018-02-23 14:07:32,0.02068000,0.05000000
2018-02-23 14:07:32,0.02065300,0.16000000
2018-02-23 14:07:33,0.02067000,1.52000000
2018-02-23 14:07:33,0.02067100,0.32000000
2018-02-23 14:07:33,0.02068000,0.77000000
2018-02-23 14:07:33,0.02068500,0.07000000
2018-02-23 14:07:33,0.02068800,6.16000000
2018-02-23 14:07:33,0.02068900,1.08000000
2018-02-23 14:07:33,0.02069000,5.72000000
2018-02-23 14:07:33,0.02069100,0.41000000
2018-02-23 14:07:33,0.02069200,0.46000000
2018-02-23 14:07:33,0.02069700,0.52000000
2018-02-23 14:07:33,0.02069900,5.01000000
2018-02-23 14:07:33,0.02065300,0.44000000
2018-02-23 14:07:34,0.02065500,0.50000000
2018-02-23 14:07:34,0.02067600,0.10000000
2018-02-23 14:07:34,0.02065500,1.95000000
2018-02-23 14:07:35,0.02065500,0.23000000
2018-02-23 14:07:35,0.02065600,0.43000000
2018-02-23 14:07:35,0.02065600,0.27000000
2018-02-23 14:07:35,0.02065600,1.52000000
2018-02-23 14:07:35,0.02065600,9.98000000
2018-02-23 14:07:36,0.02065800,1.26000000
2018-02-23 14:07:36,0.02065800,0.48000000
2018-02-23 14:07:36,0.02065800,0.34000000
2018-02-23 14:07:36,0.02065800,3.55000000
2018-02-23 14:07:37,0.02065800,0.50000000
2018-02-23 14:07:37,0.02065800,1.04000000
2018-02-23 14:07:37,0.02065800,0.43000000
2018-02-23 14:07:37,0.02065800,0.30000000
2018-02-23 14:07:38,0.02065800,0.36000000
2018-02-23 14:07:38,0.02065800,0.86000000
2018-02-23 14:07:38,0.02065800,0.01000000
2018-02-23 14:07:39,0.02065700,0.71000000
2018-02-23 14:07:39,0.02065700,5.29000000
2018-02-23 14:07:39,0.02065500,1.11000000
2018-02-23 14:07:40,0.02065700,0.70000000
2018-02-23 14:07:40,0.02065700,0.33000000
2018-02-23 14:07:40,0.02067500,1.44000000
2018-02-23 14:07:40,0.02065700,0.37000000
2018-02-23 14:07:40,0.02065500,0.19000000
2018-02-23 14:07:41,0.02065500,0.30000000
2018-02-23 14:07:42,0.02065500,0.08000000
2018-02-23 14:07:42,0.02065500,0.05000000
2018-02-23 14:07:42,0.02065200,0.54000000
2018-02-23 14:07:42,0.02065500,0.25000000
2018-02-23 14:07:42,0.02067500,1.20000000
2018-02-23 14:07:43,0.02066000,1.00000000
2018-02-23 14:07:43,0.02065200,0.42000000
2018-02-23 14:07:43,0.02065100,0.16000000
2018-02-23 14:07:44,0.02067500,1.45000000
2018-02-23 14:07:44,0.02067500,1.45000000
2018-02-23 14:07:44,0.02067500,0.63000000
2018-02-23 14:07:44,0.02067500,2.90000000
2018-02-23 14:07:44,0.02065700,1.45000000
2018-02-23 14:07:44,0.02065700,1.45000000
2018-02-23 14:07:44,0.02065700,1.45000000
2018-02-23 14:07:44,0.02065100,0.32000000
2018-02-23 14:07:44,0.02065700,2.53000000
2018-02-23 14:07:44,0.02065700,1.08000000
2018-02-23 14:07:44,0.02065100,0.28000000
2018-02-23 14:07:44,0.02065000,0.16000000
2018-02-23 14:07:44,0.02064700,1.41000000
2018-02-23 14:07:44,0.02064600,0.05000000
2018-02-23 14:07:44,0.02064300,0.99000000
2018-02-23 14:07:44,0.02065700,1.45000000
2018-02-23 14:07:44,0.02065700,1.45000000
2018-02-23 14:07:45,0.02065700,1.45000000
2018-02-23 14:07:45,0.02065500,0.13000000
2018-02-23 14:07:45,0.02065500,1.45000000
2018-02-23 14:07:45,0.02065500,0.27000000
2018-02-23 14:07:45,0.02065600,4.98000000
2018-02-23 14:07:45,0.02065600,1.45000000
2018-02-23 14:07:45,0.02065600,0.93000000
2018-02-23 14:07:45,0.02065700,1.45000000
2018-02-23 14:07:45,0.02065700,25.01000000
2018-02-23 14:07:45,0.02065700,0.45000000
2018-02-23 14:07:45,0.02065500,0.12000000
2018-02-23 14:07:46,0.02065500,0.04000000
2018-02-23 14:07:46,0.02065700,0.44000000
2018-02-23 14:07:46,0.02064400,0.50000000
2018-02-23 14:07:46,0.02065700,0.28000000
2018-02-23 14:07:46,0.02065700,0.48000000
2018-02-23 14:07:47,0.02065100,0.76000000
2018-02-23 14:07:47,0.02065100,0.13000000
2018-02-23 14:07:47,0.02065100,0.06000000
2018-02-23 14:07:47,0.02065500,0.46000000
2018-02-23 14:07:47,0.02065600,1.45000000
2018-02-23 14:07:47,0.02065600,0.80000000
2018-02-23 14:07:47,0.02065600,1.45000000
2018-02-23 14:07:47,0.02065600,0.29000000
2018-02-23 14:07:47,0.02065100,0.26000000
2018-02-23 14:07:47,0.02065600,1.45000000
2018-02-23 14:07:47,0.02065100,0.49000000
2018-02-23 14:07:47,0.02065600,2.78000000
2018-02-23 14:07:47,0.02065600,1.45000000
2018-02-23 14:07:47,0.02065100,1.45000000
2018-02-23 14:07:48,0.02065200,0.06000000
2018-02-23 14:07:48,0.02065100,0.66000000
2018-02-23 14:07:48,0.02065000,1.02000000
2018-02-23 14:07:48,0.02065600,0.43000000
2018-02-23 14:07:48,0.02064500,1.45000000
2018-02-23 14:07:48,0.02064500,0.76000000
2018-02-23 14:07:48,0.02064500,1.00000000
2018-02-23 14:07:50,0.02064500,1.67000000
2018-02-23 14:07:50,0.02064500,0.48000000
2018-02-23 14:07:51,0.02064400,0.05000000
2018-02-23 14:07:51,0.02064300,0.25000000
2018-02-23 14:07:51,0.02064300,0.33000000
2018-02-23 14:07:52,0.02065100,0.22000000
2018-02-23 14:07:52,0.02064300,0.22000000
2018-02-23 14:07:52,0.02064300,4.95000000
2018-02-23 14:07:52,0.02064300,4.98000000
2018-02-23 14:07:52,0.02064300,1.33000000
2018-02-23 14:07:52,0.02064100,0.46000000
2018-02-23 14:07:52,0.02063500,0.51000000
2018-02-23 14:07:52,0.02063500,0.37000000
2018-02-23 14:07:52,0.02063200,0.44000000
2018-02-23 14:07:52,0.02063000,1.14000000
2018-02-23 14:07:52,0.02063000,0.81000000
2018-02-23 14:07:53,0.02063000,2.42000000
2018-02-23 14:07:54,0.02064100,0.34000000
2018-02-23 14:07:54,0.02065400,0.14000000
2018-02-23 14:07:54,0.02063000,1.45000000
2018-02-23 14:07:54,0.02063100,0.54000000
2018-02-23 14:07:54,0.02063000,0.91000000
2018-02-23 14:07:54,0.02063000,0.48000000
2018-02-23 14:07:55,0.02065300,2.39000000
2018-02-23 14:07:56,0.02063000,0.10000000
2018-02-23 14:07:56,0.02065100,0.10000000
2018-02-23 14:07:57,0.02065100,3.41000000
2018-02-23 14:07:57,0.02065200,11.61000000
2018-02-23 14:07:57,0.02065600,0.10000000
2018-02-23 14:07:57,0.02065700,84.88000000
2018-02-23 14:07:57,0.02065500,0.07000000
2018-02-23 14:07:57,0.02065500,0.12000000
2018-02-23 14:07:57,0.02065500,0.05000000
2018-02-23 14:07:57,0.02063100,0.09000000
2018-02-23 14:07:58,0.02063100,0.23000000
2018-02-23 14:07:58,0.02063500,0.10000000
2018-02-23 14:07:58,0.02063100,0.97000000
2018-02-23 14:07:58,0.02063100,0.09000000
2018-02-23 14:07:58,0.02063200,2.43000000
2018-02-23 14:07:59,0.02063300,0.12000000
2018-02-23 14:07:59,0.02063300,0.80000000
2018-02-23 14:08:00,0.02063300,2.29000000
2018-02-23 14:08:01,0.02063200,0.24000000
2018-02-23 14:08:01,0.02063100,0.26000000
2018-02-23 14:08:01,0.02063100,0.88000000
2018-02-23 14:08:01,0.02063100,0.80000000
2018-02-23 14:08:02,0.02063100,0.80000000
2018-02-23 14:08:04,0.02063100,1.45000000
2018-02-23 14:08:04,0.02064900,0.23000000
2018-02-23 14:08:04,0.02063100,1.45000000
2018-02-23 14:08:05,0.02063100,0.19000000
2018-02-23 14:08:05,0.02063100,0.69000000
2018-02-23 14:08:05,0.02063100,0.25000000
2018-02-23 14:08:05,0.02063000,1.21000000
2018-02-23 14:08:05,0.02063000,0.31000000
2018-02-23 14:08:05,0.02063100,0.09000000
2018-02-23 14:08:05,0.02063000,2.30000000
2018-02-23 14:08:06,0.02063100,0.15000000
2018-02-23 14:08:07,0.02063100,0.67000000
2018-02-23 14:08:07,0.02063300,2.06000000
2018-02-23 14:08:07,0.02064500,1.59000000
2018-02-23 14:08:07,0.02064500,3.07000000
2018-02-23 14:08:07,0.02064500,0.80000000
2018-02-23 14:08:07,0.02064500,2.89000000
2018-02-23 14:08:08,0.02063000,0.48000000
2018-02-23 14:08:08,0.02063000,1.01000000
2018-02-23 14:08:08,0.02064500,0.86000000
2018-02-23 14:08:08,0.02064400,0.48000000
2018-02-23 14:08:09,0.02063000,1.00000000
2018-02-23 14:08:09,0.02063000,0.80000000
2018-02-23 14:08:12,0.02063100,0.57000000
2018-02-23 14:08:14,0.02063100,2.31000000
2018-02-23 14:08:14,0.02063100,2.04000000
2018-02-23 14:08:15,0.02063100,7.05000000
2018-02-23 14:08:16,0.02063100,2.50000000
2018-02-23 14:08:16,0.02063100,0.12000000
2018-02-23 14:08:19,0.02064000,1.45000000
2018-02-23 14:08:19,0.02064000,2.82000000
2018-02-23 14:08:19,0.02064000,0.70000000
2018-02-23 14:08:19,0.02063100,0.70000000
2018-02-23 14:08:19,0.02063100,0.44000000
2018-02-23 14:08:20,0.02063100,2.15000000
2018-02-23 14:08:22,0.02063900,0.48000000
2018-02-23 14:08:24,0.02063900,0.50000000
2018-02-23 14:08:24,0.02063900,0.49000000
2018-02-23 14:08:24,0.02063100,0.49000000
2018-02-23 14:08:25,0.02063900,0.15000000
2018-02-23 14:08:29,0.02063800,0.97000000
2018-02-23 14:08:29,0.02063900,0.54000000
2018-02-23 14:08:29,0.02063900,0.96000000
2018-02-23 14:08:29,0.02063900,1.25000000
2018-02-23 14:08:31,0.02063400,0.18000000
2018-02-23 14:08:33,0.02063800,0.33000000
2018-02-23 14:08:35,0.02063900,0.83000000
2018-02-23 14:08:36,0.02064300,0.06000000
2018-02-23 14:08:36,0.02064000,0.83000000
2018-02-23 14:08:36,0.02064300,0.41000000
2018-02-23 14:08:37,0.02063900,0.83000000
2018-02-23 14:08:37,0.02063800,0.18000000
2018-02-23 14:08:37,0.02063500,0.73000000
2018-02-23 14:08:37,0.02063400,1.56000000
2018-02-23 14:08:37,0.02063200,6.00000000
2018-02-23 14:08:37,0.02063100,1.75000000
2018-02-23 14:08:37,0.02063100,1.41000000
2018-02-23 14:08:37,0.02063100,4.40000000
2018-02-23 14:08:38,0.02063100,0.44000000
2018-02-23 14:08:39,0.02063100,0.28000000
2018-02-23 14:08:41,0.02063100,0.48000000
2018-02-23 14:08:41,0.02063000,1.17000000
2018-02-23 14:08:42,0.02063000,3.19000000
2018-02-23 14:08:42,0.02063100,0.54000000
2018-02-23 14:08:43,0.02063100,2.13000000
2018-02-23 14:08:43,0.02062900,0.46000000
2018-02-23 14:08:43,0.02062900,1.47000000
2018-02-23 14:08:46,0.02062000,0.10000000
2018-02-23 14:08:48,0.02062200,0.35000000
2018-02-23 14:08:48,0.02062900,0.13000000
2018-02-23 14:08:48,0.02062900,0.01000000
2018-02-23 14:08:48,0.02062900,4.38000000
2018-02-23 14:08:49,0.02061700,0.05000000
2018-02-23 14:08:49,0.02062900,0.76000000
2018-02-23 14:08:49,0.02061700,2.91000000
2018-02-23 14:08:50,0.02061700,0.36000000
2018-02-23 14:08:50,0.02061700,0.10000000
2018-02-23 14:08:51,0.02061700,0.80000000
2018-02-23 14:08:51,0.02061700,1.42000000
2018-02-23 14:08:51,0.02062900,5.40000000
2018-02-23 14:08:51,0.02061600,0.13000000
2018-02-23 14:08:52,0.02062800,0.71000000
2018-02-23 14:08:52,0.02062900,0.33000000
2018-02-23 14:08:54,0.02061600,5.33000000
2018-02-23 14:08:54,0.02061600,5.63000000
2018-02-23 14:08:55,0.02062800,0.48000000
2018-02-23 14:08:56,0.02061400,0.10000000
2018-02-23 14:08:56,0.02061100,0.25000000
2018-02-23 14:08:56,0.02060200,2.16000000
2018-02-23 14:08:57,0.02060300,1.64000000
2018-02-23 14:08:57,0.02060300,0.15000000
2018-02-23 14:08:58,0.02062800,1.01000000
2018-02-23 14:08:58,0.02060400,0.22000000
2018-02-23 14:09:00,0.02062500,0.22000000
2018-02-23 14:09:00,0.02062600,0.27000000
2018-02-23 14:09:01,0.02060100,1.47000000
2018-02-23 14:09:03,0.02060200,0.55000000
2018-02-23 14:09:03,0.02060100,0.42000000
2018-02-23 14:09:03,0.02062600,0.99000000
2018-02-23 14:09:03,0.02060100,7.17000000
2018-02-23 14:09:06,0.02060200,0.10000000
2018-02-23 14:09:08,0.02062300,0.48000000
2018-02-23 14:09:08,0.02060200,0.07000000
2018-02-23 14:09:09,0.02062300,1.86000000
2018-02-23 14:09:09,0.02062400,1.84000000
2018-02-23 14:09:10,0.02060200,0.09000000
2018-02-23 14:09:10,0.02060200,0.14000000
2018-02-23 14:09:12,0.02060200,0.17000000
2018-02-23 14:09:12,0.02060200,0.54000000
2018-02-23 14:09:12,0.02060100,3.82000000
2018-02-23 14:09:12,0.02060100,3.22000000
2018-02-23 14:09:13,0.02060100,1.45000000
2018-02-23 14:09:13,0.02060100,1.45000000
2018-02-23 14:09:13,0.02060100,1.45000000
2018-02-23 14:09:13,0.02060100,1.45000000
2018-02-23 14:09:13,0.02060100,1.45000000
2018-02-23 14:09:13,0.02060100,1.45000000
2018-02-23 14:09:13,0.02060100,2.88000000
2018-02-23 14:09:14,0.02060100,1.45000000
2018-02-23 14:09:14,0.02060100,1.45000000
2018-02-23 14:09:14,0.02060100,1.45000000
2018-02-23 14:09:15,0.02060100,1.45000000
2018-02-23 14:09:15,0.02060100,2.46000000
2018-02-23 14:09:15,0.02060100,1.45000000
2018-02-23 14:09:17,0.02060100,0.66000000
2018-02-23 14:09:19,0.02060100,0.17000000
2018-02-23 14:09:21,0.02060100,20.69000000
2018-02-23 14:09:25,0.02061300,0.23000000
2018-02-23 14:09:25,0.02061400,1.45000000
2018-02-23 14:09:25,0.02061400,1.77000000
2018-02-23 14:09:25,0.02061400,1.38000000
2018-02-23 14:09:25,0.02061600,0.07000000
2018-02-23 14:09:28,0.02061600,0.41000000
2018-02-23 14:09:28,0.02061900,1.18000000
2018-02-23 14:09:28,0.02062000,7.23000000
2018-02-23 14:09:28,0.02061900,0.14000000
2018-02-23 14:09:29,0.02061900,0.15000000
2018-02-23 14:09:29,0.02062000,0.80000000
2018-02-23 14:09:29,0.02062000,7.23000000
2018-02-23 14:09:30,0.02062000,1.45000000
2018-02-23 14:09:30,0.02062000,1.45000000
2018-02-23 14:09:30,0.02062000,0.51000000
2018-02-23 14:09:31,0.02062300,0.17000000
2018-02-23 14:09:31,0.02062400,0.07000000
2018-02-23 14:09:31,0.02062900,0.24000000
2018-02-23 14:09:33,0.02062100,0.10000000
2018-02-23 14:09:34,0.02062100,0.40000000
2018-02-23 14:09:36,0.02062100,0.01000000
2018-02-23 14:09:36,0.02062100,1.45000000
2018-02-23 14:09:36,0.02062100,1.45000000
2018-02-23 14:09:36,0.02062100,1.45000000
2018-02-23 14:09:36,0.02062100,0.77000000
2018-02-23 14:09:39,0.02062400,1.05000000
2018-02-23 14:09:39,0.02062500,1.05000000
2018-02-23 14:09:41,0.02062000,0.08000000
2018-02-23 14:09:43,0.02062500,0.05000000
2018-02-23 14:09:44,0.02062900,0.01000000
2018-02-23 14:09:48,0.02062900,1.45000000
2018-02-23 14:09:48,0.02062900,1.45000000
2018-02-23 14:09:48,0.02062900,1.45000000
2018-02-23 14:09:48,0.02062900,0.23000000
2018-02-23 14:09:49,0.02062500,0.07000000
2018-02-23 14:09:49,0.02062300,4.84000000
2018-02-23 14:09:53,0.02063000,0.80000000
2018-02-23 14:09:53,0.02063000,1.45000000
2018-02-23 14:09:54,0.02063000,1.45000000
2018-02-23 14:09:54,0.02063000,1.30000000
2018-02-23 14:09:54,0.02063100,2.33000000
2018-02-23 14:09:55,0.02063100,0.79000000
2018-02-23 14:09:55,0.02063100,0.80000000
2018-02-23 14:09:55,0.02063000,0.80000000
2018-02-23 14:09:58,0.02063000,0.11000000
2018-02-23 14:09:58,0.02063100,0.21000000
2018-02-23 14:09:59,0.02063100,0.14000000
2018-02-23 14:09:59,0.02063000,0.12000000
2018-02-23 14:09:59,0.02062600,0.68000000
2018-02-23 14:10:02,0.02063400,0.80000000
2018-02-23 14:10:02,0.02063500,0.35000000
2018-02-23 14:10:03,0.02063300,0.80000000
2018-02-23 14:10:03,0.02063300,0.01000000
2018-02-23 14:10:03,0.02063400,0.80000000
2018-02-23 14:10:03,0.02063300,0.79000000
2018-02-23 14:10:05,0.02063200,0.02000000
2018-02-23 14:10:07,0.02063600,0.18000000
2018-02-23 14:10:07,0.02063600,3.67000000
2018-02-23 14:10:08,0.02064000,0.56000000
2018-02-23 14:10:08,0.02064200,0.32000000
2018-02-23 14:10:08,0.02065000,0.36000000
2018-02-23 14:10:08,0.02065000,0.75000000
2018-02-23 14:10:08,0.02065000,1.45000000
2018-02-23 14:10:08,0.02064900,0.71000000
2018-02-23 14:10:08,0.02064900,0.41000000
2018-02-23 14:10:08,0.02064900,0.71000000
2018-02-23 14:10:09,0.02064900,0.12000000
2018-02-23 14:10:11,0.02064800,1.45000000
2018-02-23 14:10:11,0.02064800,0.96000000
2018-02-23 14:10:11,0.02065000,1.45000000
2018-02-23 14:10:11,0.02065000,0.96000000
2018-02-23 14:10:11,0.02064800,0.55000000
2018-02-23 14:10:12,0.02064800,1.86000000
2018-02-23 14:10:12,0.02064700,1.45000000
2018-02-23 14:10:12,0.02064700,0.73000000
2018-02-23 14:10:12,0.02064700,1.45000000
2018-02-23 14:10:12,0.02064700,7.03000000
2018-02-23 14:10:12,0.02064700,1.45000000
2018-02-23 14:10:12,0.02064700,1.45000000
2018-02-23 14:10:12,0.02064700,1.32000000
2018-02-23 14:10:16,0.02064700,0.50000000
2018-02-23 14:10:16,0.02063800,0.24000000
2018-02-23 14:10:18,0.02065300,0.10000000
2018-02-23 14:10:18,0.02065400,1.14000000
2018-02-23 14:10:19,0.02064700,0.25000000
2018-02-23 14:10:21,0.02065200,1.23000000
2018-02-23 14:10:21,0.02065200,0.01000000
2018-02-23 14:10:21,0.02065200,1.23000000
2018-02-23 14:10:21,0.02065200,0.30000000
2018-02-23 14:10:22,0.02065500,0.80000000
2018-02-23 14:10:23,0.02065500,0.80000000
2018-02-23 14:10:23,0.02065500,1.45000000
2018-02-23 14:10:23,0.02065500,1.45000000
2018-02-23 14:10:23,0.02065500,0.84000000
2018-02-23 14:10:23,0.02065500,0.84000000
2018-02-23 14:10:23,0.02065500,0.83000000
2018-02-23 14:10:23,0.02065500,0.35000000
2018-02-23 14:10:23,0.02065000,1.45000000
2018-02-23 14:10:23,0.02065600,0.66000000
2018-02-23 14:10:23,0.02065600,0.44000000
2018-02-23 14:10:23,0.02065700,0.06000000
2018-02-23 14:10:23,0.02065700,0.35000000
2018-02-23 14:10:23,0.02065800,1.45000000
2018-02-23 14:10:23,0.02065800,1.45000000
2018-02-23 14:10:23,0.02065800,1.45000000
2018-02-23 14:10:24,0.02065800,1.45000000
2018-02-23 14:10:24,0.02065700,0.25000000
2018-02-23 14:10:24,0.02065600,0.66000000
2018-02-23 14:10:24,0.02065800,1.45000000
2018-02-23 14:10:24,0.02065800,1.04000000
2018-02-23 14:10:24,0.02065800,1.01000000
2018-02-23 14:10:24,0.02065800,1.01000000
2018-02-23 14:10:24,0.02065500,0.90000000
2018-02-23 14:10:24,0.02065800,0.01000000
2018-02-23 14:10:24,0.02065900,2.91000000
2018-02-23 14:10:24,0.02065900,5.03000000
2018-02-23 14:10:24,0.02065900,7.03000000
2018-02-23 14:10:25,0.02065900,6.42000000
2018-02-23 14:10:25,0.02065900,0.34000000
2018-02-23 14:10:26,0.02065500,0.01000000
2018-02-23 14:10:26,0.02065500,6.34000000
2018-02-23 14:10:27,0.02065900,2.96000000
2018-02-23 14:10:27,0.02065900,0.59000000
2018-02-23 14:10:27,0.02065900,1.45000000
2018-02-23 14:10:27,0.02065900,2.44000000
2018-02-23 14:10:27,0.02065900,1.45000000
2018-02-23 14:10:27,0.02065900,0.27000000
2018-02-23 14:10:27,0.02065900,0.20000000
2018-02-23 14:10:27,0.02065900,0.20000000
2018-02-23 14:10:27,0.02065900,0.20000000
2018-02-23 14:10:27,0.02065900,0.09000000
2018-02-23 14:10:27,0.02065900,7.24000000
2018-02-23 14:10:27,0.02065900,7.03000000
2018-02-23 14:10:27,0.02065900,1.45000000
2018-02-23 14:10:27,0.02065900,0.12000000
2018-02-23 14:10:27,0.02065500,0.20000000
2018-02-23 14:10:27,0.02065900,1.45000000
2018-02-23 14:10:27,0.02065900,0.41000000
2018-02-23 14:10:27,0.02065900,0.74000000
2018-02-23 14:10:27,0.02065500,1.45000000
2018-02-23 14:10:28,0.02065900,1.08000000
2018-02-23 14:10:28,0.02065900,0.69000000
2018-02-23 14:10:28,0.02065900,0.69000000
2018-02-23 14:10:28,0.02065900,0.27000000
2018-02-23 14:10:28,0.02065900,0.69000000
2018-02-23 14:10:28,0.02065900,0.69000000
2018-02-23 14:10:28,0.02065900,0.07000000
2018-02-23 14:10:28,0.02065500,0.07000000
2018-02-23 14:10:28,0.02065000,0.66000000
2018-02-23 14:10:30,0.02065800,0.85000000
2018-02-23 14:10:31,0.02065900,1.23000000
2018-02-23 14:10:31,0.02065900,0.83000000
2018-02-23 14:10:32,0.02065900,1.45000000
2018-02-23 14:10:32,0.02065900,0.80000000
2018-02-23 14:10:32,0.02065900,1.45000000
2018-02-23 14:10:32,0.02065900,1.45000000
2018-02-23 14:10:32,0.02065900,0.34000000
2018-02-23 14:10:32,0.02065900,0.99000000
2018-02-23 14:10:32,0.02065900,0.66000000
2018-02-23 14:10:33,0.02065900,0.46000000
2018-02-23 14:10:33,0.02065900,6.77000000
2018-02-23 14:10:33,0.02065900,11.77000000
2018-02-23 14:10:33,0.02065900,19.91000000
2018-02-23 14:10:33,0.02065900,0.15000000
2018-02-23 14:10:33,0.02065900,32.24000000
2018-02-23 14:10:33,0.02065900,39.80000000
2018-02-23 14:10:33,0.02066000,4.79000000
2018-02-23 14:10:35,0.02065900,0.46000000
2018-02-23 14:10:35,0.02065900,1.03000000
2018-02-23 14:10:35,0.02065900,3.07000000
2018-02-23 14:10:35,0.02065800,2.52000000
2018-02-23 14:10:35,0.02065800,0.47000000
2018-02-23 14:10:35,0.02065700,0.16000000
2018-02-23 14:10:35,0.02065700,0.74000000
2018-02-23 14:10:36,0.02067000,0.32000000
2018-02-23 14:10:37,0.02067000,0.23000000
2018-02-23 14:10:37,0.02067000,9.48000000
2018-02-23 14:10:38,0.02065300,0.94000000
2018-02-23 14:10:38,0.02065400,2.43000000
2018-02-23 14:10:38,0.02065400,0.23000000
2018-02-23 14:10:38,0.02065400,1.00000000
2018-02-23 14:10:39,0.02065600,6.42000000
2018-02-23 14:10:39,0.02065500,3.06000000
2018-02-23 14:10:41,0.02065900,1.00000000
2018-02-23 14:10:42,0.02067400,3.66000000
2018-02-23 14:10:42,0.02067500,1.18000000
2018-02-23 14:10:42,0.02067600,0.10000000
2018-02-23 14:10:42,0.02067900,5.07000000
2018-02-23 14:10:42,0.02065900,0.83000000
2018-02-23 14:10:43,0.02065500,1.00000000
2018-02-23 14:10:43,0.02067900,0.47000000
2018-02-23 14:10:43,0.02065600,0.54000000
2018-02-23 14:10:43,0.02065500,0.88000000
2018-02-23 14:10:43,0.02065300,0.47000000
2018-02-23 14:10:43,0.02065000,9.71000000
2018-02-23 14:10:44,0.02067700,0.54000000
2018-02-23 14:10:44,0.02067800,5.29000000
2018-02-23 14:10:44,0.02067900,2.79000000
2018-02-23 14:10:46,0.02065900,0.75000000
2018-02-23 14:10:48,0.02065500,0.10000000
2018-02-23 14:10:48,0.02065500,0.16000000
2018-02-23 14:10:48,0.02065500,1.03000000
2018-02-23 14:10:48,0.02065200,0.06000000
2018-02-23 14:10:48,0.02065100,0.30000000
2018-02-23 14:10:50,0.02067400,0.30000000
2018-02-23 14:10:50,0.02067500,2.00000000
2018-02-23 14:10:50,0.02067600,0.10000000
2018-02-23 14:10:50,0.02067800,0.55000000
2018-02-23 14:10:50,0.02067900,36.48000000
2018-02-23 14:10:53,0.02067000,0.07000000
2018-02-23 14:10:53,0.02067900,12.33000000
2018-02-23 14:10:53,0.02065700,5.62000000
2018-02-23 14:10:53,0.02065600,1.80000000
2018-02-23 14:10:54,0.02065700,0.54000000
2018-02-23 14:10:57,0.02067600,0.66000000
2018-02-23 14:11:02,0.02065800,0.32000000
2018-02-23 14:11:03,0.02067000,0.54000000
2018-02-23 14:11:03,0.02067100,4.42000000
2018-02-23 14:11:03,0.02067100,0.54000000
2018-02-23 14:11:04,0.02067300,0.28000000
2018-02-23 14:11:04,0.02067900,0.20000000
2018-02-23 14:11:05,0.02065800,0.50000000
2018-02-23 14:11:05,0.02065700,7.60000000
2018-02-23 14:11:06,0.02066000,16.05000000
2018-02-23 14:11:07,0.02067800,0.48000000
2018-02-23 14:11:07,0.02067800,5.02000000
2018-02-23 14:11:07,0.02067900,1.62000000
2018-02-23 14:11:07,0.02068000,0.13000000
2018-02-23 14:11:07,0.02068000,0.93000000
2018-02-23 14:11:08,0.02068000,0.99000000
2018-02-23 14:11:08,0.02068000,0.18000000
2018-02-23 14:11:08,0.02068000,2.68000000
2018-02-23 14:11:08,0.02068000,3.75000000
2018-02-23 14:11:08,0.02066000,0.69000000
2018-02-23 14:11:08,0.02065800,3.79000000
2018-02-23 14:11:08,0.02065600,2.20000000
2018-02-23 14:11:08,0.02065500,10.10000000
2018-02-23 14:11:08,0.02065500,1.45000000
2018-02-23 14:11:09,0.02067900,0.10000000
2018-02-23 14:11:09,0.02067900,1.56000000
2018-02-23 14:11:10,0.02067900,4.07000000
2018-02-23 14:11:11,0.02065600,1.00000000
2018-02-23 14:11:11,0.02066000,0.49000000
2018-02-23 14:11:11,0.02065600,0.07000000
2018-02-23 14:11:12,0.02067300,0.48000000
2018-02-23 14:11:13,0.02067900,2.43000000
2018-02-23 14:11:13,0.02067900,0.59000000
2018-02-23 14:11:14,0.02067900,7.54000000
2018-02-23 14:11:16,0.02068300,0.02000000
2018-02-23 14:11:17,0.02068300,4.57000000
2018-02-23 14:11:17,0.02068500,5.17000000
2018-02-23 14:11:17,0.02068700,0.05000000
2018-02-23 14:11:17,0.02068900,5.45000000
2018-02-23 14:11:17,0.02069000,37.82000000
2018-02-23 14:11:19,0.02066300,0.06000000
2018-02-23 14:11:19,0.02066200,0.59000000
2018-02-23 14:11:20,0.02066200,0.06000000
2018-02-23 14:11:20,0.02066100,5.86000000
2018-02-23 14:11:20,0.02065600,0.59000000
2018-02-23 14:11:21,0.02065700,5.61000000
2018-02-23 14:11:21,0.02065600,0.37000000
2018-02-23 14:11:21,0.02065700,0.78000000
2018-02-23 14:11:22,0.02067700,1.82000000
2018-02-23 14:11:22,0.02067700,0.29000000
2018-02-23 14:11:22,0.02067700,1.44000000
2018-02-23 14:11:22,0.02067700,0.48000000
2018-02-23 14:11:22,0.02067700,1.16000000
2018-02-23 14:11:23,0.02067700,0.42000000
2018-02-23 14:11:23,0.02065800,4.84000000
2018-02-23 14:11:24,0.02066200,6.19000000
2018-02-23 14:11:25,0.02065700,1.06000000
2018-02-23 14:11:26,0.02065800,5.61000000
2018-02-23 14:11:27,0.02066000,1.00000000
2018-02-23 14:11:28,0.02066000,32.48000000
2018-02-23 14:11:29,0.02066200,1.14000000
2018-02-23 14:11:29,0.02066200,0.01000000
2018-02-23 14:11:30,0.02068100,1.44000000
2018-02-23 14:11:30,0.02068000,0.48000000
2018-02-23 14:11:31,0.02068000,0.05000000
2018-02-23 14:11:31,0.02068100,0.43000000
2018-02-23 14:11:35,0.02065700,0.53000000
2018-02-23 14:11:35,0.02065600,0.14000000
2018-02-23 14:11:35,0.02068100,0.48000000
2018-02-23 14:11:36,0.02068000,0.53000000
2018-02-23 14:11:36,0.02068100,3.92000000
2018-02-23 14:11:36,0.02068200,71.51000000
2018-02-23 14:11:36,0.02068200,29.88000000
2018-02-23 14:11:36,0.02068200,12.98000000
2018-02-23 14:11:36,0.02068200,5.79000000
2018-02-23 14:11:36,0.02068200,2.38000000
2018-02-23 14:11:36,0.02065600,5.40000000
2018-02-23 14:11:36,0.02065600,4.63000000
2018-02-23 14:11:37,0.02068200,23.35000000
2018-02-23 14:11:37,0.02068200,11.68000000
2018-02-23 14:11:37,0.02068200,6.06000000
2018-02-23 14:11:37,0.02068200,0.57000000
2018-02-23 14:11:37,0.02065900,0.53000000
2018-02-23 14:11:38,0.02068800,0.12000000
2018-02-23 14:11:38,0.02068900,0.06000000
2018-02-23 14:11:38,0.02069000,0.30000000
2018-02-23 14:11:38,0.02069000,1.44000000
2018-02-23 14:11:38,0.02069000,1.44000000
2018-02-23 14:11:38,0.02069000,1.44000000
2018-02-23 14:11:38,0.02069000,1.44000000
2018-02-23 14:11:38,0.02065900,6.72000000
2018-02-23 14:11:38,0.02069000,7.22000000
2018-02-23 14:11:38,0.02069000,4.00000000
2018-02-23 14:11:38,0.02069000,1.44000000
2018-02-23 14:11:39,0.02069000,1.44000000
2018-02-23 14:11:39,0.02069000,7.24000000
2018-02-23 14:11:39,0.02069000,6.81000000
2018-02-23 14:11:39,0.02069000,1.44000000
2018-02-23 14:11:39,0.02069000,3.13000000
2018-02-23 14:11:39,0.02068800,1.44000000
2018-02-23 14:11:39,0.02068800,0.59000000
2018-02-23 14:11:39,0.02068800,1.44000000
2018-02-23 14:11:39,0.02068800,1.44000000
2018-02-23 14:11:39,0.02068800,0.51000000
2018-02-23 14:11:39,0.02068800,0.40000000
2018-02-23 14:11:39,0.02066100,1.44000000
2018-02-23 14:11:39,0.02068800,1.43000000
2018-02-23 14:11:39,0.02066100,0.51000000
2018-02-23 14:11:40,0.02066300,6.72000000
2018-02-23 14:11:40,0.02068800,0.12000000
2018-02-23 14:11:40,0.02066300,0.53000000
2018-02-23 14:11:40,0.02066100,7.41000000
2018-02-23 14:11:41,0.02069300,0.80000000
2018-02-23 14:11:41,0.02066300,0.53000000
2018-02-23 14:11:41,0.02066200,1.44000000
2018-02-23 14:11:41,0.02068000,1.00000000
2018-02-23 14:11:41,0.02068800,0.76000000
2018-02-23 14:11:41,0.02068800,1.44000000
2018-02-23 14:11:41,0.02068800,4.25000000
2018-02-23 14:11:41,0.02069000,1.38000000
2018-02-23 14:11:41,0.02069000,0.45000000
2018-02-23 14:11:42,0.02069000,0.45000000
2018-02-23 14:11:42,0.02069000,7.24000000
2018-02-23 14:11:42,0.02069000,1.04000000
2018-02-23 14:11:42,0.02069500,1.37000000
2018-02-23 14:11:42,0.02069000,5.69000000
2018-02-23 14:11:42,0.02069000,0.53000000
2018-02-23 14:11:42,0.02069000,0.30000000
2018-02-23 14:11:43,0.02069000,0.61000000
2018-02-23 14:11:43,0.02068800,5.69000000
2018-02-23 14:11:43,0.02068000,0.85000000
2018-02-23 14:11:43,0.02068000,0.15000000
2018-02-23 14:11:43,0.02066100,1.18000000
2018-02-23 14:11:43,0.02066100,6.08000000
2018-02-23 14:11:43,0.02066000,1.07000000
2018-02-23 14:11:44,0.02069500,0.59000000
2018-02-23 14:11:44,0.02069500,1.44000000
2018-02-23 14:11:44,0.02069500,1.44000000
2018-02-23 14:11:44,0.02069500,1.88000000
2018-02-23 14:11:44,0.02069500,1.29000000
2018-02-23 14:11:44,0.02069500,0.62000000
2018-02-23 14:11:44,0.02069700,0.10000000
2018-02-23 14:11:44,0.02069900,0.16000000
2018-02-23 14:11:44,0.02069600,4.29000000
2018-02-23 14:11:44,0.02066200,0.60000000
2018-02-23 14:11:44,0.02069900,0.26000000
2018-02-23 14:11:44,0.02070000,1.31000000
2018-02-23 14:11:44,0.02066200,1.29000000
2018-02-23 14:11:45,0.02068000,0.79000000
2018-02-23 14:11:45,0.02068000,0.21000000
2018-02-23 14:11:45,0.02069400,0.79000000
2018-02-23 14:11:45,0.02068000,0.21000000
2018-02-23 14:11:45,0.02066400,6.94000000
2018-02-23 14:11:45,0.02069400,0.28000000
2018-02-23 14:11:45,0.02066700,0.29000000
2018-02-23 14:11:45,0.02066500,0.33000000
2018-02-23 14:11:46,0.02066500,4.16000000
2018-02-23 14:11:46,0.02069500,1.44000000
2018-02-23 14:11:46,0.02069500,0.59000000
2018-02-23 14:11:46,0.02069500,1.44000000
2018-02-23 14:11:46,0.02069500,0.48000000
2018-02-23 14:11:46,0.02067600,0.10000000
2018-02-23 14:11:46,0.02066500,1.04000000
2018-02-23 14:11:46,0.02069500,3.41000000
2018-02-23 14:11:46,0.02069600,3.97000000
2018-02-23 14:11:46,0.02069600,0.55000000
2018-02-23 14:11:46,0.02069700,0.23000000
2018-02-23 14:11:46,0.02069700,0.51000000
2018-02-23 14:11:46,0.02069700,2.90000000
2018-02-23 14:11:46,0.02069700,0.26000000
2018-02-23 14:11:46,0.02069700,1.90000000
2018-02-23 14:11:46,0.02069500,0.79000000
2018-02-23 14:11:46,0.02066500,4.17000000
2018-02-23 14:11:47,0.02066400,0.55000000
2018-02-23 14:11:47,0.02066300,1.02000000
2018-02-23 14:11:47,0.02066300,1.45000000
2018-02-23 14:11:48,0.02068800,0.15000000
2018-02-23 14:11:48,0.02068800,0.29000000
2018-02-23 14:11:48,0.02068800,1.44000000
2018-02-23 14:11:48,0.02068800,1.38000000
2018-02-23 14:11:48,0.02069000,0.30000000
2018-02-23 14:11:48,0.02069400,0.55000000
2018-02-23 14:11:48,0.02069800,0.45000000
2018-02-23 14:11:48,0.02069800,0.24000000
2018-02-23 14:11:48,0.02070000,1.06000000
2018-02-23 14:11:48,0.02070000,0.26000000
2018-02-23 14:11:48,0.02069000,0.30000000
2018-02-23 14:11:48,0.02068900,0.78000000
2018-02-23 14:11:48,0.02066400,4.26000000
2018-02-23 14:11:49,0.02069700,0.10000000
2018-02-23 14:11:49,0.02070000,0.38000000
2018-02-23 14:11:51,0.02067700,0.55000000
2018-02-23 14:11:55,0.02068700,0.55000000
2018-02-23 14:11:55,0.02068800,0.89000000
2018-02-23 14:11:55,0.02068800,0.84000000
2018-02-23 14:11:55,0.02068800,3.89000000
2018-02-23 14:11:55,0.02070000,2.46000000
2018-02-23 14:11:55,0.02070000,0.59000000
2018-02-23 14:11:55,0.02067600,0.10000000
2018-02-23 14:11:55,0.02067200,0.68000000
2018-02-23 14:11:56,0.02070000,0.79000000
2018-02-23 14:11:56,0.02070000,0.80000000
2018-02-23 14:11:56,0.02070000,0.80000000
2018-02-23 14:11:56,0.02070000,1.44000000
2018-02-23 14:11:56,0.02070000,0.64000000
2018-02-23 14:11:56,0.02069900,1.44000000
2018-02-23 14:11:56,0.02069900,7.09000000
2018-02-23 14:11:56,0.02069900,0.69000000
2018-02-23 14:11:56,0.02069900,0.10000000
2018-02-23 14:11:57,0.02069900,1.30000000
2018-02-23 14:11:57,0.02069900,1.67000000
2018-02-23 14:11:57,0.02069900,3.24000000
2018-02-23 14:11:57,0.02067300,4.80000000
2018-02-23 14:11:57,0.02067300,0.20000000
2018-02-23 14:11:58,0.02068600,4.98000000
2018-02-23 14:11:58,0.02068600,0.70000000
2018-02-23 14:11:58,0.02070000,2.19000000
2018-02-23 14:11:58,0.02070000,6.55000000
2018-02-23 14:11:58,0.02070000,3.73000000
2018-02-23 14:11:58,0.02070000,2.04000000
2018-02-23 14:11:58,0.02070000,48.35000000
2018-02-23 14:11:59,0.02069900,4.00000000
2018-02-23 14:11:59,0.02070000,39.23000000
2018-02-23 14:11:59,0.02070200,0.39000000
2018-02-23 14:11:59,0.02070300,29.38000000
2018-02-23 14:11:59,0.02070300,11.40000000
2018-02-23 14:11:59,0.02070400,0.21000000
2018-02-23 14:11:59,0.02070500,0.21000000
2018-02-23 14:11:59,0.02070600,0.77000000
2018-02-23 14:11:59,0.02070700,1.45000000
2018-02-23 14:11:59,0.02068800,1.00000000
2018-02-23 14:11:59,0.02071000,0.16000000
2018-02-23 14:11:59,0.02069900,2.42000000
2018-02-23 14:12:00,0.02068800,0.24000000
2018-02-23 14:12:00,0.02068900,2.58000000
2018-02-23 14:12:00,0.02068900,2.05000000
2018-02-23 14:12:00,0.02068900,2.47000000
2018-02-23 14:12:00,0.02069900,2.43000000
2018-02-23 14:12:00,0.02071000,1.65000000
2018-02-23 14:12:00,0.02071300,1.86000000
2018-02-23 14:12:00,0.02071700,0.35000000
2018-02-23 14:12:00,0.02071800,0.50000000
2018-02-23 14:12:00,0.02068900,0.26000000
2018-02-23 14:12:00,0.02068800,0.03000000
2018-02-23 14:12:00,0.02068800,0.05000000
2018-02-23 14:12:00,0.02068800,4.20000000
2018-02-23 14:12:01,0.02068300,0.51000000
2018-02-23 14:12:01,0.02068300,0.55000000
2018-02-23 14:12:01,0.02068300,0.29000000
2018-02-23 14:12:01,0.02068300,0.11000000
2018-02-23 14:12:01,0.02068300,0.34000000
2018-02-23 14:12:01,0.02068300,0.34000000
2018-02-23 14:12:01,0.02068300,0.91000000
2018-02-23 14:12:01,0.02068800,3.76000000
2018-02-23 14:12:01,0.02068800,0.49000000
2018-02-23 14:12:01,0.02071800,0.10000000
2018-02-23 14:12:01,0.02072000,0.65000000
2018-02-23 14:12:01,0.02072000,1.24000000
2018-02-23 14:12:01,0.02068300,0.11000000
