DATE,PRICE,VOLUME
2018-02-28 21:00:02,0.01958900,0.06000000
2018-02-28 21:00:06,0.01958900,0.18000000
2018-02-28 21:00:08,0.01958900,0.33000000
2018-02-28 21:00:08,0.01958700,1.85000000
2018-02-28 21:00:08,0.01960800,0.10000000
2018-02-28 21:00:08,0.01960800,0.12000000
2018-02-28 21:00:10,0.01958700,0.17000000
2018-02-28 21:00:10,0.01960800,1.33000000
2018-02-28 21:00:10,0.01961100,3.19000000
2018-02-28 21:00:10,0.01961200,0.30000000
2018-02-28 21:00:10,0.01961200,0.18000000
2018-02-28 21:00:11,0.01958700,0.27000000
2018-02-28 21:00:12,0.01961600,0.25000000
2018-02-28 21:00:16,0.01957900,0.25000000
2018-02-28 21:00:16,0.01957400,0.63000000
2018-02-28 21:00:28,0.01958900,1.03000000
2018-02-28 21:00:34,0.01959400,0.50000000
2018-02-28 21:00:35,0.01959400,0.43000000
2018-02-28 21:00:35,0.01958900,0.04000000
2018-02-28 21:00:50,0.01958900,1.04000000
2018-02-28 21:00:51,0.01961700,0.12000000
2018-02-28 21:00:56,0.01961700,4.46000000
2018-02-28 21:00:56,0.01961800,46.50000000
2018-02-28 21:01:01,0.01961800,2.03000000
2018-02-28 21:01:03,0.01961100,4.96000000
2018-02-28 21:01:04,0.01961100,0.48000000
2018-02-28 21:01:07,0.01961100,5.09000000
2018-02-28 21:01:11,0.01959100,4.64000000
2018-02-28 21:01:11,0.01959000,4.19000000
2018-02-28 21:01:11,0.01958900,20.03000000
2018-02-28 21:01:25,0.01961100,0.18000000
2018-02-28 21:01:26,0.01961100,0.25000000
2018-02-28 21:01:27,0.01958900,0.03000000
2018-02-28 21:01:27,0.01958000,6.30000000
2018-02-28 21:01:27,0.01957400,1.26000000
2018-02-28 21:01:27,0.01956100,0.48000000
2018-02-28 21:01:27,0.01955100,1.73000000
2018-02-28 21:01:27,0.01955000,9.00000000
2018-02-28 21:01:27,0.01954600,8.37000000
2018-02-28 21:01:31,0.01960700,2.79000000
2018-02-28 21:01:58,0.01960600,0.32000000
2018-02-28 21:02:03,0.01960600,0.50000000
2018-02-28 21:02:06,0.01960600,0.91000000
2018-02-28 21:02:06,0.01960800,0.25000000
2018-02-28 21:02:06,0.01960800,0.62000000
2018-02-28 21:02:10,0.01960800,0.52000000
2018-02-28 21:02:11,0.01960800,0.65000000
2018-02-28 21:02:11,0.01960900,0.27000000
2018-02-28 21:02:12,0.01961000,4.20000000
2018-02-28 21:02:36,0.01961000,0.10000000
2018-02-28 21:02:37,0.01961000,0.11000000
2018-02-28 21:02:41,0.01960900,0.11000000
2018-02-28 21:02:45,0.01960900,0.11000000
2018-02-28 21:02:49,0.01960800,0.11000000
2018-02-28 21:02:52,0.01960800,0.29000000
2018-02-28 21:02:52,0.01960900,0.93000000
2018-02-28 21:02:54,0.01961000,0.23000000
2018-02-28 21:02:56,0.01961000,0.34000000
2018-02-28 21:02:59,0.01960900,0.42000000
2018-02-28 21:03:01,0.01960900,0.70000000
2018-02-28 21:03:02,0.01961000,0.22000000
2018-02-28 21:03:08,0.01961000,0.11000000
2018-02-28 21:03:10,0.01961000,3.00000000
2018-02-28 21:03:14,0.01961000,1.16000000
2018-02-28 21:03:14,0.01960900,0.57000000
2018-02-28 21:03:16,0.01961000,1.38000000
2018-02-28 21:03:20,0.01961000,0.01000000
2018-02-28 21:03:21,0.01961100,4.21000000
2018-02-28 21:03:23,0.01961800,0.79000000
2018-02-28 21:03:25,0.01961800,0.10000000
2018-02-28 21:03:29,0.01961100,0.33000000
2018-02-28 21:03:29,0.01961000,0.46000000
2018-02-28 21:03:39,0.01961000,0.01000000
2018-02-28 21:03:40,0.01960900,0.20000000
2018-02-28 21:03:41,0.01961000,0.20000000
2018-02-28 21:03:44,0.01961000,0.01000000
2018-02-28 21:03:47,0.01961800,1.02000000
2018-02-28 21:03:48,0.01961800,0.10000000
2018-02-28 21:03:48,0.01961800,0.25000000
2018-02-28 21:03:48,0.01962700,1.00000000
2018-02-28 21:03:48,0.01962900,0.44000000
2018-02-28 21:03:48,0.01963000,3.61000000
2018-02-28 21:03:48,0.01964300,1.08000000
2018-02-28 21:03:50,0.01961800,0.51000000
2018-02-28 21:03:50,0.01961100,0.51000000
2018-02-28 21:03:50,0.01961100,1.81000000
2018-02-28 21:03:50,0.01964300,0.96000000
2018-02-28 21:03:51,0.01961100,0.41000000
2018-02-28 21:03:55,0.01964300,0.15000000
2018-02-28 21:03:58,0.01964000,0.30000000
2018-02-28 21:04:23,0.01963900,2.76000000
2018-02-28 21:04:28,0.01960900,0.49000000
2018-02-28 21:04:34,0.01963900,0.50000000
2018-02-28 21:04:38,0.01960900,1.30000000
2018-02-28 21:04:48,0.01961800,0.30000000
2018-02-28 21:04:48,0.01961100,0.25000000
2018-02-28 21:04:49,0.01961100,0.03000000
2018-02-28 21:04:58,0.01962700,0.10000000
2018-02-28 21:04:58,0.01962700,2.19000000
2018-02-28 21:04:58,0.01963500,0.39000000
2018-02-28 21:05:03,0.01961100,2.54000000
2018-02-28 21:05:05,0.01961100,0.91000000
2018-02-28 21:05:16,0.01961100,0.84000000
2018-02-28 21:05:16,0.01960900,14.23000000
2018-02-28 21:05:20,0.01960000,0.10000000
2018-02-28 21:05:20,0.01960000,0.85000000
2018-02-28 21:05:20,0.01960000,0.01000000
2018-02-28 21:05:20,0.01963400,0.09000000
2018-02-28 21:05:22,0.01963300,0.02000000
2018-02-28 21:05:31,0.01963400,0.11000000
2018-02-28 21:05:36,0.01963400,0.22000000
2018-02-28 21:05:48,0.01962500,0.39000000
2018-02-28 21:06:05,0.01961100,0.06000000
2018-02-28 21:06:07,0.01963400,0.11000000
2018-02-28 21:06:18,0.01961100,0.08000000
2018-02-28 21:06:26,0.01963100,0.22000000
2018-02-28 21:06:26,0.01963200,2.78000000
2018-02-28 21:06:27,0.01961300,0.17000000
2018-02-28 21:06:27,0.01962000,0.55000000
2018-02-28 21:06:27,0.01962000,0.50000000
2018-02-28 21:06:30,0.01962000,1.69000000
2018-02-28 21:06:32,0.01962000,0.50000000
2018-02-28 21:06:34,0.01961300,0.47000000
2018-02-28 21:06:38,0.01962000,0.20000000
2018-02-28 21:06:43,0.01961300,2.15000000
2018-02-28 21:06:43,0.01961200,1.16000000
2018-02-28 21:06:50,0.01962000,3.16000000
2018-02-28 21:06:56,0.01961300,0.22000000
2018-02-28 21:07:09,0.01961300,0.48000000
2018-02-28 21:07:12,0.01961900,1.50000000
2018-02-28 21:07:14,0.01961900,0.35000000
2018-02-28 21:07:17,0.01961300,3.43000000
2018-02-28 21:07:28,0.01961500,0.10000000
2018-02-28 21:07:35,0.01961800,0.13000000
2018-02-28 21:07:36,0.01961500,0.37000000
2018-02-28 21:07:38,0.01961500,1.50000000
2018-02-28 21:07:39,0.01961300,2.97000000
2018-02-28 21:07:42,0.01961500,0.05000000
2018-02-28 21:07:44,0.01961300,0.19000000
2018-02-28 21:07:47,0.01961300,0.10000000
2018-02-28 21:07:52,0.01961300,20.00000000
2018-02-28 21:08:01,0.01961300,4.50000000
2018-02-28 21:08:14,0.01961300,0.11000000
2018-02-28 21:08:17,0.01961300,17.03000000
2018-02-28 21:08:29,0.01961300,0.77000000
2018-02-28 21:08:32,0.01961300,0.28000000
2018-02-28 21:08:39,0.01961300,7.83000000
2018-02-28 21:08:44,0.01961300,0.07000000
2018-02-28 21:08:46,0.01961300,49.00000000
2018-02-28 21:08:47,0.01961300,0.40000000
2018-02-28 21:08:47,0.01961400,0.25000000
2018-02-28 21:08:48,0.01961400,0.36000000
2018-02-28 21:08:48,0.01961500,0.44000000
2018-02-28 21:08:51,0.01961300,0.01000000
2018-02-28 21:08:51,0.01961200,0.16000000
2018-02-28 21:08:52,0.01961200,0.11000000
2018-02-28 21:08:53,0.01961200,1.94000000
2018-02-28 21:08:56,0.01961200,4.19000000
2018-02-28 21:08:57,0.01961100,0.10000000
2018-02-28 21:08:57,0.01961100,0.58000000
2018-02-28 21:08:57,0.01961000,0.36000000
2018-02-28 21:08:57,0.01959100,0.10000000
2018-02-28 21:08:58,0.01961500,0.39000000
2018-02-28 21:09:09,0.01959100,0.50000000
2018-02-28 21:09:17,0.01959100,0.47000000
2018-02-28 21:09:24,0.01959000,0.27000000
2018-02-28 21:09:24,0.01959100,0.03000000
2018-02-28 21:09:25,0.01959400,5.09000000
2018-02-28 21:09:25,0.01959400,6.41000000
2018-02-28 21:09:26,0.01961300,0.33000000
2018-02-28 21:09:26,0.01961400,0.18000000
2018-02-28 21:09:35,0.01961400,1.50000000
2018-02-28 21:09:36,0.01961400,0.40000000
2018-02-28 21:09:40,0.01961400,2.25000000
2018-02-28 21:09:47,0.01958800,0.84000000
2018-02-28 21:09:48,0.01961400,1.25000000
2018-02-28 21:09:48,0.01961500,0.25000000
2018-02-28 21:09:57,0.01961300,0.75000000
2018-02-28 21:10:01,0.01961200,0.84000000
2018-02-28 21:10:01,0.01961400,0.33000000
2018-02-28 21:10:01,0.01961500,0.64000000
2018-02-28 21:10:01,0.01961900,3.64000000
2018-02-28 21:10:17,0.01958800,0.11000000
2018-02-28 21:10:17,0.01958800,0.44000000
2018-02-28 21:10:18,0.01958700,0.53000000
2018-02-28 21:10:18,0.01958700,8.02000000
2018-02-28 21:10:18,0.01958000,0.07000000
2018-02-28 21:10:18,0.01957300,5.15000000
2018-02-28 21:10:25,0.01961200,0.58000000
2018-02-28 21:10:25,0.01957500,0.96000000
2018-02-28 21:10:25,0.01957500,0.58000000
2018-02-28 21:10:30,0.01961200,1.50000000
2018-02-28 21:10:31,0.01957500,1.42000000
2018-02-28 21:10:38,0.01961100,1.50000000
2018-02-28 21:10:44,0.01960700,0.80000000
2018-02-28 21:10:46,0.01957600,4.29000000
2018-02-28 21:10:47,0.01957700,0.59000000
2018-02-28 21:10:48,0.01957500,0.39000000
2018-02-28 21:10:50,0.01960600,1.50000000
2018-02-28 21:10:50,0.01960600,0.30000000
2018-02-28 21:10:53,0.01960600,0.20000000
2018-02-28 21:10:54,0.01957500,9.88000000
2018-02-28 21:10:55,0.01960100,2.29000000
2018-02-28 21:10:55,0.01960200,1.69000000
2018-02-28 21:10:55,0.01960200,1.50000000
2018-02-28 21:10:57,0.01960200,0.10000000
2018-02-28 21:10:59,0.01957500,5.38000000
2018-02-28 21:11:00,0.01960200,0.69000000
2018-02-28 21:11:00,0.01957600,1.00000000
2018-02-28 21:11:02,0.01961100,1.50000000
2018-02-28 21:11:02,0.01957500,0.01000000
2018-02-28 21:11:02,0.01957400,0.05000000
2018-02-28 21:11:03,0.01957700,0.50000000
2018-02-28 21:11:03,0.01957700,6.18000000
2018-02-28 21:11:03,0.01957700,3.22000000
2018-02-28 21:11:04,0.01961100,0.12000000
2018-02-28 21:11:04,0.01961100,0.16000000
2018-02-28 21:11:05,0.01961100,2.33000000
2018-02-28 21:11:07,0.01961200,0.55000000
2018-02-28 21:11:09,0.01961100,0.31000000
2018-02-28 21:11:09,0.01961100,10.50000000
2018-02-28 21:11:11,0.01961100,0.26000000
2018-02-28 21:11:12,0.01961100,0.49000000
2018-02-28 21:11:12,0.01957500,0.10000000
2018-02-28 21:11:16,0.01957500,1.16000000
2018-02-28 21:11:18,0.01957500,0.01000000
2018-02-28 21:11:18,0.01957400,0.33000000
2018-02-28 21:11:19,0.01957400,0.06000000
2018-02-28 21:11:23,0.01960500,0.33000000
2018-02-28 21:11:23,0.01960600,0.93000000
2018-02-28 21:11:23,0.01961000,0.24000000
2018-02-28 21:11:27,0.01961000,0.52000000
2018-02-28 21:11:27,0.01961200,0.33000000
2018-02-28 21:11:35,0.01957500,1.00000000
2018-02-28 21:11:35,0.01957500,0.21000000
2018-02-28 21:11:36,0.01957500,7.60000000
2018-02-28 21:11:38,0.01957500,0.10000000
2018-02-28 21:11:38,0.01957500,0.88000000
2018-02-28 21:11:40,0.01957500,0.95000000
2018-02-28 21:11:42,0.01957500,0.07000000
2018-02-28 21:11:42,0.01957500,0.10000000
2018-02-28 21:11:45,0.01957400,1.74000000
2018-02-28 21:11:46,0.01957500,1.08000000
2018-02-28 21:11:47,0.01957300,1.00000000
2018-02-28 21:11:49,0.01957400,0.30000000
2018-02-28 21:11:50,0.01957400,0.38000000
2018-02-28 21:11:50,0.01957400,0.11000000
2018-02-28 21:11:50,0.01957500,1.60000000
2018-02-28 21:11:50,0.01957500,2.00000000
2018-02-28 21:11:51,0.01957400,0.10000000
2018-02-28 21:11:51,0.01957500,1.61000000
2018-02-28 21:11:54,0.01957300,0.11000000
2018-02-28 21:11:56,0.01957500,2.00000000
2018-02-28 21:11:57,0.01957500,0.30000000
2018-02-28 21:11:58,0.01958400,0.11000000
2018-02-28 21:11:58,0.01958400,2.89000000
2018-02-28 21:11:59,0.01958400,0.77000000
2018-02-28 21:12:00,0.01957500,0.61000000
2018-02-28 21:12:03,0.01961000,0.72000000
2018-02-28 21:12:05,0.01961000,0.12000000
2018-02-28 21:12:05,0.01961000,0.44000000
2018-02-28 21:12:08,0.01961000,0.25000000
2018-02-28 21:12:12,0.01960900,0.36000000
2018-02-28 21:12:12,0.01958500,0.07000000
2018-02-28 21:12:13,0.01958500,1.20000000
2018-02-28 21:12:13,0.01957500,18.27000000
2018-02-28 21:12:13,0.01957300,1.67000000
2018-02-28 21:12:13,0.01956000,1.52000000
2018-02-28 21:12:18,0.01958500,1.20000000
2018-02-28 21:12:18,0.01960700,0.25000000
2018-02-28 21:12:18,0.01960900,0.13000000
2018-02-28 21:12:20,0.01956900,0.45000000
2018-02-28 21:12:22,0.01956900,4.65000000
2018-02-28 21:12:22,0.01956800,0.01000000
2018-02-28 21:12:22,0.01960600,0.35000000
2018-02-28 21:12:26,0.01956100,0.48000000
2018-02-28 21:12:29,0.01958600,4.74000000
2018-02-28 21:12:35,0.01958300,0.36000000
2018-02-28 21:12:35,0.01958500,0.48000000
2018-02-28 21:12:35,0.01958700,2.30000000
2018-02-28 21:12:43,0.01959700,1.00000000
2018-02-28 21:12:43,0.01959800,0.29000000
2018-02-28 21:12:45,0.01956400,1.00000000
2018-02-28 21:12:45,0.01956600,0.28000000
2018-02-28 21:12:48,0.01956100,0.47000000
2018-02-28 21:12:53,0.01956000,0.05000000
2018-02-28 21:12:53,0.01955600,1.09000000
2018-02-28 21:12:54,0.01958600,3.76000000
2018-02-28 21:12:56,0.01958700,0.20000000
2018-02-28 21:12:56,0.01959600,1.30000000
2018-02-28 21:12:57,0.01959500,1.00000000
2018-02-28 21:12:57,0.01959600,2.85000000
2018-02-28 21:12:59,0.01956700,0.40000000
2018-02-28 21:13:08,0.01956600,0.13000000
2018-02-28 21:13:08,0.01956600,0.10000000
2018-02-28 21:13:08,0.01956800,3.75000000
2018-02-28 21:13:10,0.01960300,0.23000000
2018-02-28 21:13:10,0.01960500,0.52000000
2018-02-28 21:13:10,0.01960600,0.25000000
2018-02-28 21:13:12,0.01956900,0.08000000
2018-02-28 21:13:15,0.01956700,0.10000000
2018-02-28 21:13:17,0.01956900,0.38000000
2018-02-28 21:13:18,0.01956900,0.25000000
2018-02-28 21:13:18,0.01956900,0.26000000
2018-02-28 21:13:18,0.01956900,0.41000000
2018-02-28 21:13:19,0.01957000,0.18000000
2018-02-28 21:13:21,0.01957000,0.24000000
2018-02-28 21:13:22,0.01957000,1.58000000
2018-02-28 21:13:22,0.01956900,0.42000000
2018-02-28 21:13:26,0.01957200,0.34000000
2018-02-28 21:13:27,0.01957200,1.83000000
2018-02-28 21:13:34,0.01957200,2.61000000
2018-02-28 21:13:34,0.01956900,0.19000000
2018-02-28 21:13:35,0.01956900,0.25000000
2018-02-28 21:13:37,0.01956900,2.99000000
2018-02-28 21:13:37,0.01956900,35.34000000
2018-02-28 21:13:37,0.01956900,2.63000000
2018-02-28 21:13:37,0.01956900,2.65000000
2018-02-28 21:13:38,0.01956900,0.11000000
2018-02-28 21:13:39,0.01956900,0.14000000
2018-02-28 21:13:40,0.01956900,1.20000000
2018-02-28 21:13:42,0.01957000,0.11000000
2018-02-28 21:13:46,0.01958500,0.18000000
2018-02-28 21:13:46,0.01958700,1.11000000
2018-02-28 21:13:46,0.01959000,0.21000000
2018-02-28 21:13:46,0.01957000,0.12000000
2018-02-28 21:13:47,0.01957000,0.85000000
2018-02-28 21:13:49,0.01957000,0.16000000
2018-02-28 21:13:51,0.01957000,0.56000000
2018-02-28 21:13:53,0.01958900,1.00000000
2018-02-28 21:13:53,0.01959000,0.02000000
2018-02-28 21:13:54,0.01957000,0.60000000
2018-02-28 21:13:54,0.01956900,0.39000000
2018-02-28 21:13:56,0.01957000,0.10000000
2018-02-28 21:14:00,0.01957000,0.17000000
2018-02-28 21:14:03,0.01957000,0.27000000
2018-02-28 21:14:03,0.01956900,80.91000000
2018-02-28 21:14:05,0.01958900,0.33000000
2018-02-28 21:14:05,0.01959000,1.17000000
2018-02-28 21:14:07,0.01959000,0.13000000
2018-02-28 21:14:10,0.01958900,0.43000000
2018-02-28 21:14:11,0.01956900,16.06000000
2018-02-28 21:14:12,0.01957000,0.43000000
2018-02-28 21:14:14,0.01956900,0.65000000
2018-02-28 21:14:15,0.01957000,0.43000000
2018-02-28 21:14:15,0.01957000,0.10000000
2018-02-28 21:14:17,0.01957000,0.33000000
2018-02-28 21:14:19,0.01957000,0.10000000
2018-02-28 21:14:23,0.01957000,3.00000000
2018-02-28 21:14:23,0.01956900,3.00000000
2018-02-28 21:14:25,0.01957000,0.50000000
2018-02-28 21:14:26,0.01957000,0.46000000
2018-02-28 21:14:27,0.01957000,2.04000000
2018-02-28 21:14:28,0.01957000,5.45000000
2018-02-28 21:14:29,0.01957000,1.50000000
2018-02-28 21:14:31,0.01956900,2.00000000
2018-02-28 21:14:31,0.01957000,0.22000000
2018-02-28 21:14:32,0.01957000,4.46000000
2018-02-28 21:14:33,0.01956900,3.77000000
2018-02-28 21:14:33,0.01957000,0.45000000
2018-02-28 21:14:33,0.01958900,0.06000000
2018-02-28 21:14:35,0.01956900,19.13000000
2018-02-28 21:14:36,0.01957000,1.27000000
2018-02-28 21:14:37,0.01957000,8.85000000
2018-02-28 21:14:37,0.01956900,2.06000000
2018-02-28 21:14:39,0.01957000,0.53000000
2018-02-28 21:14:40,0.01957000,0.60000000
2018-02-28 21:14:41,0.01957000,3.21000000
2018-02-28 21:14:41,0.01956900,3.03000000
2018-02-28 21:14:41,0.01956900,1.80000000
2018-02-28 21:14:43,0.01957400,0.43000000
2018-02-28 21:14:44,0.01957400,0.10000000
2018-02-28 21:14:44,0.01957400,10.08000000
2018-02-28 21:14:44,0.01958900,1.50000000
2018-02-28 21:14:44,0.01958900,3.15000000
2018-02-28 21:14:45,0.01957400,0.68000000
2018-02-28 21:14:46,0.01958900,0.17000000
2018-02-28 21:14:46,0.01958900,1.23000000
2018-02-28 21:14:46,0.01958900,0.14000000
2018-02-28 21:14:46,0.01955700,0.19000000
2018-02-28 21:14:48,0.01955700,0.14000000
2018-02-28 21:14:48,0.01955700,0.01000000
2018-02-28 21:14:48,0.01955500,5.59000000
2018-02-28 21:14:48,0.01954900,3.59000000
2018-02-28 21:14:48,0.01954800,1.48000000
2018-02-28 21:14:48,0.01958500,0.19000000
2018-02-28 21:14:48,0.01958700,0.91000000
2018-02-28 21:14:50,0.01958400,1.00000000
2018-02-28 21:14:50,0.01958500,0.10000000
2018-02-28 21:14:50,0.01958700,1.00000000
2018-02-28 21:14:51,0.01958700,1.10000000
2018-02-28 21:14:51,0.01958600,0.80000000
2018-02-28 21:14:55,0.01958500,0.33000000
2018-02-28 21:14:55,0.01958600,3.18000000
2018-02-28 21:14:56,0.01955700,0.10000000
2018-02-28 21:14:57,0.01955700,1.00000000
2018-02-28 21:14:57,0.01955700,1.65000000
2018-02-28 21:14:57,0.01955500,0.25000000
2018-02-28 21:14:58,0.01955700,3.98000000
2018-02-28 21:14:58,0.01955500,3.71000000
2018-02-28 21:15:03,0.01955500,0.11000000
2018-02-28 21:15:04,0.01955700,1.11000000
2018-02-28 21:15:04,0.01956900,0.57000000
2018-02-28 21:15:04,0.01958700,0.54000000
2018-02-28 21:15:05,0.01958600,1.18000000
2018-02-28 21:15:05,0.01958700,3.12000000
2018-02-28 21:15:06,0.01955700,0.19000000
2018-02-28 21:15:07,0.01955700,1.14000000
2018-02-28 21:15:08,0.01955700,1.60000000
2018-02-28 21:15:08,0.01956900,3.50000000
2018-02-28 21:15:08,0.01958600,0.27000000
2018-02-28 21:15:08,0.01958800,0.83000000
2018-02-28 21:15:09,0.01955800,3.51000000
2018-02-28 21:15:09,0.01958800,0.69000000
2018-02-28 21:15:10,0.01955700,12.19000000
2018-02-28 21:15:11,0.01958600,0.33000000
2018-02-28 21:15:11,0.01958800,0.34000000
2018-02-28 21:15:11,0.01955500,4.29000000
2018-02-28 21:15:12,0.01958700,0.61000000
2018-02-28 21:15:13,0.01958700,0.96000000
2018-02-28 21:15:14,0.01958700,0.83000000
2018-02-28 21:15:15,0.01958500,0.10000000
2018-02-28 21:15:15,0.01958500,0.88000000
2018-02-28 21:15:15,0.01958500,0.62000000
2018-02-28 21:15:15,0.01958800,0.26000000
2018-02-28 21:15:17,0.01958700,0.94000000
2018-02-28 21:15:17,0.01956700,0.59000000
2018-02-28 21:15:18,0.01956700,0.35000000
2018-02-28 21:15:18,0.01958700,0.34000000
2018-02-28 21:15:18,0.01958700,0.35000000
2018-02-28 21:15:19,0.01958700,0.25000000
2018-02-28 21:15:19,0.01958800,4.75000000
2018-02-28 21:15:19,0.01958800,0.69000000
2018-02-28 21:15:20,0.01958000,0.10000000
2018-02-28 21:15:20,0.01958000,0.89000000
2018-02-28 21:15:21,0.01958000,0.20000000
2018-02-28 21:15:22,0.01958000,0.89000000
2018-02-28 21:15:24,0.01957700,0.14000000
2018-02-28 21:15:24,0.01957700,0.81000000
2018-02-28 21:15:28,0.01957000,0.12000000
2018-02-28 21:15:28,0.01957700,3.12000000
2018-02-28 21:15:29,0.01957700,0.70000000
2018-02-28 21:15:29,0.01958000,0.40000000
2018-02-28 21:15:31,0.01958000,1.10000000
2018-02-28 21:15:34,0.01955500,10.00000000
2018-02-28 21:15:35,0.01955700,2.39000000
2018-02-28 21:15:36,0.01955500,0.35000000
2018-02-28 21:15:36,0.01955500,0.34000000
2018-02-28 21:15:38,0.01957900,4.31000000
2018-02-28 21:15:38,0.01958000,38.68000000
2018-02-28 21:15:39,0.01958000,0.93000000
2018-02-28 21:15:39,0.01958000,0.27000000
2018-02-28 21:15:39,0.01958000,1.64000000
2018-02-28 21:15:39,0.01958000,0.01000000
2018-02-28 21:15:39,0.01958000,0.26000000
2018-02-28 21:15:39,0.01958000,0.12000000
2018-02-28 21:15:41,0.01958000,12.17000000
2018-02-28 21:15:41,0.01958000,1.95000000
2018-02-28 21:15:42,0.01955500,3.43000000
2018-02-28 21:15:44,0.01955700,4.30000000
2018-02-28 21:15:45,0.01955500,3.41000000
2018-02-28 21:15:49,0.01955500,0.57000000
2018-02-28 21:15:50,0.01955500,0.08000000
2018-02-28 21:15:50,0.01955500,16.25000000
2018-02-28 21:15:50,0.01955000,7.40000000
2018-02-28 21:15:50,0.01954800,0.82000000
2018-02-28 21:15:50,0.01954700,1.54000000
2018-02-28 21:15:50,0.01954600,4.96000000
2018-02-28 21:15:50,0.01954200,4.37000000
2018-02-28 21:15:50,0.01954200,2.27000000
2018-02-28 21:15:50,0.01954000,1.27000000
2018-02-28 21:15:50,0.01953800,43.80000000
2018-02-28 21:15:50,0.01953700,2.13000000
2018-02-28 21:15:50,0.01953600,0.33000000
2018-02-28 21:15:50,0.01953300,1.06000000
2018-02-28 21:15:50,0.01953100,0.57000000
2018-02-28 21:15:50,0.01952900,3.00000000
2018-02-28 21:15:50,0.01952800,1.11000000
2018-02-28 21:15:50,0.01954600,20.80000000
2018-02-28 21:15:50,0.01954600,2.04000000
2018-02-28 21:15:50,0.01954600,5.09000000
2018-02-28 21:15:50,0.01954600,0.92000000
2018-02-28 21:15:50,0.01954600,1.00000000
2018-02-28 21:15:50,0.01954600,1.19000000
2018-02-28 21:15:51,0.01955500,0.50000000
2018-02-28 21:15:52,0.01955500,0.24000000
2018-02-28 21:15:52,0.01958800,0.24000000
2018-02-28 21:15:53,0.01955000,0.27000000
2018-02-28 21:15:53,0.01954600,0.11000000
2018-02-28 21:15:53,0.01955000,1.61000000
2018-02-28 21:15:53,0.01958700,4.09000000
2018-02-28 21:15:53,0.01958800,2.09000000
2018-02-28 21:15:53,0.01959300,1.31000000
2018-02-28 21:15:56,0.01958800,0.11000000
2018-02-28 21:15:57,0.01955100,0.11000000
2018-02-28 21:15:58,0.01958800,0.80000000
2018-02-28 21:15:59,0.01958800,0.90000000
2018-02-28 21:16:00,0.01955100,0.08000000
2018-02-28 21:16:02,0.01955100,0.11000000
2018-02-28 21:16:05,0.01958800,3.07000000
2018-02-28 21:16:05,0.01959200,0.25000000
2018-02-28 21:16:05,0.01959300,2.40000000
2018-02-28 21:16:06,0.01954800,0.11000000
2018-02-28 21:16:07,0.01958300,0.06000000
2018-02-28 21:16:09,0.01958000,0.07000000
2018-02-28 21:16:09,0.01958000,0.17000000
2018-02-28 21:16:09,0.01958400,0.51000000
2018-02-28 21:16:11,0.01958000,0.08000000
2018-02-28 21:16:14,0.01958000,0.01000000
2018-02-28 21:16:18,0.01954700,0.51000000
2018-02-28 21:16:18,0.01954600,6.09000000
2018-02-28 21:16:23,0.01954600,0.47000000
2018-02-28 21:16:24,0.01954600,2.58000000
2018-02-28 21:16:27,0.01957000,0.37000000
2018-02-28 21:16:28,0.01954600,0.11000000
2018-02-28 21:16:28,0.01957000,2.27000000
2018-02-28 21:16:28,0.01954600,0.89000000
2018-02-28 21:16:34,0.01953200,0.15000000
2018-02-28 21:16:34,0.01957000,0.42000000
2018-02-28 21:16:37,0.01954600,0.53000000
2018-02-28 21:16:38,0.01954400,0.14000000
2018-02-28 21:16:38,0.01954400,0.01000000
2018-02-28 21:16:38,0.01954600,1.54000000
2018-02-28 21:16:38,0.01954600,0.01000000
2018-02-28 21:16:38,0.01957100,1.55000000
2018-02-28 21:16:40,0.01954600,0.10000000
2018-02-28 21:16:41,0.01957100,0.17000000
2018-02-28 21:16:41,0.01957500,0.15000000
2018-02-28 21:16:41,0.01957900,4.31000000
2018-02-28 21:16:41,0.01958000,13.37000000
2018-02-28 21:16:44,0.01957900,1.60000000
2018-02-28 21:16:47,0.01954700,0.20000000
2018-02-28 21:16:47,0.01954700,0.26000000
2018-02-28 21:16:49,0.01954700,1.16000000
2018-02-28 21:16:51,0.01954700,1.39000000
2018-02-28 21:16:51,0.01957900,3.76000000
2018-02-28 21:16:54,0.01958000,0.25000000
2018-02-28 21:16:56,0.01957900,1.47000000
2018-02-28 21:16:56,0.01958000,2.52000000
2018-02-28 21:16:57,0.01958000,0.94000000
2018-02-28 21:17:01,0.01957100,0.11000000
2018-02-28 21:17:03,0.01957100,0.40000000
2018-02-28 21:17:03,0.01957600,0.26000000
2018-02-28 21:17:03,0.01958000,3.06000000
2018-02-28 21:17:03,0.01958400,9.05000000
2018-02-28 21:17:07,0.01957000,0.11000000
2018-02-28 21:17:07,0.01957000,0.01000000
2018-02-28 21:17:08,0.01956400,2.46000000
2018-02-28 21:17:12,0.01956400,0.08000000
2018-02-28 21:17:12,0.01954700,1.00000000
2018-02-28 21:17:13,0.01954700,0.19000000
2018-02-28 21:17:13,0.01954500,0.30000000
2018-02-28 21:17:13,0.01954500,1.00000000
2018-02-28 21:17:13,0.01954500,2.00000000
2018-02-28 21:17:14,0.01954500,2.30000000
2018-02-28 21:17:14,0.01954400,0.22000000
2018-02-28 21:17:14,0.01954500,1.89000000
2018-02-28 21:17:14,0.01954500,1.00000000
2018-02-28 21:17:14,0.01954500,25.86000000
2018-02-28 21:17:14,0.01956300,0.10000000
2018-02-28 21:17:15,0.01956300,0.01000000
2018-02-28 21:17:16,0.01956100,0.55000000
2018-02-28 21:17:20,0.01953200,4.99000000
2018-02-28 21:17:23,0.01956100,2.38000000
2018-02-28 21:17:25,0.01954000,0.06000000
2018-02-28 21:17:25,0.01956100,0.06000000
2018-02-28 21:17:25,0.01956100,0.06000000
2018-02-28 21:17:31,0.01956300,0.15000000
2018-02-28 21:17:31,0.01956300,0.30000000
2018-02-28 21:17:35,0.01954200,0.17000000
2018-02-28 21:17:42,0.01954200,2.88000000
2018-02-28 21:17:42,0.01954200,2.04000000
2018-02-28 21:17:42,0.01954200,0.20000000
2018-02-28 21:17:42,0.01954200,2.04000000
2018-02-28 21:17:43,0.01954200,1.48000000
2018-02-28 21:17:43,0.01956100,1.48000000
2018-02-28 21:17:43,0.01956100,1.48000000
2018-02-28 21:17:48,0.01954200,0.29000000
2018-02-28 21:17:48,0.01954200,3.60000000
2018-02-28 21:17:48,0.01954200,0.18000000
2018-02-28 21:17:48,0.01954200,1.83000000
2018-02-28 21:17:53,0.01954200,2.28000000
2018-02-28 21:17:54,0.01954200,0.13000000
2018-02-28 21:17:54,0.01954200,0.18000000
2018-02-28 21:17:55,0.01954200,0.92000000
2018-02-28 21:17:55,0.01954200,5.04000000
2018-02-28 21:17:58,0.01954200,8.52000000
2018-02-28 21:18:05,0.01954200,0.51000000
2018-02-28 21:18:05,0.01954200,0.30000000
2018-02-28 21:18:07,0.01955900,2.07000000
2018-02-28 21:18:10,0.01955900,8.39000000
2018-02-28 21:18:13,0.01955900,6.00000000
2018-02-28 21:18:13,0.01955900,6.00000000
2018-02-28 21:18:15,0.01955000,0.89000000
2018-02-28 21:18:16,0.01955000,25.00000000
2018-02-28 21:18:16,0.01955000,25.00000000
2018-02-28 21:18:18,0.01955000,0.50000000
2018-02-28 21:18:19,0.01955000,5.90000000
2018-02-28 21:18:20,0.01955000,0.05000000
2018-02-28 21:18:21,0.01955000,13.20000000
2018-02-28 21:18:21,0.01955000,25.00000000
2018-02-28 21:18:21,0.01954200,0.17000000
2018-02-28 21:18:24,0.01954200,0.08000000
2018-02-28 21:18:25,0.01955000,10.00000000
2018-02-28 21:18:26,0.01955000,3.37000000
2018-02-28 21:18:26,0.01954200,15.35000000
2018-02-28 21:18:26,0.01954100,0.06000000
2018-02-28 21:18:26,0.01954000,15.86000000
2018-02-28 21:18:26,0.01954000,2.00000000
2018-02-28 21:18:26,0.01954000,10.00000000
2018-02-28 21:18:27,0.01954000,12.27000000
2018-02-28 21:18:27,0.01954200,1.21000000
2018-02-28 21:18:27,0.01955900,1.52000000
2018-02-28 21:18:27,0.01955900,9.94000000
2018-02-28 21:18:27,0.01954000,0.14000000
2018-02-28 21:18:28,0.01955000,0.42000000
2018-02-28 21:18:28,0.01955900,5.64000000
2018-02-28 21:18:29,0.01955000,0.42000000
2018-02-28 21:18:30,0.01955900,0.93000000
2018-02-28 21:18:33,0.01955900,2.76000000
2018-02-28 21:18:34,0.01955000,0.17000000
2018-02-28 21:18:34,0.01955900,0.17000000
2018-02-28 21:18:35,0.01955900,0.23000000
2018-02-28 21:18:36,0.01955000,0.53000000
2018-02-28 21:18:38,0.01955900,0.27000000
2018-02-28 21:18:38,0.01955000,1.43000000
2018-02-28 21:18:38,0.01955000,4.98000000
2018-02-28 21:18:39,0.01955900,0.25000000
2018-02-28 21:18:39,0.01955000,1.47000000
2018-02-28 21:18:39,0.01954000,1.90000000
2018-02-28 21:18:39,0.01952500,10.22000000
2018-02-28 21:18:39,0.01952300,2.56000000
2018-02-28 21:18:39,0.01952200,2.00000000
2018-02-28 21:18:39,0.01952100,0.32000000
2018-02-28 21:18:39,0.01951900,3.24000000
2018-02-28 21:18:39,0.01951300,0.10000000
2018-02-28 21:18:39,0.01951200,0.10000000
2018-02-28 21:18:39,0.01951100,0.24000000
2018-02-28 21:18:39,0.01951000,2.50000000
2018-02-28 21:18:39,0.01950900,1.16000000
2018-02-28 21:18:42,0.01955900,0.54000000
2018-02-28 21:18:44,0.01955900,0.70000000
2018-02-28 21:18:45,0.01953000,0.16000000
2018-02-28 21:18:46,0.01955900,0.50000000
2018-02-28 21:18:47,0.01953000,3.22000000
2018-02-28 21:18:57,0.01955000,1.00000000
2018-02-28 21:18:57,0.01953100,0.13000000
2018-02-28 21:18:58,0.01953100,0.47000000
2018-02-28 21:19:00,0.01953100,1.03000000
2018-02-28 21:19:00,0.01953000,0.64000000
2018-02-28 21:19:01,0.01955700,0.10000000
2018-02-28 21:19:05,0.01955600,0.40000000
2018-02-28 21:19:07,0.01955600,3.90000000
2018-02-28 21:19:07,0.01955700,9.36000000
2018-02-28 21:19:09,0.01955600,0.27000000
2018-02-28 21:19:09,0.01955700,4.74000000
2018-02-28 21:19:09,0.01955700,4.42000000
2018-02-28 21:19:12,0.01953100,4.30000000
2018-02-28 21:19:12,0.01953100,0.39000000
2018-02-28 21:19:12,0.01953100,1.00000000
2018-02-28 21:19:13,0.01953100,5.03000000
2018-02-28 21:19:13,0.01955700,3.08000000
2018-02-28 21:19:13,0.01955800,1.95000000
2018-02-28 21:19:14,0.01955700,0.17000000
2018-02-28 21:19:15,0.01953100,0.41000000
2018-02-28 21:19:15,0.01953000,0.29000000
2018-02-28 21:19:18,0.01953100,0.46000000
2018-02-28 21:19:19,0.01953100,1.01000000
2018-02-28 21:19:20,0.01955700,4.30000000
2018-02-28 21:19:20,0.01955800,0.55000000
2018-02-28 21:19:21,0.01955800,2.50000000
2018-02-28 21:19:22,0.01955800,0.02000000
2018-02-28 21:19:22,0.01955700,9.12000000
2018-02-28 21:19:23,0.01955700,0.60000000
2018-02-28 21:19:23,0.01955700,1.34000000
2018-02-28 21:19:28,0.01955900,0.19000000
2018-02-28 21:19:28,0.01955700,0.81000000
2018-02-28 21:19:36,0.01955800,0.17000000
2018-02-28 21:19:36,0.01955700,0.01000000
2018-02-28 21:19:38,0.01955700,1.34000000
2018-02-28 21:19:44,0.01954000,1.03000000
2018-02-28 21:19:45,0.01955600,2.55000000
2018-02-28 21:19:49,0.01955000,2.15000000
2018-02-28 21:19:50,0.01955500,1.38000000
2018-02-28 21:19:50,0.01955600,0.12000000
2018-02-28 21:19:51,0.01954000,0.20000000
2018-02-28 21:19:53,0.01954000,0.40000000
2018-02-28 21:19:54,0.01954000,2.12000000
2018-02-28 21:19:55,0.01955600,3.73000000
2018-02-28 21:20:01,0.01955500,9.34000000
2018-02-28 21:20:01,0.01955600,1.40000000
2018-02-28 21:20:02,0.01955600,3.85000000
2018-02-28 21:20:03,0.01955600,3.86000000
2018-02-28 21:20:03,0.01955700,2.51000000
2018-02-28 21:20:03,0.01955900,4.37000000
2018-02-28 21:20:07,0.01955900,0.23000000
2018-02-28 21:20:08,0.01955600,0.30000000
2018-02-28 21:20:08,0.01954500,0.29000000
2018-02-28 21:20:10,0.01954500,0.01000000
2018-02-28 21:20:10,0.01955600,0.30000000
2018-02-28 21:20:10,0.01955900,0.06000000
2018-02-28 21:20:10,0.01955900,0.17000000
2018-02-28 21:20:13,0.01955900,0.11000000
2018-02-28 21:20:14,0.01955900,0.51000000
2018-02-28 21:20:15,0.01955900,0.05000000
2018-02-28 21:20:15,0.01955900,0.55000000
2018-02-28 21:20:17,0.01954500,0.22000000
2018-02-28 21:20:18,0.01954400,1.01000000
2018-02-28 21:20:18,0.01954400,11.92000000
2018-02-28 21:20:18,0.01955900,1.01000000
2018-02-28 21:20:24,0.01955900,0.05000000
2018-02-28 21:20:24,0.01956200,1.45000000
2018-02-28 21:20:26,0.01954500,1.25000000
2018-02-28 21:20:26,0.01956200,0.51000000
2018-02-28 21:20:30,0.01955900,0.08000000
2018-02-28 21:20:30,0.01956200,0.11000000
2018-02-28 21:20:31,0.01956200,0.17000000
2018-02-28 21:20:33,0.01956200,0.20000000
2018-02-28 21:20:33,0.01954000,0.48000000
2018-02-28 21:20:34,0.01956200,0.30000000
2018-02-28 21:20:35,0.01956200,0.64000000
2018-02-28 21:20:38,0.01955900,2.55000000
2018-02-28 21:20:38,0.01955900,0.15000000
2018-02-28 21:20:39,0.01955900,0.10000000
2018-02-28 21:20:40,0.01954000,1.37000000
2018-02-28 21:20:40,0.01955900,0.50000000
2018-02-28 21:20:40,0.01955900,0.15000000
2018-02-28 21:20:42,0.01954000,0.90000000
2018-02-28 21:20:42,0.01955600,0.10000000
2018-02-28 21:20:45,0.01954000,0.25000000
2018-02-28 21:20:45,0.01955600,0.51000000
2018-02-28 21:20:45,0.01955600,0.10000000
2018-02-28 21:20:45,0.01955600,0.46000000
2018-02-28 21:20:45,0.01955800,0.01000000
2018-02-28 21:20:46,0.01955800,0.29000000
2018-02-28 21:20:46,0.01956200,0.11000000
2018-02-28 21:20:49,0.01954500,4.13000000
2018-02-28 21:20:49,0.01954000,1.17000000
2018-02-28 21:20:49,0.01956000,0.51000000
2018-02-28 21:20:52,0.01955900,0.26000000
2018-02-28 21:20:53,0.01955900,0.14000000
2018-02-28 21:20:53,0.01955900,0.34000000
2018-02-28 21:20:56,0.01956000,0.43000000
2018-02-28 21:21:03,0.01955900,0.01000000
2018-02-28 21:21:03,0.01955800,0.11000000
2018-02-28 21:21:09,0.01954200,0.30000000
2018-02-28 21:21:09,0.01954000,6.09000000
2018-02-28 21:21:09,0.01954200,0.30000000
2018-02-28 21:21:21,0.01955500,0.30000000
2018-02-28 21:21:21,0.01955600,0.44000000
2018-02-28 21:21:21,0.01956000,9.26000000
2018-02-28 21:21:21,0.01955600,0.43000000
2018-02-28 21:21:22,0.01954200,1.42000000
2018-02-28 21:21:22,0.01956000,0.62000000
2018-02-28 21:21:22,0.01956000,3.06000000
2018-02-28 21:21:23,0.01954000,1.00000000
2018-02-28 21:21:23,0.01956000,10.00000000
2018-02-28 21:21:25,0.01956000,6.30000000
2018-02-28 21:21:25,0.01956000,8.14000000
2018-02-28 21:21:27,0.01956000,0.10000000
2018-02-28 21:21:29,0.01956000,1.02000000
2018-02-28 21:21:29,0.01954000,0.22000000
2018-02-28 21:21:30,0.01956000,0.10000000
2018-02-28 21:21:33,0.01954000,0.08000000
2018-02-28 21:21:36,0.01956000,0.24000000
2018-02-28 21:21:42,0.01955800,0.10000000
2018-02-28 21:21:47,0.01955800,0.29000000
2018-02-28 21:21:47,0.01956000,0.82000000
2018-02-28 21:21:47,0.01956200,1.23000000
2018-02-28 21:21:50,0.01956200,0.51000000
2018-02-28 21:21:53,0.01954000,1.61000000
2018-02-28 21:21:55,0.01954200,0.08000000
2018-02-28 21:21:59,0.01954200,3.50000000
2018-02-28 21:22:04,0.01954200,2.26000000
2018-02-28 21:22:10,0.01954300,0.84000000
2018-02-28 21:22:13,0.01956200,0.77000000
2018-02-28 21:22:14,0.01956600,0.97000000
2018-02-28 21:22:17,0.01956600,0.58000000
2018-02-28 21:22:18,0.01957900,0.10000000
2018-02-28 21:22:21,0.01957800,0.10000000
2018-02-28 21:22:24,0.01957500,1.77000000
2018-02-28 21:22:24,0.01957500,0.64000000
2018-02-28 21:22:25,0.01957500,2.50000000
2018-02-28 21:22:25,0.01957500,2.60000000
2018-02-28 21:22:25,0.01957900,0.10000000
2018-02-28 21:22:25,0.01957500,2.25000000
2018-02-28 21:22:25,0.01957500,0.33000000
2018-02-28 21:22:26,0.01957500,0.69000000
2018-02-28 21:22:31,0.01957900,0.51000000
2018-02-28 21:22:34,0.01957500,0.25000000
2018-02-28 21:22:35,0.01957900,0.15000000
2018-02-28 21:22:36,0.01957800,0.36000000
2018-02-28 21:22:36,0.01957900,0.68000000
2018-02-28 21:22:36,0.01958000,1.02000000
2018-02-28 21:22:38,0.01958000,0.34000000
2018-02-28 21:22:38,0.01958000,0.70000000
2018-02-28 21:22:39,0.01958100,0.10000000
2018-02-28 21:22:39,0.01958000,0.14000000
2018-02-28 21:22:39,0.01957900,0.04000000
2018-02-28 21:22:40,0.01957900,0.12000000
2018-02-28 21:22:41,0.01957900,0.12000000
2018-02-28 21:22:41,0.01957500,2.88000000
2018-02-28 21:22:42,0.01957500,0.23000000
2018-02-28 21:22:48,0.01957500,0.82000000
2018-02-28 21:22:49,0.01957500,3.35000000
2018-02-28 21:22:53,0.01958100,0.55000000
2018-02-28 21:22:53,0.01958300,0.45000000
2018-02-28 21:22:55,0.01958100,0.10000000
2018-02-28 21:22:58,0.01958100,0.22000000
2018-02-28 21:23:00,0.01958100,0.10000000
2018-02-28 21:23:02,0.01957700,0.08000000
2018-02-28 21:23:03,0.01957700,0.18000000
2018-02-28 21:23:03,0.01957700,0.20000000
2018-02-28 21:23:03,0.01957700,4.01000000
2018-02-28 21:23:03,0.01957500,0.53000000
2018-02-28 21:23:04,0.01957500,2.45000000
2018-02-28 21:23:04,0.01957500,0.88000000
2018-02-28 21:23:06,0.01957500,1.00000000
2018-02-28 21:23:08,0.01958100,0.51000000
2018-02-28 21:23:13,0.01957500,0.25000000
2018-02-28 21:23:14,0.01958100,4.08000000
2018-02-28 21:23:15,0.01958100,0.10000000
2018-02-28 21:23:20,0.01958100,2.04000000
2018-02-28 21:23:22,0.01957500,1.34000000
2018-02-28 21:23:22,0.01957500,5.24000000
2018-02-28 21:23:24,0.01957400,0.01000000
2018-02-28 21:23:24,0.01957900,0.09000000
2018-02-28 21:23:30,0.01957700,0.10000000
2018-02-28 21:23:57,0.01957000,1.01000000
2018-02-28 21:23:57,0.01957400,0.37000000
2018-02-28 21:23:57,0.01957500,1.38000000
2018-02-28 21:23:58,0.01955100,9.25000000
2018-02-28 21:23:58,0.01957500,0.56000000
2018-02-28 21:23:58,0.01957800,0.25000000
2018-02-28 21:23:58,0.01958100,2.12000000
2018-02-28 21:23:58,0.01958300,1.78000000
2018-02-28 21:23:58,0.01955100,0.75000000
2018-02-28 21:23:58,0.01954500,1.00000000
2018-02-28 21:23:59,0.01954400,3.31000000
2018-02-28 21:23:59,0.01958200,0.14000000
2018-02-28 21:24:00,0.01955000,0.44000000
2018-02-28 21:24:02,0.01957600,1.86000000
2018-02-28 21:24:02,0.01957700,0.47000000
2018-02-28 21:24:02,0.01958300,33.92000000
2018-02-28 21:24:02,0.01958400,59.57000000
2018-02-28 21:24:07,0.01958400,0.29000000
2018-02-28 21:24:08,0.01958400,2.24000000
2018-02-28 21:24:09,0.01958400,0.51000000
2018-02-28 21:24:11,0.01954600,1.57000000
2018-02-28 21:24:45,0.01954800,0.43000000
2018-02-28 21:24:45,0.01954700,0.38000000
2018-02-28 21:24:45,0.01954500,1.10000000
2018-02-28 21:24:46,0.01954600,0.09000000
2018-02-28 21:24:47,0.01954600,0.44000000
2018-02-28 21:24:47,0.01954600,0.11000000
2018-02-28 21:24:47,0.01954600,0.36000000
2018-02-28 21:24:54,0.01958300,2.00000000
2018-02-28 21:24:54,0.01958400,0.98000000
2018-02-28 21:24:59,0.01954700,0.08000000
2018-02-28 21:25:00,0.01954700,1.91000000
2018-02-28 21:25:03,0.01956200,7.27000000
2018-02-28 21:25:04,0.01958100,0.08000000
2018-02-28 21:25:04,0.01958200,1.91000000
2018-02-28 21:25:04,0.01958300,1.14000000
2018-02-28 21:25:04,0.01958400,0.44000000
2018-02-28 21:25:08,0.01954700,2.00000000
2018-02-28 21:25:08,0.01954600,0.55000000
2018-02-28 21:25:08,0.01954300,0.64000000
2018-02-28 21:25:08,0.01953500,6.27000000
2018-02-28 21:25:12,0.01957900,2.00000000
2018-02-28 21:25:12,0.01958000,4.23000000
2018-02-28 21:25:12,0.01958400,7.09000000
2018-02-28 21:25:12,0.01958400,9.10000000
2018-02-28 21:25:12,0.01958400,9.11000000
2018-02-28 21:25:12,0.01958400,2.40000000
2018-02-28 21:25:12,0.01958400,3.03000000
2018-02-28 21:25:13,0.01958400,4.82000000
2018-02-28 21:25:14,0.01958400,0.58000000
2018-02-28 21:25:16,0.01958500,0.18000000
2018-02-28 21:25:16,0.01958500,0.81000000
2018-02-28 21:25:19,0.01958400,5.09000000
2018-02-28 21:25:19,0.01958400,0.53000000
2018-02-28 21:25:23,0.01958400,3.08000000
2018-02-28 21:25:23,0.01957900,0.20000000
2018-02-28 21:25:23,0.01955100,4.32000000
2018-02-28 21:25:23,0.01955000,9.00000000
2018-02-28 21:25:24,0.01954700,2.04000000
2018-02-28 21:25:24,0.01954700,1.97000000
2018-02-28 21:25:29,0.01957500,2.25000000
2018-02-28 21:25:30,0.01959400,1.02000000
2018-02-28 21:25:30,0.01959900,0.27000000
2018-02-28 21:25:30,0.01960000,0.75000000
2018-02-28 21:25:33,0.01954700,0.44000000
2018-02-28 21:25:33,0.01954000,0.15000000
2018-02-28 21:25:33,0.01953800,0.01000000
2018-02-28 21:25:36,0.01953200,0.84000000
2018-02-28 21:25:45,0.01953200,0.17000000
2018-02-28 21:25:51,0.01954700,0.15000000
2018-02-28 21:25:53,0.01953200,1.10000000
2018-02-28 21:25:53,0.01953100,0.06000000
2018-02-28 21:25:58,0.01953400,1.39000000
2018-02-28 21:25:58,0.01953200,1.31000000
2018-02-28 21:25:58,0.01953200,2.04000000
2018-02-28 21:25:58,0.01953200,0.26000000
2018-02-28 21:26:00,0.01953200,0.30000000
2018-02-28 21:26:06,0.01953200,5.43000000
2018-02-28 21:26:06,0.01954600,0.22000000
2018-02-28 21:26:11,0.01954600,0.16000000
2018-02-28 21:26:17,0.01956000,1.02000000
2018-02-28 21:26:23,0.01956000,0.51000000
2018-02-28 21:26:25,0.01953300,0.38000000
2018-02-28 21:26:25,0.01953200,5.71000000
2018-02-28 21:26:26,0.01956000,0.38000000
2018-02-28 21:26:34,0.01953100,0.95000000
2018-02-28 21:26:43,0.01953200,0.01000000
2018-02-28 21:26:44,0.01954400,0.46000000
2018-02-28 21:26:45,0.01954400,0.49000000
2018-02-28 21:26:45,0.01954600,0.11000000
2018-02-28 21:26:47,0.01954500,1.49000000
2018-02-28 21:26:51,0.01954600,0.29000000
2018-02-28 21:26:54,0.01954600,0.23000000
2018-02-28 21:27:01,0.01954600,0.01000000
2018-02-28 21:27:01,0.01953200,0.05000000
2018-02-28 21:27:03,0.01954900,1.18000000
2018-02-28 21:27:04,0.01954900,0.82000000
2018-02-28 21:27:04,0.01955500,0.21000000
2018-02-28 21:27:04,0.01955500,0.81000000
2018-02-28 21:27:04,0.01956300,0.16000000
2018-02-28 21:27:04,0.01956400,0.07000000
2018-02-28 21:27:05,0.01953400,0.20000000
2018-02-28 21:27:06,0.01956800,0.93000000
2018-02-28 21:27:06,0.01956900,0.07000000
2018-02-28 21:27:08,0.01954600,5.25000000
2018-02-28 21:27:08,0.01954600,33.08000000
2018-02-28 21:27:15,0.01953500,1.00000000
2018-02-28 21:27:15,0.01953400,0.07000000
2018-02-28 21:27:15,0.01953300,0.52000000
2018-02-28 21:27:15,0.01953200,3.83000000
2018-02-28 21:27:16,0.01953400,0.39000000
2018-02-28 21:27:21,0.01952500,4.69000000
2018-02-28 21:27:21,0.01952300,1.76000000
2018-02-28 21:27:21,0.01952000,2.40000000
2018-02-28 21:27:21,0.01951700,5.27000000
2018-02-28 21:27:21,0.01950900,5.67000000
2018-02-28 21:27:21,0.01950800,0.10000000
2018-02-28 21:27:21,0.01950600,1.72000000
2018-02-28 21:27:21,0.01950600,0.36000000
2018-02-28 21:27:21,0.01950500,0.73000000
2018-02-28 21:27:24,0.01954700,5.08000000
2018-02-28 21:27:24,0.01954900,2.50000000
2018-02-28 21:27:24,0.01955400,1.00000000
2018-02-28 21:27:24,0.01955700,0.26000000
2018-02-28 21:27:26,0.01955700,1.02000000
2018-02-28 21:27:28,0.01954600,0.06000000
2018-02-28 21:27:33,0.01955500,0.11000000
2018-02-28 21:27:33,0.01955500,1.01000000
2018-02-28 21:27:34,0.01955700,0.51000000
2018-02-28 21:27:37,0.01954600,0.28000000
2018-02-28 21:27:40,0.01955700,3.57000000
2018-02-28 21:27:42,0.01954600,0.17000000
2018-02-28 21:27:46,0.01955700,1.53000000
2018-02-28 21:27:47,0.01952400,0.38000000
2018-02-28 21:27:47,0.01952300,5.20000000
2018-02-28 21:27:47,0.01951000,4.74000000
2018-02-28 21:27:47,0.01950800,2.29000000
2018-02-28 21:27:47,0.01950700,0.08000000
2018-02-28 21:27:47,0.01950500,0.87000000
2018-02-28 21:27:47,0.01950400,5.95000000
2018-02-28 21:27:47,0.01950100,25.08000000
2018-02-28 21:27:49,0.01955500,0.60000000
2018-02-28 21:27:49,0.01955400,2.39000000
2018-02-28 21:27:57,0.01953400,0.09000000
2018-02-28 21:27:59,0.01955300,0.38000000
2018-02-28 21:28:04,0.01954500,4.74000000
2018-02-28 21:28:04,0.01954600,1.12000000
2018-02-28 21:28:04,0.01954600,0.81000000
2018-02-28 21:28:04,0.01955400,0.21000000
2018-02-28 21:28:05,0.01955100,1.80000000
2018-02-28 21:28:06,0.01954500,1.13000000
2018-02-28 21:28:06,0.01955200,1.51000000
2018-02-28 21:28:08,0.01955200,3.00000000
2018-02-28 21:28:09,0.01955400,2.31000000
2018-02-28 21:28:10,0.01955400,3.06000000
2018-02-28 21:28:14,0.01955400,3.46000000
2018-02-28 21:28:14,0.01955500,1.90000000
2018-02-28 21:28:14,0.01955700,0.98000000
2018-02-28 21:28:24,0.01955500,0.09000000
2018-02-28 21:28:25,0.01955500,2.84000000
2018-02-28 21:28:25,0.01955700,0.60000000
2018-02-28 21:28:28,0.01956400,0.36000000
2018-02-28 21:28:29,0.01956400,0.83000000
2018-02-28 21:28:30,0.01957100,0.27000000
2018-02-28 21:28:59,0.01955500,2.84000000
2018-02-28 21:29:02,0.01957400,0.15000000
2018-02-28 21:29:02,0.01957500,4.69000000
2018-02-28 21:29:03,0.01959900,4.33000000
2018-02-28 21:29:03,0.01960000,13.30000000
2018-02-28 21:29:09,0.01959500,0.92000000
2018-02-28 21:29:11,0.01956500,1.98000000
2018-02-28 21:29:13,0.01956500,0.87000000
2018-02-28 21:29:15,0.01956500,1.48000000
2018-02-28 21:29:15,0.01956400,0.39000000
2018-02-28 21:29:16,0.01959400,1.52000000
2018-02-28 21:29:17,0.01956400,2.84000000
2018-02-28 21:29:32,0.01955900,2.04000000
2018-02-28 21:29:32,0.01955600,0.27000000
2018-02-28 21:29:32,0.01955500,0.53000000
2018-02-28 21:29:38,0.01956300,2.55000000
2018-02-28 21:29:44,0.01956300,0.78000000
2018-02-28 21:29:44,0.01955500,2.84000000
2018-02-28 21:29:48,0.01956300,0.51000000
2018-02-28 21:29:58,0.01956400,0.56000000
2018-02-28 21:30:04,0.01956400,0.10000000
2018-02-28 21:30:09,0.01956400,0.17000000
2018-02-28 21:30:16,0.01955500,2.84000000
2018-02-28 21:30:20,0.01955500,0.17000000
2018-02-28 21:30:23,0.01956300,0.14000000
2018-02-28 21:30:27,0.01956300,0.82000000
2018-02-28 21:30:27,0.01956400,0.68000000
2018-02-28 21:30:30,0.01955500,0.98000000
2018-02-28 21:30:42,0.01956400,1.50000000
2018-02-28 21:30:42,0.01956400,7.30000000
2018-02-28 21:30:44,0.01956400,1.56000000
2018-02-28 21:30:52,0.01955500,0.59000000
2018-02-28 21:30:58,0.01955500,0.76000000
2018-02-28 21:31:00,0.01958600,0.25000000
2018-02-28 21:31:05,0.01957000,0.94000000
2018-02-28 21:31:05,0.01955500,1.82000000
2018-02-28 21:31:20,0.01956300,0.24000000
2018-02-28 21:31:21,0.01956300,0.50000000
2018-02-28 21:31:21,0.01956300,0.08000000
2018-02-28 21:31:22,0.01956300,0.25000000
2018-02-28 21:31:22,0.01956300,1.98000000
2018-02-28 21:31:23,0.01956300,0.01000000
2018-02-28 21:31:23,0.01958600,0.06000000
2018-02-28 21:31:23,0.01958900,0.17000000
2018-02-28 21:31:24,0.01958900,0.13000000
2018-02-28 21:31:25,0.01958900,0.11000000
2018-02-28 21:31:27,0.01958900,0.11000000
2018-02-28 21:31:29,0.01958800,0.14000000
2018-02-28 21:31:30,0.01958800,0.42000000
2018-02-28 21:31:30,0.01958900,1.08000000
2018-02-28 21:31:31,0.01958900,0.13000000
2018-02-28 21:31:33,0.01958500,0.08000000
2018-02-28 21:31:33,0.01958900,0.07000000
2018-02-28 21:31:33,0.01959400,0.91000000
2018-02-28 21:31:52,0.01955600,0.34000000
2018-02-28 21:32:10,0.01955600,0.66000000
2018-02-28 21:32:10,0.01955500,1.64000000
2018-02-28 21:32:18,0.01955500,2.33000000
2018-02-28 21:32:45,0.01955900,1.00000000
2018-02-28 21:32:45,0.01955700,0.56000000
2018-02-28 21:32:47,0.01955700,0.52000000
2018-02-28 21:32:55,0.01958600,0.34000000
2018-02-28 21:32:56,0.01955700,2.51000000
2018-02-28 21:32:58,0.01955700,1.41000000
2018-02-28 21:32:59,0.01955700,1.59000000
2018-02-28 21:32:59,0.01955700,0.22000000
2018-02-28 21:33:00,0.01955700,1.05000000
2018-02-28 21:33:00,0.01958600,0.48000000
2018-02-28 21:33:05,0.01955600,0.40000000
2018-02-28 21:33:06,0.01955600,0.42000000
2018-02-28 21:33:06,0.01955500,0.58000000
2018-02-28 21:33:32,0.01955600,0.10000000
2018-02-28 21:33:33,0.01955600,0.10000000
2018-02-28 21:33:35,0.01955600,0.24000000
2018-02-28 21:33:35,0.01955500,50.52000000
2018-02-28 21:33:39,0.01955500,0.99000000
2018-02-28 21:33:44,0.01955500,0.68000000
2018-02-28 21:33:48,0.01955500,6.62000000
2018-02-28 21:33:50,0.01954100,0.23000000
2018-02-28 21:33:51,0.01955500,0.15000000
2018-02-28 21:33:51,0.01955500,0.10000000
2018-02-28 21:33:53,0.01955500,0.10000000
2018-02-28 21:33:54,0.01955500,0.29000000
2018-02-28 21:34:03,0.01954000,0.14000000
2018-02-28 21:34:06,0.01954900,0.14000000
2018-02-28 21:34:06,0.01955100,1.00000000
2018-02-28 21:34:06,0.01955500,8.86000000
2018-02-28 21:34:08,0.01955400,4.33000000
2018-02-28 21:34:08,0.01955500,1.81000000
2018-02-28 21:34:15,0.01958300,3.50000000
2018-02-28 21:34:19,0.01958300,0.10000000
2018-02-28 21:34:20,0.01955500,0.07000000
2018-02-28 21:34:20,0.01955500,0.19000000
2018-02-28 21:34:22,0.01955500,9.73000000
2018-02-28 21:34:23,0.01955500,0.01000000
2018-02-28 21:34:30,0.01954400,0.48000000
2018-02-28 21:34:32,0.01958300,0.06000000
2018-02-28 21:34:33,0.01955600,0.14000000
2018-02-28 21:34:56,0.01955500,0.25000000
2018-02-28 21:35:03,0.01955500,0.25000000
2018-02-28 21:35:05,0.01955500,0.48000000
2018-02-28 21:35:06,0.01955600,0.37000000
2018-02-28 21:35:06,0.01957200,0.06000000
2018-02-28 21:35:06,0.01957300,1.07000000
2018-02-28 21:35:06,0.01958700,0.18000000
2018-02-28 21:35:08,0.01955500,0.11000000
2018-02-28 21:35:08,0.01955500,0.11000000
2018-02-28 21:35:11,0.01955500,5.68000000
2018-02-28 21:35:12,0.01958500,0.11000000
2018-02-28 21:35:19,0.01955600,0.12000000
2018-02-28 21:35:30,0.01956800,1.47000000
2018-02-28 21:35:30,0.01958400,0.10000000
2018-02-28 21:35:30,0.01958500,0.27000000
2018-02-28 21:35:30,0.01958700,2.13000000
2018-02-28 21:35:30,0.01959400,3.08000000
2018-02-28 21:35:32,0.01955900,0.90000000
2018-02-28 21:35:34,0.01959500,0.06000000
2018-02-28 21:35:43,0.01955700,0.12000000
2018-02-28 21:35:43,0.01955600,0.48000000
2018-02-28 21:35:45,0.01955600,0.60000000
2018-02-28 21:35:46,0.01955600,0.60000000
2018-02-28 21:35:48,0.01955700,0.25000000
2018-02-28 21:36:05,0.01955700,1.00000000
2018-02-28 21:36:07,0.01955700,0.34000000
2018-02-28 21:36:10,0.01955700,2.17000000
2018-02-28 21:36:11,0.01955700,1.25000000
2018-02-28 21:36:16,0.01955600,0.13000000
2018-02-28 21:36:20,0.01955600,0.06000000
2018-02-28 21:36:21,0.01955600,0.10000000
2018-02-28 21:36:34,0.01955600,11.88000000
2018-02-28 21:36:38,0.01955700,1.32000000
2018-02-28 21:36:38,0.01955700,0.50000000
2018-02-28 21:36:39,0.01958500,1.00000000
2018-02-28 21:36:40,0.01955700,4.46000000
2018-02-28 21:36:40,0.01959000,0.29000000
2018-02-28 21:36:41,0.01955600,1.17000000
2018-02-28 21:36:45,0.01955600,2.89000000
2018-02-28 21:36:46,0.01955500,0.08000000
2018-02-28 21:36:46,0.01955500,0.70000000
2018-02-28 21:36:58,0.01955500,0.48000000
2018-02-28 21:37:10,0.01955500,0.04000000
2018-02-28 21:37:15,0.01955600,0.20000000
2018-02-28 21:37:26,0.01957700,0.25000000
2018-02-28 21:37:26,0.01957800,0.26000000
2018-02-28 21:37:30,0.01957600,0.04000000
2018-02-28 21:37:40,0.01955600,0.01000000
2018-02-28 21:37:40,0.01955500,0.04000000
2018-02-28 21:37:41,0.01955500,2.33000000
2018-02-28 21:37:41,0.01954800,2.85000000
2018-02-28 21:37:41,0.01954800,1.32000000
2018-02-28 21:37:41,0.01954800,0.40000000
2018-02-28 21:37:47,0.01957400,0.49000000
2018-02-28 21:37:47,0.01957500,0.39000000
2018-02-28 21:37:47,0.01957900,0.62000000
2018-02-28 21:37:49,0.01957300,0.22000000
2018-02-28 21:37:49,0.01957800,1.38000000
2018-02-28 21:37:50,0.01959300,1.22000000
2018-02-28 21:37:52,0.01955600,1.47000000
2018-02-28 21:37:53,0.01959300,1.47000000
2018-02-28 21:37:53,0.01959300,0.40000000
2018-02-28 21:37:54,0.01959300,0.49000000
2018-02-28 21:37:54,0.01959400,0.24000000
2018-02-28 21:37:54,0.01959800,0.18000000
2018-02-28 21:37:59,0.01959700,0.04000000
2018-02-28 21:38:05,0.01956000,0.03000000
2018-02-28 21:38:07,0.01959400,0.29000000
2018-02-28 21:38:18,0.01955700,1.02000000
2018-02-28 21:38:29,0.01958600,1.05000000
2018-02-28 21:38:29,0.01958700,0.08000000
2018-02-28 21:38:30,0.01958700,0.99000000
2018-02-28 21:38:31,0.01958700,3.75000000
2018-02-28 21:38:33,0.01958900,0.51000000
2018-02-28 21:38:34,0.01958700,0.02000000
2018-02-28 21:39:16,0.01955300,1.00000000
2018-02-28 21:39:16,0.01955200,0.10000000
2018-02-28 21:39:16,0.01955000,0.12000000
2018-02-28 21:39:16,0.01954900,4.75000000
2018-02-28 21:39:16,0.01954800,1.03000000
2018-02-28 21:39:18,0.01957900,0.15000000
2018-02-28 21:39:18,0.01958000,1.65000000
2018-02-28 21:39:19,0.01954800,0.21000000
2018-02-28 21:39:21,0.01954800,19.24000000
2018-02-28 21:39:25,0.01958000,0.35000000
2018-02-28 21:39:25,0.01958500,0.08000000
2018-02-28 21:39:25,0.01958700,0.74000000
2018-02-28 21:39:25,0.01958800,0.33000000
2018-02-28 21:39:38,0.01958700,2.58000000
2018-02-28 21:39:38,0.01958800,0.97000000
2018-02-28 21:39:38,0.01958800,0.59000000
2018-02-28 21:39:38,0.01958800,0.20000000
2018-02-28 21:39:39,0.01958800,2.27000000
2018-02-28 21:39:41,0.01958800,0.37000000
2018-02-28 21:39:41,0.01958800,0.08000000
2018-02-28 21:39:42,0.01958800,10.41000000
2018-02-28 21:39:45,0.01958800,2.37000000
2018-02-28 21:39:46,0.01958800,0.31000000
2018-02-28 21:39:47,0.01958800,0.44000000
2018-02-28 21:39:47,0.01958800,0.72000000
2018-02-28 21:39:48,0.01958900,0.03000000
2018-02-28 21:39:49,0.01958800,0.01000000
2018-02-28 21:39:49,0.01955100,0.79000000
2018-02-28 21:39:49,0.01958900,2.27000000
2018-02-28 21:39:51,0.01958600,0.79000000
2018-02-28 21:39:52,0.01958800,0.08000000
2018-02-28 21:39:52,0.01955600,0.70000000
2018-02-28 21:40:01,0.01955600,0.50000000
2018-02-28 21:40:02,0.01955800,0.07000000
2018-02-28 21:40:11,0.01956100,0.69000000
2018-02-28 21:40:11,0.01955800,0.40000000
2018-02-28 21:40:12,0.01956200,0.29000000
2018-02-28 21:40:12,0.01955800,0.40000000
2018-02-28 21:40:13,0.01959200,0.10000000
2018-02-28 21:40:16,0.01955900,0.83000000
2018-02-28 21:40:16,0.01955800,0.65000000
2018-02-28 21:40:17,0.01955700,0.48000000
2018-02-28 21:40:17,0.01955700,0.44000000
2018-02-28 21:40:18,0.01955800,1.87000000
2018-02-28 21:40:20,0.01955800,1.38000000
2018-02-28 21:40:20,0.01955700,0.10000000
2018-02-28 21:40:20,0.01955600,2.00000000
2018-02-28 21:40:20,0.01955200,1.52000000
2018-02-28 21:40:27,0.01955400,1.75000000
2018-02-28 21:40:31,0.01958600,1.75000000
2018-02-28 21:40:36,0.01955800,0.42000000
2018-02-28 21:40:39,0.01958600,17.92000000
2018-02-28 21:40:39,0.01958600,1.00000000
2018-02-28 21:40:39,0.01958600,1.29000000
2018-02-28 21:40:45,0.01959000,0.48000000
2018-02-28 21:40:45,0.01959000,0.01000000
2018-02-28 21:40:45,0.01959200,8.52000000
2018-02-28 21:40:46,0.01959200,0.01000000
2018-02-28 21:40:46,0.01959300,1.79000000
2018-02-28 21:40:46,0.01959400,1.99000000
2018-02-28 21:40:46,0.01959800,0.80000000
2018-02-28 21:40:46,0.01959900,2.23000000
2018-02-28 21:40:46,0.01960000,4.98000000
2018-02-28 21:40:48,0.01958600,1.00000000
2018-02-28 21:40:49,0.01958600,1.29000000
2018-02-28 21:40:49,0.01958600,13.00000000
2018-02-28 21:40:49,0.01958600,0.76000000
2018-02-28 21:40:49,0.01958600,1.00000000
2018-02-28 21:40:50,0.01958600,0.04000000
2018-02-28 21:40:51,0.01958600,0.23000000
2018-02-28 21:40:51,0.01958600,0.25000000
2018-02-28 21:40:52,0.01959100,0.08000000
2018-02-28 21:40:52,0.01960000,0.43000000
2018-02-28 21:40:53,0.01958600,3.18000000
2018-02-28 21:40:55,0.01960000,0.10000000
2018-02-28 21:40:58,0.01960000,0.51000000
2018-02-28 21:41:08,0.01958600,0.29000000
2018-02-28 21:41:09,0.01958600,0.39000000
2018-02-28 21:41:11,0.01958600,0.95000000
2018-02-28 21:41:13,0.01958600,0.25000000
2018-02-28 21:41:13,0.01958600,0.25000000
2018-02-28 21:41:14,0.01958600,3.13000000
2018-02-28 21:41:14,0.01955400,0.11000000
2018-02-28 21:41:15,0.01955600,0.30000000
2018-02-28 21:41:18,0.01958600,0.12000000
2018-02-28 21:41:22,0.01958600,0.72000000
2018-02-28 21:41:26,0.01958600,0.01000000
2018-02-28 21:41:26,0.01955500,2.04000000
2018-02-28 21:41:26,0.01955400,0.17000000
2018-02-28 21:41:26,0.01955300,0.42000000
2018-02-28 21:41:26,0.01954800,10.36000000
2018-02-28 21:41:29,0.01958400,0.29000000
2018-02-28 21:41:29,0.01958400,0.01000000
2018-02-28 21:41:29,0.01958600,0.87000000
2018-02-28 21:41:29,0.01958600,0.13000000
2018-02-28 21:41:29,0.01958900,0.38000000
2018-02-28 21:41:32,0.01958600,2.39000000
2018-02-28 21:41:32,0.01958900,1.65000000
2018-02-28 21:41:34,0.01958900,0.50000000
2018-02-28 21:41:45,0.01955700,0.29000000
2018-02-28 21:41:55,0.01956000,1.12000000
2018-02-28 21:41:56,0.01956300,1.00000000
2018-02-28 21:42:02,0.01958400,0.28000000
2018-02-28 21:42:03,0.01956200,0.21000000
2018-02-28 21:42:04,0.01956200,0.28000000
2018-02-28 21:42:17,0.01955600,0.55000000
2018-02-28 21:42:31,0.01956200,3.68000000
2018-02-28 21:42:31,0.01955600,1.09000000
2018-02-28 21:42:31,0.01955400,2.03000000
2018-02-28 21:42:31,0.01955300,0.99000000
2018-02-28 21:42:31,0.01954800,6.71000000
2018-02-28 21:42:31,0.01958400,16.19000000
2018-02-28 21:42:34,0.01958400,0.01000000
2018-02-28 21:42:34,0.01958600,0.50000000
2018-02-28 21:42:35,0.01958600,14.58000000
2018-02-28 21:42:35,0.01955000,1.53000000
2018-02-28 21:42:36,0.01958600,1.12000000
2018-02-28 21:42:36,0.01958500,1.53000000
2018-02-28 21:42:43,0.01958600,0.23000000
2018-02-28 21:42:52,0.01958500,0.07000000
2018-02-28 21:42:57,0.01958600,0.01000000
2018-02-28 21:43:04,0.01958600,0.65000000
2018-02-28 21:43:04,0.01955200,0.53000000
2018-02-28 21:43:15,0.01955600,1.00000000
2018-02-28 21:43:25,0.01958400,0.14000000
2018-02-28 21:43:25,0.01958800,0.37000000
2018-02-28 21:43:29,0.01958800,0.10000000
2018-02-28 21:43:35,0.01955600,0.11000000
2018-02-28 21:43:36,0.01958800,0.51000000
2018-02-28 21:43:44,0.01958800,1.61000000
2018-02-28 21:43:45,0.01958800,0.20000000
2018-02-28 21:43:50,0.01955300,0.20000000
2018-02-28 21:43:54,0.01955600,0.11000000
2018-02-28 21:43:58,0.01955300,11.88000000
2018-02-28 21:43:58,0.01954800,6.20000000
2018-02-28 21:43:59,0.01955600,1.08000000
2018-02-28 21:44:02,0.01955600,0.11000000
2018-02-28 21:44:05,0.01955600,0.50000000
2018-02-28 21:44:05,0.01955600,13.16000000
2018-02-28 21:44:06,0.01954800,1.00000000
2018-02-28 21:44:07,0.01955600,0.01000000
2018-02-28 21:44:07,0.01956000,0.09000000
2018-02-28 21:44:16,0.01958800,0.73000000
2018-02-28 21:44:19,0.01956000,2.56000000
2018-02-28 21:44:27,0.01956000,0.50000000
2018-02-28 21:44:33,0.01955600,0.17000000
2018-02-28 21:44:36,0.01955600,0.63000000
2018-02-28 21:44:40,0.01955600,0.36000000
2018-02-28 21:44:41,0.01955600,1.02000000
2018-02-28 21:44:44,0.01955600,0.21000000
2018-02-28 21:44:44,0.01955600,0.47000000
2018-02-28 21:44:47,0.01955600,0.14000000
2018-02-28 21:44:50,0.01958800,0.13000000
2018-02-28 21:44:57,0.01955600,2.41000000
2018-02-28 21:44:59,0.01955600,2.59000000
2018-02-28 21:44:59,0.01958800,0.46000000
2018-02-28 21:44:59,0.01958900,1.66000000
2018-02-28 21:44:59,0.01959000,7.41000000
2018-02-28 21:45:08,0.01955400,0.46000000
2018-02-28 21:45:08,0.01955300,1.17000000
2018-02-28 21:45:12,0.01958900,0.27000000
2018-02-28 21:45:26,0.01956000,0.11000000
2018-02-28 21:45:32,0.01956000,0.11000000
2018-02-28 21:45:40,0.01956000,1.22000000
2018-02-28 21:45:44,0.01956000,0.08000000
2018-02-28 21:45:44,0.01956000,0.08000000
2018-02-28 21:45:46,0.01958700,0.51000000
2018-02-28 21:45:50,0.01956000,0.05000000
2018-02-28 21:45:51,0.01955300,0.46000000
2018-02-28 21:45:52,0.01956000,0.51000000
2018-02-28 21:46:03,0.01956000,1.48000000
2018-02-28 21:46:14,0.01955300,0.01000000
2018-02-28 21:46:14,0.01955100,0.24000000
2018-02-28 21:46:15,0.01955100,0.10000000
2018-02-28 21:46:16,0.01956000,0.86000000
2018-02-28 21:46:16,0.01956000,0.10000000
2018-02-28 21:46:16,0.01958700,0.21000000
2018-02-28 21:46:16,0.01958900,2.00000000
2018-02-28 21:46:16,0.01959000,6.00000000
2018-02-28 21:46:17,0.01955300,0.35000000
2018-02-28 21:46:17,0.01955300,0.15000000
2018-02-28 21:46:19,0.01955100,0.65000000
2018-02-28 21:46:20,0.01958700,0.01000000
2018-02-28 21:46:23,0.01955100,0.28000000
2018-02-28 21:46:23,0.01955000,1.64000000
2018-02-28 21:46:28,0.01958000,0.49000000
2018-02-28 21:46:28,0.01958200,0.08000000
2018-02-28 21:46:28,0.01958700,16.81000000
2018-02-28 21:46:29,0.01955000,0.53000000
2018-02-28 21:46:39,0.01958700,0.51000000
2018-02-28 21:46:39,0.01955200,0.07000000
2018-02-28 21:46:39,0.01955000,0.60000000
2018-02-28 21:46:44,0.01958700,0.28000000
2018-02-28 21:46:50,0.01955100,3.37000000
2018-02-28 21:46:50,0.01955000,4.64000000
2018-02-28 21:46:50,0.01955000,0.81000000
2018-02-28 21:46:50,0.01955000,0.53000000
2018-02-28 21:47:01,0.01958400,0.13000000
2018-02-28 21:47:04,0.01958400,0.07000000
2018-02-28 21:47:13,0.01955000,1.00000000
2018-02-28 21:47:13,0.01954900,75.53000000
2018-02-28 21:47:13,0.01954800,120.03000000
2018-02-28 21:47:13,0.01954000,20.00000000
2018-02-28 21:47:13,0.01953400,4.33000000
2018-02-28 21:47:13,0.01953200,1.82000000
2018-02-28 21:47:13,0.01952900,0.78000000
2018-02-28 21:47:13,0.01952500,0.10000000
2018-02-28 21:47:13,0.01952000,0.22000000
2018-02-28 21:47:13,0.01950900,0.10000000
2018-02-28 21:47:13,0.01950100,7.48000000
2018-02-28 21:47:15,0.01958300,0.07000000
2018-02-28 21:47:15,0.01958400,0.77000000
2018-02-28 21:47:15,0.01957500,0.06000000
2018-02-28 21:47:15,0.01958300,0.70000000
2018-02-28 21:47:17,0.01956000,0.70000000
2018-02-28 21:47:17,0.01955900,0.50000000
2018-02-28 21:47:18,0.01955800,1.27000000
2018-02-28 21:47:18,0.01955800,0.62000000
2018-02-28 21:47:18,0.01951800,0.63000000
2018-02-28 21:47:18,0.01955800,0.30000000
2018-02-28 21:47:18,0.01955800,0.51000000
2018-02-28 21:47:18,0.01955800,0.56000000
2018-02-28 21:47:18,0.01951800,0.12000000
2018-02-28 21:47:18,0.01955800,0.70000000
2018-02-28 21:47:24,0.01954800,0.75000000
2018-02-28 21:47:25,0.01955000,1.17000000
2018-02-28 21:47:25,0.01955000,7.13000000
2018-02-28 21:47:33,0.01955700,0.82000000
2018-02-28 21:47:33,0.01955800,0.46000000
2018-02-28 21:47:33,0.01955900,0.77000000
2018-02-28 21:47:33,0.01956000,0.67000000
2018-02-28 21:47:33,0.01956000,1.28000000
2018-02-28 21:47:42,0.01955000,0.36000000
2018-02-28 21:47:42,0.01955000,3.79000000
2018-02-28 21:47:44,0.01956000,0.12000000
2018-02-28 21:47:46,0.01955000,0.37000000
2018-02-28 21:47:49,0.01955000,10.00000000
2018-02-28 21:47:57,0.01956000,1.74000000
2018-02-28 21:47:58,0.01955000,0.20000000
2018-02-28 21:48:00,0.01956000,1.41000000
2018-02-28 21:48:01,0.01955000,2.15000000
2018-02-28 21:48:07,0.01955000,0.10000000
2018-02-28 21:48:09,0.01955000,0.08000000
2018-02-28 21:48:09,0.01955000,4.08000000
2018-02-28 21:48:10,0.01955000,1.03000000
2018-02-28 21:48:19,0.01955000,0.08000000
2018-02-28 21:48:20,0.01955000,4.46000000
2018-02-28 21:48:25,0.01955000,0.20000000
2018-02-28 21:48:27,0.01956000,0.47000000
2018-02-28 21:48:29,0.01956000,0.47000000
2018-02-28 21:48:30,0.01955000,0.20000000
2018-02-28 21:48:31,0.01955000,0.20000000
2018-02-28 21:48:38,0.01955000,0.64000000
2018-02-28 21:48:38,0.01955000,0.20000000
2018-02-28 21:48:38,0.01955000,0.50000000
2018-02-28 21:48:39,0.01956000,7.01000000
2018-02-28 21:48:41,0.01954100,2.31000000
2018-02-28 21:48:44,0.01954200,35.48000000
2018-02-28 21:48:52,0.01954300,2.02000000
2018-02-28 21:48:53,0.01954300,0.01000000
2018-02-28 21:48:53,0.01954200,0.19000000
2018-02-28 21:48:53,0.01955900,0.11000000
2018-02-28 21:49:08,0.01954200,0.29000000
2018-02-28 21:49:10,0.01955800,0.56000000
2018-02-28 21:49:10,0.01955900,0.84000000
2018-02-28 21:49:10,0.01956000,2.76000000
2018-02-28 21:49:13,0.01956000,1.53000000
2018-02-28 21:49:21,0.01954300,1.15000000
2018-02-28 21:49:25,0.01956000,7.15000000
2018-02-28 21:49:27,0.01956000,1.04000000
2018-02-28 21:49:29,0.01956000,0.15000000
2018-02-28 21:49:33,0.01954300,0.25000000
2018-02-28 21:49:36,0.01955900,0.31000000
2018-02-28 21:49:36,0.01956000,1.19000000
2018-02-28 21:49:37,0.01956000,14.82000000
2018-02-28 21:49:38,0.01956000,0.51000000
2018-02-28 21:49:38,0.01956000,0.20000000
2018-02-28 21:49:39,0.01956000,23.42000000
2018-02-28 21:49:40,0.01956000,0.67000000
2018-02-28 21:49:40,0.01956000,0.04000000
2018-02-28 21:49:43,0.01954300,3.06000000
2018-02-28 21:49:43,0.01954200,11.20000000
2018-02-28 21:49:48,0.01954200,0.50000000
2018-02-28 21:49:48,0.01955900,0.40000000
2018-02-28 21:49:51,0.01955900,0.86000000
2018-02-28 21:49:51,0.01956000,23.27000000
2018-02-28 21:49:51,0.01956000,5.16000000
2018-02-28 21:49:54,0.01956000,2.56000000
2018-02-28 21:49:56,0.01956000,2.02000000
2018-02-28 21:50:01,0.01957500,0.52000000
2018-02-28 21:50:04,0.01956000,0.60000000
2018-02-28 21:50:07,0.01956000,0.41000000
2018-02-28 21:50:22,0.01956000,5.33000000
2018-02-28 21:50:29,0.01956500,0.12000000
2018-02-28 21:50:29,0.01957500,0.03000000
2018-02-28 21:50:38,0.01955500,0.42000000
2018-02-28 21:50:38,0.01954300,0.58000000
2018-02-28 21:50:43,0.01957400,0.41000000
2018-02-28 21:50:43,0.01957500,0.10000000
2018-02-28 21:51:15,0.01957500,0.22000000
2018-02-28 21:51:18,0.01956000,1.43000000
2018-02-28 21:51:37,0.01954400,0.28000000
2018-02-28 21:51:37,0.01954300,0.96000000
2018-02-28 21:51:37,0.01954200,2.36000000
2018-02-28 21:51:37,0.01954000,3.38000000
2018-02-28 21:51:37,0.01956000,0.27000000
2018-02-28 21:51:37,0.01957000,0.55000000
2018-02-28 21:51:46,0.01954100,0.25000000
2018-02-28 21:51:53,0.01954100,0.25000000
2018-02-28 21:51:55,0.01954200,0.50000000
2018-02-28 21:52:03,0.01954100,0.57000000
2018-02-28 21:52:05,0.01954100,1.00000000
2018-02-28 21:52:14,0.01956200,0.07000000
2018-02-28 21:52:14,0.01956300,0.24000000
2018-02-28 21:52:14,0.01956800,1.54000000
2018-02-28 21:52:14,0.01957500,1.19000000
2018-02-28 21:52:17,0.01954400,0.15000000
2018-02-28 21:52:17,0.01954200,1.25000000
2018-02-28 21:52:19,0.01954200,17.77000000
2018-02-28 21:52:26,0.01954200,1.00000000
2018-02-28 21:52:31,0.01957300,0.28000000
2018-02-28 21:52:36,0.01954700,0.15000000
2018-02-28 21:52:37,0.01957300,1.85000000
2018-02-28 21:52:37,0.01957500,0.52000000
2018-02-28 21:52:39,0.01957500,0.28000000
2018-02-28 21:52:43,0.01954100,50.94000000
2018-02-28 21:52:43,0.01954000,0.58000000
2018-02-28 21:52:43,0.01953600,1.11000000
2018-02-28 21:52:43,0.01953500,2.04000000
2018-02-28 21:52:43,0.01952000,11.00000000
2018-02-28 21:52:43,0.01950100,0.70000000
2018-02-28 21:52:43,0.01950000,8.62000000
2018-02-28 21:52:43,0.01950000,13.21000000
2018-02-28 21:52:43,0.01950000,4.73000000
2018-02-28 21:52:43,0.01950000,4.23000000
2018-02-28 21:52:43,0.01950000,3.45000000
2018-02-28 21:52:49,0.01956700,1.00000000
2018-02-28 21:52:50,0.01953300,0.23000000
2018-02-28 21:52:52,0.01956300,0.27000000
2018-02-28 21:53:02,0.01954100,0.40000000
2018-02-28 21:53:04,0.01950600,1.00000000
2018-02-28 21:53:06,0.01955000,0.11000000
2018-02-28 21:53:06,0.01955000,0.87000000
2018-02-28 21:53:06,0.01955000,0.49000000
2018-02-28 21:53:06,0.01954800,0.92000000
2018-02-28 21:53:07,0.01954800,0.08000000
2018-02-28 21:53:09,0.01956000,1.00000000
2018-02-28 21:53:11,0.01956000,1.57000000
2018-02-28 21:53:14,0.01956000,0.11000000
2018-02-28 21:53:14,0.01956000,0.35000000
2018-02-28 21:53:18,0.01956000,0.11000000
2018-02-28 21:53:22,0.01956000,0.11000000
2018-02-28 21:53:24,0.01954500,1.03000000
2018-02-28 21:53:26,0.01956000,0.11000000
2018-02-28 21:53:27,0.01954700,0.59000000
2018-02-28 21:53:27,0.01954700,0.41000000
2018-02-28 21:53:27,0.01954200,0.19000000
2018-02-28 21:53:27,0.01954200,1.07000000
2018-02-28 21:53:29,0.01955900,0.11000000
2018-02-28 21:53:30,0.01954000,0.51000000
2018-02-28 21:53:30,0.01954000,0.64000000
2018-02-28 21:53:30,0.01955900,1.15000000
2018-02-28 21:53:32,0.01956000,1.26000000
2018-02-28 21:53:32,0.01954700,0.11000000
2018-02-28 21:53:32,0.01954500,9.34000000
2018-02-28 21:53:37,0.01956000,1.50000000
2018-02-28 21:53:40,0.01955900,0.11000000
2018-02-28 21:53:41,0.01955900,0.11000000
2018-02-28 21:53:42,0.01955900,1.00000000
2018-02-28 21:53:42,0.01955900,0.08000000
2018-02-28 21:53:46,0.01955900,0.74000000
2018-02-28 21:53:46,0.01956000,0.14000000
2018-02-28 21:53:53,0.01956000,0.11000000
2018-02-28 21:53:55,0.01952600,1.26000000
2018-02-28 21:53:55,0.01952400,0.12000000
2018-02-28 21:53:57,0.01956000,0.11000000
2018-02-28 21:53:59,0.01956000,0.11000000
2018-02-28 21:54:03,0.01956000,0.12000000
2018-02-28 21:54:04,0.01956900,0.24000000
2018-02-28 21:54:05,0.01953200,1.00000000
2018-02-28 21:54:05,0.01952900,2.04000000
2018-02-28 21:54:05,0.01952700,4.85000000
2018-02-28 21:54:05,0.01952600,1.35000000
2018-02-28 21:54:05,0.01952400,0.51000000
2018-02-28 21:54:05,0.01952400,1.20000000
2018-02-28 21:54:05,0.01956000,1.00000000
2018-02-28 21:54:05,0.01956000,0.24000000
2018-02-28 21:54:05,0.01956000,0.53000000
2018-02-28 21:54:07,0.01956900,0.27000000
2018-02-28 21:54:07,0.01956900,0.22000000
2018-02-28 21:54:08,0.01956900,0.20000000
2018-02-28 21:54:10,0.01956900,0.19000000
2018-02-28 21:54:11,0.01956900,0.17000000
2018-02-28 21:54:12,0.01956900,0.15000000
2018-02-28 21:54:12,0.01956900,0.18000000
2018-02-28 21:54:13,0.01956900,0.14000000
2018-02-28 21:54:15,0.01956900,0.13000000
2018-02-28 21:54:16,0.01956900,0.12000000
2018-02-28 21:54:17,0.01956900,0.09000000
2018-02-28 21:54:17,0.01957000,0.03000000
2018-02-28 21:54:18,0.01956100,0.24000000
2018-02-28 21:54:18,0.01956000,0.75000000
2018-02-28 21:54:20,0.01956900,1.12000000
2018-02-28 21:54:20,0.01957000,0.92000000
2018-02-28 21:54:21,0.01957000,5.33000000
2018-02-28 21:54:24,0.01957400,2.04000000
2018-02-28 21:54:24,0.01957500,0.26000000
2018-02-28 21:54:33,0.01957800,4.33000000
2018-02-28 21:54:34,0.01957800,1.94000000
2018-02-28 21:54:34,0.01957800,0.77000000
2018-02-28 21:54:38,0.01957600,0.12000000
2018-02-28 21:54:40,0.01955300,0.49000000
2018-02-28 21:54:40,0.01957600,0.03000000
2018-02-28 21:54:40,0.01957700,0.05000000
2018-02-28 21:54:41,0.01957800,0.30000000
2018-02-28 21:54:41,0.01957400,0.11000000
2018-02-28 21:54:42,0.01957400,0.10000000
2018-02-28 21:54:42,0.01957400,4.17000000
2018-02-28 21:54:43,0.01957400,0.47000000
2018-02-28 21:54:44,0.01957400,14.34000000
2018-02-28 21:54:44,0.01957400,1.17000000
2018-02-28 21:54:44,0.01957400,2.29000000
2018-02-28 21:54:44,0.01957400,0.20000000
2018-02-28 21:54:45,0.01955300,0.48000000
2018-02-28 21:54:47,0.01957400,0.40000000
2018-02-28 21:54:47,0.01957900,3.06000000
2018-02-28 21:54:50,0.01955300,0.48000000
2018-02-28 21:54:51,0.01957900,0.50000000
2018-02-28 21:54:51,0.01957900,0.50000000
2018-02-28 21:54:51,0.01957900,0.50000000
2018-02-28 21:54:51,0.01957900,0.50000000
2018-02-28 21:54:52,0.01957900,1.50000000
2018-02-28 21:54:52,0.01957900,0.17000000
2018-02-28 21:54:53,0.01957900,2.14000000
2018-02-28 21:54:53,0.01957900,3.06000000
2018-02-28 21:54:55,0.01957900,0.78000000
2018-02-28 21:54:55,0.01958000,2.93000000
2018-02-28 21:54:56,0.01958000,4.24000000
2018-02-28 21:54:56,0.01955800,2.88000000
2018-02-28 21:54:56,0.01955600,1.00000000
2018-02-28 21:54:56,0.01955500,5.11000000
2018-02-28 21:54:56,0.01955400,0.24000000
2018-02-28 21:54:56,0.01953800,2.04000000
2018-02-28 21:54:56,0.01953300,1.73000000
2018-02-28 21:54:57,0.01958000,20.75000000
2018-02-28 21:54:57,0.01958000,2.54000000
2018-02-28 21:54:58,0.01958000,0.17000000
2018-02-28 21:54:58,0.01955400,0.11000000
2018-02-28 21:54:58,0.01953600,2.41000000
2018-02-28 21:54:58,0.01953300,3.00000000
2018-02-28 21:54:58,0.01952400,1.71000000
2018-02-28 21:54:58,0.01952100,0.84000000
2018-02-28 21:54:58,0.01952000,20.00000000
2018-02-28 21:54:58,0.01950100,21.43000000
2018-02-28 21:55:00,0.01957900,2.49000000
2018-02-28 21:55:00,0.01957900,0.92000000
2018-02-28 21:55:00,0.01958000,6.40000000
2018-02-28 21:55:02,0.01958000,2.16000000
2018-02-28 21:55:02,0.01958000,0.81000000
2018-02-28 21:55:02,0.01958500,0.52000000
2018-02-28 21:55:02,0.01958100,1.36000000
2018-02-28 21:55:02,0.01958000,0.50000000
2018-02-28 21:55:02,0.01958000,2.41000000
2018-02-28 21:55:02,0.01958000,4.83000000
2018-02-28 21:55:02,0.01958000,0.50000000
2018-02-28 21:55:02,0.01958000,1.40000000
2018-02-28 21:55:02,0.01958500,0.06000000
2018-02-28 21:55:02,0.01958600,4.33000000
2018-02-28 21:55:02,0.01958700,2.35000000
2018-02-28 21:55:02,0.01958700,1.92000000
2018-02-28 21:55:02,0.01958900,0.99000000
2018-02-28 21:55:02,0.01959000,16.09000000
2018-02-28 21:55:03,0.01959000,1.46000000
2018-02-28 21:55:04,0.01959000,11.32000000
2018-02-28 21:55:04,0.01959000,0.51000000
2018-02-28 21:55:05,0.01959000,11.61000000
2018-02-28 21:55:05,0.01959300,0.46000000
2018-02-28 21:55:09,0.01959500,0.11000000
2018-02-28 21:55:09,0.01959800,4.96000000
2018-02-28 21:55:10,0.01957100,0.33000000
2018-02-28 21:55:10,0.01959800,0.01000000
2018-02-28 21:55:10,0.01959900,0.67000000
2018-02-28 21:55:10,0.01960000,0.29000000
2018-02-28 21:55:11,0.01959500,0.28000000
2018-02-28 21:55:11,0.01960000,2.28000000
2018-02-28 21:55:11,0.01960000,5.20000000
2018-02-28 21:55:12,0.01960000,0.50000000
2018-02-28 21:55:12,0.01960000,4.83000000
2018-02-28 21:55:12,0.01960000,10.00000000
2018-02-28 21:55:12,0.01960000,10.02000000
2018-02-28 21:55:12,0.01960000,3.87000000
2018-02-28 21:55:12,0.01960000,0.06000000
2018-02-28 21:55:12,0.01960000,2.39000000
2018-02-28 21:55:13,0.01960000,0.11000000
2018-02-28 21:55:17,0.01960000,0.55000000
2018-02-28 21:55:17,0.01960000,5.10000000
2018-02-28 21:55:17,0.01960000,15.86000000
2018-02-28 21:55:18,0.01959300,0.47000000
2018-02-28 21:55:18,0.01960000,4.05000000
2018-02-28 21:55:20,0.01960000,30.91000000
2018-02-28 21:55:21,0.01960000,3.78000000
2018-02-28 21:55:22,0.01960000,2.85000000
2018-02-28 21:55:22,0.01960800,0.21000000
2018-02-28 21:55:24,0.01960800,0.39000000
2018-02-28 21:55:30,0.01960800,0.50000000
2018-02-28 21:55:33,0.01960800,1.02000000
2018-02-28 21:55:33,0.01960800,0.28000000
2018-02-28 21:55:36,0.01960800,0.14000000
2018-02-28 21:55:41,0.01957100,0.28000000
2018-02-28 21:55:51,0.01960300,0.24000000
2018-02-28 21:55:52,0.01960800,2.54000000
2018-02-28 21:55:53,0.01960800,7.33000000
2018-02-28 21:55:53,0.01961000,0.11000000
2018-02-28 21:55:55,0.01957400,0.06000000
2018-02-28 21:55:58,0.01957900,0.06000000
2018-02-28 21:55:59,0.01961000,1.92000000
2018-02-28 21:55:59,0.01961000,0.11000000
2018-02-28 21:56:01,0.01961000,0.12000000
2018-02-28 21:56:01,0.01961000,10.60000000
2018-02-28 21:56:02,0.01961500,0.27000000
2018-02-28 21:56:02,0.01961200,0.22000000
2018-02-28 21:56:03,0.01961200,2.53000000
2018-02-28 21:56:03,0.01960400,0.38000000
2018-02-28 21:56:04,0.01960400,0.10000000
2018-02-28 21:56:04,0.01957300,0.15000000
2018-02-28 21:56:04,0.01957000,1.85000000
2018-02-28 21:56:04,0.01960400,0.19000000
2018-02-28 21:56:07,0.01960300,0.10000000
2018-02-28 21:56:14,0.01960300,1.08000000
2018-02-28 21:56:14,0.01960300,0.47000000
2018-02-28 21:56:16,0.01960300,2.63000000
2018-02-28 21:56:16,0.01960300,0.04000000
2018-02-28 21:56:17,0.01961500,2.72000000
2018-02-28 21:56:25,0.01958000,5.00000000
2018-02-28 21:56:31,0.01959800,1.53000000
2018-02-28 21:56:38,0.01959800,1.02000000
2018-02-28 21:56:45,0.01959800,4.88000000
2018-02-28 21:56:46,0.01959800,1.26000000
2018-02-28 21:56:48,0.01959800,0.12000000
2018-02-28 21:56:59,0.01957500,1.22000000
2018-02-28 21:57:00,0.01959800,0.12000000
2018-02-28 21:57:02,0.01959800,0.09000000
2018-02-28 21:57:13,0.01959800,0.11000000
2018-02-28 21:57:17,0.01959800,1.90000000
2018-02-28 21:57:18,0.01959800,0.12000000
2018-02-28 21:57:18,0.01959800,1.68000000
2018-02-28 21:57:18,0.01959800,7.33000000
2018-02-28 21:57:18,0.01959800,0.50000000
2018-02-28 21:57:18,0.01959800,7.35000000
2018-02-28 21:57:18,0.01959800,9.50000000
2018-02-28 21:57:19,0.01957800,0.24000000
2018-02-28 21:57:21,0.01959800,1.50000000
2018-02-28 21:57:22,0.01959800,0.11000000
2018-02-28 21:57:24,0.01958000,0.05000000
2018-02-28 21:57:25,0.01959800,0.11000000
2018-02-28 21:57:26,0.01959800,2.79000000
2018-02-28 21:57:27,0.01959800,2.22000000
2018-02-28 21:57:28,0.01958000,0.80000000
2018-02-28 21:57:30,0.01959800,0.01000000
2018-02-28 21:57:30,0.01960300,1.00000000
2018-02-28 21:57:30,0.01961800,0.49000000
2018-02-28 21:57:31,0.01961800,0.51000000
2018-02-28 21:57:31,0.01957800,0.47000000
2018-02-28 21:57:33,0.01961500,0.46000000
2018-02-28 21:57:36,0.01958000,0.50000000
2018-02-28 21:57:46,0.01961600,0.50000000
2018-02-28 21:57:46,0.01961800,2.99000000
2018-02-28 21:57:46,0.01962000,1.64000000
2018-02-28 21:57:47,0.01962100,1.01000000
2018-02-28 21:57:47,0.01962200,0.10000000
2018-02-28 21:57:47,0.01963300,0.07000000
2018-02-28 21:57:50,0.01960400,0.50000000
2018-02-28 21:57:51,0.01963300,0.13000000
2018-02-28 21:57:53,0.01963100,0.51000000
2018-02-28 21:57:53,0.01963300,0.01000000
2018-02-28 21:57:56,0.01960600,0.10000000
2018-02-28 21:57:56,0.01960600,0.51000000
2018-02-28 21:57:56,0.01963300,0.10000000
2018-02-28 21:58:12,0.01960600,2.35000000
2018-02-28 21:58:15,0.01963100,0.09000000
2018-02-28 21:58:17,0.01960000,0.10000000
2018-02-28 21:58:17,0.01959900,2.04000000
2018-02-28 21:58:17,0.01957700,2.41000000
2018-02-28 21:58:17,0.01957600,0.28000000
2018-02-28 21:58:17,0.01956800,0.01000000
2018-02-28 21:58:19,0.01962900,0.76000000
2018-02-28 21:58:27,0.01960500,2.18000000
2018-02-28 21:58:28,0.01960500,0.23000000
2018-02-28 21:58:28,0.01960600,0.57000000
2018-02-28 21:58:29,0.01960600,1.53000000
2018-02-28 21:58:30,0.01960600,0.13000000
2018-02-28 21:58:34,0.01960600,0.47000000
2018-02-28 21:58:35,0.01958000,0.50000000
2018-02-28 21:58:35,0.01958000,0.50000000
2018-02-28 21:58:35,0.01958000,3.11000000
2018-02-28 21:58:35,0.01958000,0.60000000
2018-02-28 21:58:35,0.01958000,0.81000000
2018-02-28 21:58:35,0.01958000,1.02000000
2018-02-28 21:58:36,0.01958000,1.02000000
2018-02-28 21:58:37,0.01958000,1.09000000
2018-02-28 21:58:38,0.01958000,1.76000000
2018-02-28 21:58:40,0.01958000,10.35000000
2018-02-28 21:58:41,0.01957900,0.16000000
2018-02-28 21:58:44,0.01958000,0.01000000
2018-02-28 21:58:44,0.01960600,24.96000000
2018-02-28 21:58:44,0.01961400,1.28000000
2018-02-28 21:58:45,0.01958300,1.00000000
2018-02-28 21:58:45,0.01958200,5.08000000
2018-02-28 21:58:45,0.01958000,0.43000000
2018-02-28 21:58:45,0.01957500,0.25000000
2018-02-28 21:58:45,0.01957000,5.10000000
2018-02-28 21:58:45,0.01956800,4.34000000
2018-02-28 21:58:45,0.01956700,0.52000000
2018-02-28 21:58:45,0.01956600,6.79000000
2018-02-28 21:58:45,0.01956500,11.00000000
2018-02-28 21:58:45,0.01956400,1.40000000
2018-02-28 21:58:45,0.01954800,2.32000000
2018-02-28 21:58:45,0.01954100,1.40000000
2018-02-28 21:58:45,0.01953000,8.33000000
2018-02-28 21:58:47,0.01961700,5.08000000
2018-02-28 21:58:47,0.01961000,8.33000000
2018-02-28 21:58:48,0.01961500,2.00000000
2018-02-28 21:58:52,0.01962200,0.13000000
2018-02-28 21:58:57,0.01962700,0.92000000
2018-02-28 21:58:58,0.01959100,1.00000000
2018-02-28 21:58:58,0.01959100,0.52000000
2018-02-28 21:58:59,0.01959100,1.87000000
2018-02-28 21:58:59,0.01959100,0.81000000
2018-02-28 21:59:09,0.01958900,0.19000000
2018-02-28 21:59:11,0.01958900,0.06000000
2018-02-28 21:59:32,0.01961600,0.25000000
2018-02-28 21:59:32,0.01961800,0.61000000
2018-02-28 21:59:35,0.01962200,0.39000000
2018-02-28 21:59:35,0.01962300,0.13000000
2018-02-28 21:59:36,0.01962800,0.28000000
2018-02-28 21:59:36,0.01963300,0.79000000
2018-02-28 21:59:36,0.01962800,0.28000000
2018-02-28 21:59:37,0.01962700,0.50000000
2018-02-28 21:59:37,0.01962700,0.62000000
2018-02-28 21:59:37,0.01962700,0.07000000
2018-02-28 21:59:38,0.01964300,0.04000000
2018-02-28 21:59:38,0.01964400,0.47000000
2018-02-28 21:59:38,0.01964700,1.00000000
2018-02-28 21:59:38,0.01965000,0.07000000
2018-02-28 21:59:38,0.01965500,1.26000000
2018-02-28 21:59:38,0.01965500,0.81000000
2018-02-28 21:59:39,0.01965900,2.41000000
2018-02-28 21:59:40,0.01965800,0.40000000
2018-02-28 21:59:40,0.01966200,0.14000000
2018-02-28 21:59:41,0.01962800,0.61000000
2018-02-28 21:59:41,0.01965900,0.11000000
2018-02-28 21:59:41,0.01965900,0.41000000
2018-02-28 21:59:42,0.01965900,0.26000000
2018-02-28 21:59:42,0.01965900,1.50000000
2018-02-28 21:59:42,0.01966200,0.22000000
2018-02-28 21:59:42,0.01965900,3.83000000
2018-02-28 21:59:43,0.01965900,0.23000000
2018-02-28 21:59:47,0.01965900,0.01000000
2018-02-28 21:59:47,0.01962800,0.24000000
2018-02-28 21:59:49,0.01962700,0.05000000
2018-02-28 21:59:55,0.01963300,0.10000000
2018-02-28 21:59:55,0.01962700,0.15000000
2018-02-28 21:59:57,0.01966000,0.25000000
2018-02-28 21:59:57,0.01966000,0.25000000
2018-02-28 21:59:57,0.01966000,0.25000000
2018-02-28 21:59:57,0.01966000,0.25000000
