DATE,PRICE,VOLUME
2018-02-28 07:00:02,0.01998600,0.39000000
2018-02-28 07:00:05,0.01998600,12.66000000
2018-02-28 07:00:08,0.01998600,0.40000000
2018-02-28 07:00:09,0.01998600,0.40000000
2018-02-28 07:00:16,0.01999000,0.14000000
2018-02-28 07:00:16,0.01999000,0.86000000
2018-02-28 07:00:19,0.01999100,0.14000000
2018-02-28 07:00:19,0.01998700,4.16000000
2018-02-28 07:00:19,0.01998600,5.94000000
2018-02-28 07:00:23,0.01998600,5.30000000
2018-02-28 07:00:36,0.01999200,6.91000000
2018-02-28 07:00:37,0.01999300,11.77000000
2018-02-28 07:00:37,0.01999300,4.16000000
2018-02-28 07:00:46,0.01999300,0.61000000
2018-02-28 07:00:46,0.01999000,2.28000000
2018-02-28 07:00:46,0.01998800,0.27000000
2018-02-28 07:00:46,0.01998600,0.25000000
2018-02-28 07:00:48,0.02002000,0.08000000
2018-02-28 07:00:53,0.01999900,3.93000000
2018-02-28 07:00:54,0.01999900,0.11000000
2018-02-28 07:00:58,0.02000000,0.11000000
2018-02-28 07:00:58,0.02000000,2.20000000
2018-02-28 07:01:00,0.01999900,0.19000000
2018-02-28 07:01:00,0.01998900,0.59000000
2018-02-28 07:01:08,0.01998900,3.57000000
2018-02-28 07:01:09,0.01998900,2.58000000
2018-02-28 07:01:23,0.02002100,8.71000000
2018-02-28 07:01:23,0.02002200,0.11000000
2018-02-28 07:01:24,0.01999500,0.10000000
2018-02-28 07:01:25,0.01999500,0.10000000
2018-02-28 07:01:25,0.02002200,2.70000000
2018-02-28 07:01:25,0.02002300,17.95000000
2018-02-28 07:01:25,0.02003200,2.00000000
2018-02-28 07:01:25,0.02003800,4.99000000
2018-02-28 07:01:25,0.02004100,0.46000000
2018-02-28 07:01:25,0.02004500,0.10000000
2018-02-28 07:01:25,0.02004700,3.12000000
2018-02-28 07:01:25,0.02004700,3.66000000
2018-02-28 07:01:26,0.02004700,20.03000000
2018-02-28 07:01:26,0.01999700,0.10000000
2018-02-28 07:01:27,0.02000000,1.27000000
2018-02-28 07:01:27,0.02000000,0.10000000
2018-02-28 07:01:28,0.02000300,0.20000000
2018-02-28 07:01:28,0.02000600,0.10000000
2018-02-28 07:01:30,0.01999000,0.10000000
2018-02-28 07:01:30,0.02000300,0.49000000
2018-02-28 07:01:31,0.01999100,0.10000000
2018-02-28 07:01:32,0.01999200,0.10000000
2018-02-28 07:01:33,0.01999300,0.10000000
2018-02-28 07:01:34,0.01999000,0.10000000
2018-02-28 07:01:35,0.01999100,0.10000000
2018-02-28 07:01:37,0.01998700,0.10000000
2018-02-28 07:01:38,0.01998800,0.10000000
2018-02-28 07:01:39,0.01998600,0.10000000
2018-02-28 07:01:40,0.01998700,0.10000000
2018-02-28 07:01:41,0.01998800,0.10000000
2018-02-28 07:01:43,0.01998800,0.10000000
2018-02-28 07:01:45,0.01999800,0.11000000
2018-02-28 07:01:52,0.01999400,0.11000000
2018-02-28 07:01:52,0.01999200,0.89000000
2018-02-28 07:01:53,0.01999200,0.29000000
2018-02-28 07:01:55,0.01999200,0.47000000
2018-02-28 07:02:10,0.01998800,5.00000000
2018-02-28 07:02:10,0.01998600,17.92000000
2018-02-28 07:02:13,0.01998600,1.75000000
2018-02-28 07:02:20,0.01998600,1.06000000
2018-02-28 07:02:23,0.01998600,4.74000000
2018-02-28 07:02:24,0.01998600,0.11000000
2018-02-28 07:02:24,0.01998600,2.95000000
2018-02-28 07:02:28,0.01998000,0.24000000
2018-02-28 07:02:29,0.01998400,0.11000000
2018-02-28 07:02:32,0.01998400,1.63000000
2018-02-28 07:02:33,0.01998400,0.01000000
2018-02-28 07:02:33,0.01998600,0.97000000
2018-02-28 07:02:33,0.01998600,2.68000000
2018-02-28 07:02:35,0.01998200,0.10000000
2018-02-28 07:02:35,0.01998000,0.93000000
2018-02-28 07:02:37,0.01999400,0.08000000
2018-02-28 07:02:49,0.01998000,5.09000000
2018-02-28 07:02:49,0.01997600,0.46000000
2018-02-28 07:02:49,0.01995100,0.79000000
2018-02-28 07:02:51,0.01999100,0.60000000
2018-02-28 07:02:51,0.01999000,0.79000000
2018-02-28 07:02:53,0.01999400,0.11000000
2018-02-28 07:02:53,0.01999400,0.14000000
2018-02-28 07:02:57,0.01999400,0.01000000
2018-02-28 07:02:57,0.01999700,0.20000000
2018-02-28 07:02:57,0.01999800,0.15000000
2018-02-28 07:02:57,0.02000000,0.55000000
2018-02-28 07:02:58,0.02000000,0.10000000
2018-02-28 07:02:59,0.02000000,5.45000000
2018-02-28 07:02:59,0.01999200,0.60000000
2018-02-28 07:03:02,0.01999200,2.18000000
2018-02-28 07:03:03,0.01998800,5.00000000
2018-02-28 07:03:03,0.01998600,2.42000000
2018-02-28 07:03:07,0.01998600,1.31000000
2018-02-28 07:03:08,0.01998600,0.20000000
2018-02-28 07:03:09,0.01998600,0.07000000
2018-02-28 07:03:09,0.01998300,0.13000000
2018-02-28 07:03:15,0.01998300,1.21000000
2018-02-28 07:03:29,0.01999000,0.20000000
2018-02-28 07:03:32,0.01999000,0.20000000
2018-02-28 07:03:36,0.01999000,0.60000000
2018-02-28 07:03:36,0.01998400,0.86000000
2018-02-28 07:03:36,0.01998300,0.91000000
2018-02-28 07:03:37,0.01998300,0.56000000
2018-02-28 07:03:37,0.01998300,1.47000000
2018-02-28 07:03:37,0.01998200,0.10000000
2018-02-28 07:03:38,0.01999200,0.01000000
2018-02-28 07:03:38,0.02000000,0.16000000
2018-02-28 07:03:38,0.02003500,1.30000000
2018-02-28 07:03:42,0.01999200,1.00000000
2018-02-28 07:03:45,0.02002900,0.11000000
2018-02-28 07:03:45,0.01999500,1.00000000
2018-02-28 07:03:58,0.01998800,0.46000000
2018-02-28 07:03:58,0.02001900,0.89000000
2018-02-28 07:03:58,0.02001800,0.46000000
2018-02-28 07:03:59,0.01998900,0.89000000
2018-02-28 07:04:02,0.01999100,4.60000000
2018-02-28 07:04:02,0.01999000,2.31000000
2018-02-28 07:04:02,0.01999000,4.45000000
2018-02-28 07:04:02,0.01999000,0.11000000
2018-02-28 07:04:02,0.01999000,0.49000000
2018-02-28 07:04:02,0.01999000,0.09000000
2018-02-28 07:04:02,0.01999000,0.09000000
2018-02-28 07:04:02,0.01999000,0.08000000
2018-02-28 07:04:02,0.01999000,0.09000000
2018-02-28 07:04:02,0.01999000,0.11000000
2018-02-28 07:04:02,0.01999000,0.14000000
2018-02-28 07:04:03,0.01998900,0.49000000
2018-02-28 07:04:03,0.01998900,0.53000000
2018-02-28 07:04:03,0.01998900,0.53000000
2018-02-28 07:04:03,0.01998800,0.49000000
2018-02-28 07:04:04,0.01998900,0.14000000
2018-02-28 07:04:04,0.01998900,0.06000000
2018-02-28 07:04:04,0.01998900,0.13000000
2018-02-28 07:04:04,0.01998900,0.39000000
2018-02-28 07:04:05,0.01998900,0.04000000
2018-02-28 07:04:05,0.01999000,0.39000000
2018-02-28 07:04:05,0.01999000,0.11000000
2018-02-28 07:04:06,0.01999000,7.77000000
2018-02-28 07:04:10,0.01999000,1.00000000
2018-02-28 07:04:10,0.01999000,0.19000000
2018-02-28 07:04:10,0.01999000,0.49000000
2018-02-28 07:04:10,0.01999000,4.64000000
2018-02-28 07:04:10,0.01999000,0.22000000
2018-02-28 07:04:10,0.01999000,0.49000000
2018-02-28 07:04:10,0.01999000,4.86000000
2018-02-28 07:04:10,0.01999000,0.23000000
2018-02-28 07:04:10,0.01999000,3.97000000
2018-02-28 07:04:10,0.01999000,0.30000000
2018-02-28 07:04:10,0.01998800,0.19000000
2018-02-28 07:04:11,0.02000700,0.49000000
2018-02-28 07:04:11,0.02000800,0.40000000
2018-02-28 07:04:12,0.02000700,4.16000000
2018-02-28 07:04:12,0.02000800,0.49000000
2018-02-28 07:04:13,0.02002200,1.00000000
2018-02-28 07:04:13,0.02002600,2.81000000
2018-02-28 07:04:14,0.02002500,0.70000000
2018-02-28 07:04:15,0.02002500,0.29000000
2018-02-28 07:04:19,0.02002500,11.77000000
2018-02-28 07:04:19,0.02002500,1.10000000
2018-02-28 07:04:20,0.02002600,0.56000000
2018-02-28 07:04:20,0.02002400,3.47000000
2018-02-28 07:04:20,0.02002400,0.62000000
2018-02-28 07:04:20,0.02002800,1.21000000
2018-02-28 07:04:20,0.02002500,0.61000000
2018-02-28 07:04:21,0.02002600,1.00000000
2018-02-28 07:04:26,0.02002500,0.99000000
2018-02-28 07:04:34,0.02002500,2.23000000
2018-02-28 07:04:34,0.02002400,1.63000000
2018-02-28 07:04:37,0.02002800,0.01000000
2018-02-28 07:04:37,0.02004600,4.09000000
2018-02-28 07:04:37,0.02004700,1.78000000
2018-02-28 07:04:37,0.02004800,9.72000000
2018-02-28 07:04:37,0.02004800,0.49000000
2018-02-28 07:04:37,0.02004800,38.03000000
2018-02-28 07:04:37,0.02006000,1.54000000
2018-02-28 07:04:37,0.02006100,0.53000000
2018-02-28 07:04:37,0.02006200,4.13000000
2018-02-28 07:04:37,0.02006300,3.97000000
2018-02-28 07:04:37,0.02006300,0.08000000
2018-02-28 07:04:37,0.02004800,1.50000000
2018-02-28 07:04:38,0.02004800,3.63000000
2018-02-28 07:04:38,0.02004500,0.46000000
2018-02-28 07:04:38,0.02006500,0.08000000
2018-02-28 07:04:38,0.02006700,0.33000000
2018-02-28 07:04:38,0.02007000,0.37000000
2018-02-28 07:04:38,0.02007000,11.77000000
2018-02-28 07:04:38,0.02007000,10.88000000
2018-02-28 07:04:39,0.02007200,0.46000000
2018-02-28 07:04:39,0.02008400,0.59000000
2018-02-28 07:04:39,0.02004500,0.10000000
2018-02-28 07:04:42,0.02007000,0.07000000
2018-02-28 07:04:42,0.02004500,0.36000000
2018-02-28 07:04:43,0.02004000,0.14000000
2018-02-28 07:04:44,0.02004000,0.11000000
2018-02-28 07:04:44,0.02004000,5.29000000
2018-02-28 07:04:46,0.02004000,3.10000000
2018-02-28 07:04:47,0.02007000,0.51000000
2018-02-28 07:04:50,0.02006900,0.70000000
2018-02-28 07:04:57,0.02003400,0.20000000
2018-02-28 07:04:59,0.02003200,0.20000000
2018-02-28 07:04:59,0.02006900,0.70000000
2018-02-28 07:05:01,0.02003200,0.47000000
2018-02-28 07:05:03,0.02006900,1.02000000
2018-02-28 07:05:03,0.02006900,0.86000000
2018-02-28 07:05:03,0.02006900,0.50000000
2018-02-28 07:05:03,0.02006900,0.14000000
2018-02-28 07:05:03,0.02006900,0.35000000
2018-02-28 07:05:03,0.02006900,0.27000000
2018-02-28 07:05:04,0.02006900,0.52000000
2018-02-28 07:05:04,0.02006900,0.67000000
2018-02-28 07:05:05,0.02007000,0.11000000
2018-02-28 07:05:06,0.02006900,2.50000000
2018-02-28 07:05:06,0.02006900,0.20000000
2018-02-28 07:05:07,0.02006900,10.92000000
2018-02-28 07:05:07,0.02006900,30.19000000
2018-02-28 07:05:07,0.02006900,4.18000000
2018-02-28 07:05:07,0.02007000,5.91000000
2018-02-28 07:05:07,0.02007000,2.62000000
2018-02-28 07:05:07,0.02007000,0.47000000
2018-02-28 07:05:07,0.02008500,2.99000000
2018-02-28 07:05:08,0.02007000,0.23000000
2018-02-28 07:05:08,0.02007000,0.24000000
2018-02-28 07:05:09,0.02009000,1.00000000
2018-02-28 07:05:11,0.02006900,0.16000000
2018-02-28 07:05:11,0.02009900,0.54000000
2018-02-28 07:05:11,0.02004300,1.36000000
2018-02-28 07:05:12,0.02007000,6.20000000
2018-02-28 07:05:13,0.02004500,0.10000000
2018-02-28 07:05:18,0.02008800,1.37000000
2018-02-28 07:05:18,0.02009000,3.58000000
2018-02-28 07:05:19,0.02005100,2.56000000
2018-02-28 07:05:19,0.02005200,0.20000000
2018-02-28 07:05:20,0.02007000,0.81000000
2018-02-28 07:05:20,0.02007100,0.81000000
2018-02-28 07:05:20,0.02008800,0.34000000
2018-02-28 07:05:20,0.02008500,0.40000000
2018-02-28 07:05:21,0.02008200,0.70000000
2018-02-28 07:05:21,0.02005000,0.20000000
2018-02-28 07:05:21,0.02008200,0.59000000
2018-02-28 07:05:22,0.02008200,0.53000000
2018-02-28 07:05:23,0.02008100,0.20000000
2018-02-28 07:05:23,0.02009000,0.20000000
2018-02-28 07:05:23,0.02005700,0.20000000
2018-02-28 07:05:25,0.02009000,6.21000000
2018-02-28 07:05:26,0.02005700,0.04000000
2018-02-28 07:05:26,0.02005700,0.16000000
2018-02-28 07:05:26,0.02009000,0.01000000
2018-02-28 07:05:26,0.02009900,0.17000000
2018-02-28 07:05:27,0.02006500,0.24000000
2018-02-28 07:05:27,0.02005900,0.48000000
2018-02-28 07:05:28,0.02006000,0.20000000
2018-02-28 07:05:29,0.02009300,0.47000000
2018-02-28 07:05:30,0.02009200,0.20000000
2018-02-28 07:05:31,0.02009500,0.49000000
2018-02-28 07:05:31,0.02009500,4.66000000
2018-02-28 07:05:31,0.02009500,44.85000000
2018-02-28 07:05:31,0.02009600,2.84000000
2018-02-28 07:05:31,0.02009800,0.44000000
2018-02-28 07:05:31,0.02010000,4.06000000
2018-02-28 07:05:31,0.02010500,0.10000000
2018-02-28 07:05:31,0.02010600,0.07000000
2018-02-28 07:05:31,0.02011000,0.35000000
2018-02-28 07:05:31,0.02011000,0.41000000
2018-02-28 07:05:31,0.02011300,1.68000000
2018-02-28 07:05:31,0.02011500,0.40000000
2018-02-28 07:05:31,0.02011000,5.11000000
2018-02-28 07:05:31,0.02011000,0.41000000
2018-02-28 07:05:31,0.02011400,0.16000000
2018-02-28 07:05:31,0.02011400,1.52000000
2018-02-28 07:05:31,0.02011000,48.48000000
2018-02-28 07:05:31,0.02011000,1.49000000
2018-02-28 07:05:32,0.02011000,0.49000000
2018-02-28 07:05:32,0.02011000,6.54000000
2018-02-28 07:05:32,0.02009500,6.66000000
2018-02-28 07:05:32,0.02009400,0.49000000
2018-02-28 07:05:32,0.02009400,0.49000000
2018-02-28 07:05:32,0.02009400,0.70000000
2018-02-28 07:05:32,0.02009400,35.12000000
2018-02-28 07:05:32,0.02006100,0.10000000
2018-02-28 07:05:32,0.02006100,1.59000000
2018-02-28 07:05:32,0.02006100,2.49000000
2018-02-28 07:05:32,0.02006100,0.80000000
2018-02-28 07:05:32,0.02005900,2.32000000
2018-02-28 07:05:32,0.02005800,2.03000000
2018-02-28 07:05:34,0.02005900,1.63000000
2018-02-28 07:05:34,0.02005800,2.58000000
2018-02-28 07:05:34,0.02005700,0.16000000
2018-02-28 07:05:34,0.02005100,4.15000000
2018-02-28 07:05:39,0.02008800,2.33000000
2018-02-28 07:05:39,0.02008500,2.47000000
2018-02-28 07:05:39,0.02005600,1.23000000
2018-02-28 07:05:40,0.02005600,0.07000000
2018-02-28 07:05:40,0.02008200,0.19000000
2018-02-28 07:05:41,0.02008200,1.00000000
2018-02-28 07:05:41,0.02008100,4.15000000
2018-02-28 07:05:42,0.02008300,2.31000000
2018-02-28 07:05:45,0.02008200,0.63000000
2018-02-28 07:05:45,0.02008300,0.01000000
2018-02-28 07:05:45,0.02010900,18.36000000
2018-02-28 07:05:46,0.02010700,0.05000000
2018-02-28 07:05:48,0.02007100,0.71000000
2018-02-28 07:05:48,0.02007300,0.10000000
2018-02-28 07:05:51,0.02007300,0.07000000
2018-02-28 07:05:52,0.02007300,2.25000000
2018-02-28 07:05:56,0.02009800,1.07000000
2018-02-28 07:05:58,0.02009800,1.25000000
2018-02-28 07:05:58,0.02009900,3.22000000
2018-02-28 07:05:58,0.02009900,0.89000000
2018-02-28 07:05:58,0.02011100,0.30000000
2018-02-28 07:05:58,0.02011500,0.69000000
2018-02-28 07:05:58,0.02011600,0.08000000
2018-02-28 07:05:58,0.02011900,1.00000000
2018-02-28 07:05:58,0.02012100,2.13000000
2018-02-28 07:05:58,0.02012600,0.10000000
2018-02-28 07:05:58,0.02012800,1.43000000
2018-02-28 07:05:58,0.02007800,1.05000000
2018-02-28 07:05:58,0.02007700,4.98000000
2018-02-28 07:05:58,0.02007500,0.99000000
2018-02-28 07:05:58,0.02007100,0.25000000
2018-02-28 07:05:58,0.02005700,1.99000000
2018-02-28 07:05:58,0.02005100,3.29000000
2018-02-28 07:05:59,0.02012700,0.95000000
2018-02-28 07:05:59,0.02012800,0.23000000
2018-02-28 07:05:59,0.02013400,3.95000000
2018-02-28 07:05:59,0.02013800,0.46000000
2018-02-28 07:05:59,0.02014000,0.19000000
2018-02-28 07:05:59,0.02005300,0.99000000
2018-02-28 07:06:00,0.02007900,0.95000000
2018-02-28 07:06:00,0.02007800,0.54000000
2018-02-28 07:06:00,0.02007800,1.79000000
2018-02-28 07:06:01,0.02007900,0.63000000
2018-02-28 07:06:02,0.02009500,0.98000000
2018-02-28 07:06:02,0.02009300,3.80000000
2018-02-28 07:06:02,0.02008400,0.12000000
2018-02-28 07:06:03,0.02007300,2.31000000
2018-02-28 07:06:03,0.02007300,0.86000000
2018-02-28 07:06:03,0.02009000,1.18000000
2018-02-28 07:06:03,0.02009200,1.00000000
2018-02-28 07:06:03,0.02009500,2.29000000
2018-02-28 07:06:03,0.02009500,0.07000000
2018-02-28 07:06:03,0.02009500,0.80000000
2018-02-28 07:06:03,0.02009100,2.33000000
2018-02-28 07:06:04,0.02012400,1.00000000
2018-02-28 07:06:04,0.02012500,0.63000000
2018-02-28 07:06:04,0.02013400,1.99000000
2018-02-28 07:06:04,0.02014000,12.38000000
2018-02-28 07:06:04,0.02014000,10.27000000
2018-02-28 07:06:05,0.02008000,1.49000000
2018-02-28 07:06:05,0.02014000,0.45000000
2018-02-28 07:06:05,0.02012400,0.44000000
2018-02-28 07:06:05,0.02014000,1.70000000
2018-02-28 07:06:05,0.02014700,0.18000000
2018-02-28 07:06:05,0.02015500,0.10000000
2018-02-28 07:06:05,0.02015700,1.00000000
2018-02-28 07:06:05,0.02015800,0.14000000
2018-02-28 07:06:05,0.02016900,1.50000000
2018-02-28 07:06:05,0.02017000,0.28000000
2018-02-28 07:06:06,0.02008600,4.96000000
2018-02-28 07:06:06,0.02009800,1.99000000
2018-02-28 07:06:06,0.02008600,1.49000000
2018-02-28 07:06:07,0.02009200,0.09000000
2018-02-28 07:06:07,0.02009200,1.49000000
2018-02-28 07:06:08,0.02009800,1.49000000
2018-02-28 07:06:09,0.02010500,1.11000000
2018-02-28 07:06:10,0.02010600,2.00000000
2018-02-28 07:06:10,0.02010500,2.00000000
2018-02-28 07:06:10,0.02010300,2.19000000
2018-02-28 07:06:10,0.02009900,1.28000000
2018-02-28 07:06:10,0.02016700,0.36000000
2018-02-28 07:06:10,0.02010800,2.36000000
2018-02-28 07:06:10,0.02009400,4.19000000
2018-02-28 07:06:10,0.02008600,4.04000000
2018-02-28 07:06:11,0.02009900,0.63000000
2018-02-28 07:06:11,0.02009900,0.41000000
2018-02-28 07:06:11,0.02009900,0.01000000
2018-02-28 07:06:13,0.02009600,2.31000000
2018-02-28 07:06:14,0.02009600,0.13000000
2018-02-28 07:06:14,0.02008700,1.00000000
2018-02-28 07:06:14,0.02009600,0.13000000
2018-02-28 07:06:14,0.02009600,0.13000000
2018-02-28 07:06:14,0.02009600,0.13000000
2018-02-28 07:06:14,0.02009600,0.13000000
2018-02-28 07:06:14,0.02009600,0.13000000
2018-02-28 07:06:14,0.02009300,1.86000000
2018-02-28 07:06:14,0.02009300,3.59000000
2018-02-28 07:06:14,0.02009500,1.28000000
2018-02-28 07:06:14,0.02009800,4.11000000
2018-02-28 07:06:15,0.02010000,3.02000000
2018-02-28 07:06:16,0.02010600,2.33000000
2018-02-28 07:06:17,0.02010300,0.23000000
2018-02-28 07:06:17,0.02010300,0.36000000
2018-02-28 07:06:17,0.02010300,0.49000000
2018-02-28 07:06:17,0.02010300,0.36000000
2018-02-28 07:06:17,0.02010300,2.99000000
2018-02-28 07:06:17,0.02010300,0.49000000
2018-02-28 07:06:17,0.02010300,0.05000000
2018-02-28 07:06:17,0.02010200,2.33000000
2018-02-28 07:06:18,0.02014200,1.40000000
2018-02-28 07:06:18,0.02014100,7.45000000
2018-02-28 07:06:18,0.02014200,3.42000000
2018-02-28 07:06:18,0.02014300,0.48000000
2018-02-28 07:06:19,0.02008700,4.97000000
2018-02-28 07:06:19,0.02008600,0.63000000
2018-02-28 07:06:19,0.02008500,1.37000000
2018-02-28 07:06:20,0.02008800,0.13000000
2018-02-28 07:06:23,0.02009200,0.50000000
2018-02-28 07:06:23,0.02009100,0.16000000
2018-02-28 07:06:23,0.02008900,0.57000000
2018-02-28 07:06:23,0.02009000,0.42000000
2018-02-28 07:06:24,0.02008900,1.00000000
2018-02-28 07:06:24,0.02007100,1.00000000
2018-02-28 07:06:24,0.02006800,0.76000000
2018-02-28 07:06:24,0.02008700,0.48000000
2018-02-28 07:06:24,0.02008700,0.93000000
2018-02-28 07:06:24,0.02008700,0.92000000
2018-02-28 07:06:24,0.02008700,2.22000000
2018-02-28 07:06:24,0.02008900,0.57000000
2018-02-28 07:06:24,0.02009100,0.16000000
2018-02-28 07:06:24,0.02013300,1.13000000
2018-02-28 07:06:24,0.02013900,0.36000000
2018-02-28 07:06:26,0.02012600,0.48000000
2018-02-28 07:06:26,0.02013000,1.50000000
2018-02-28 07:06:26,0.02013700,1.31000000
2018-02-28 07:06:26,0.02012600,0.10000000
2018-02-28 07:06:27,0.02012600,0.10000000
2018-02-28 07:06:27,0.02012600,4.53000000
2018-02-28 07:06:27,0.02009500,0.10000000
2018-02-28 07:06:28,0.02013800,1.32000000
2018-02-28 07:06:28,0.02013900,3.68000000
2018-02-28 07:06:28,0.02014300,0.25000000
2018-02-28 07:06:28,0.02014300,1.46000000
2018-02-28 07:06:28,0.02015200,4.09000000
2018-02-28 07:06:28,0.02017000,0.72000000
2018-02-28 07:06:28,0.02017900,0.90000000
2018-02-28 07:06:28,0.02019000,2.63000000
2018-02-28 07:06:28,0.02019000,0.01000000
2018-02-28 07:06:30,0.02010700,4.97000000
2018-02-28 07:06:30,0.02010500,4.96000000
2018-02-28 07:06:31,0.02010600,0.10000000
2018-02-28 07:06:32,0.02018800,1.50000000
2018-02-28 07:06:32,0.02018800,2.55000000
2018-02-28 07:06:33,0.02010900,1.88000000
2018-02-28 07:06:33,0.02010800,4.40000000
2018-02-28 07:06:33,0.02010700,0.75000000
2018-02-28 07:06:35,0.02010700,1.88000000
2018-02-28 07:06:35,0.02014300,0.08000000
2018-02-28 07:06:35,0.02014300,0.14000000
2018-02-28 07:06:35,0.02014300,0.66000000
2018-02-28 07:06:35,0.02014300,0.07000000
2018-02-28 07:06:35,0.02014300,2.04000000
2018-02-28 07:06:35,0.02014300,0.01000000
2018-02-28 07:06:35,0.02010400,0.08000000
2018-02-28 07:06:36,0.02010400,1.00000000
2018-02-28 07:06:36,0.02010500,0.91000000
2018-02-28 07:06:36,0.02010700,0.20000000
2018-02-28 07:06:36,0.02010400,0.10000000
2018-02-28 07:06:36,0.02010600,4.96000000
2018-02-28 07:06:36,0.02010400,12.40000000
2018-02-28 07:06:39,0.02016600,1.00000000
2018-02-28 07:06:39,0.02016700,1.33000000
2018-02-28 07:06:39,0.02010400,1.00000000
2018-02-28 07:06:41,0.02015800,0.10000000
2018-02-28 07:06:41,0.02010500,1.00000000
2018-02-28 07:06:41,0.02010400,1.04000000
2018-02-28 07:06:43,0.02014600,3.53000000
2018-02-28 07:06:43,0.02014800,14.06000000
2018-02-28 07:06:44,0.02010600,1.08000000
2018-02-28 07:06:45,0.02011100,9.08000000
2018-02-28 07:06:46,0.02011100,0.10000000
2018-02-28 07:06:46,0.02011100,0.08000000
2018-02-28 07:06:47,0.02013700,1.08000000
2018-02-28 07:06:47,0.02011200,0.10000000
2018-02-28 07:06:48,0.02011200,4.08000000
2018-02-28 07:06:48,0.02011100,19.12000000
2018-02-28 07:06:48,0.02011100,4.08000000
2018-02-28 07:06:48,0.02013700,1.00000000
2018-02-28 07:06:48,0.02010400,0.10000000
2018-02-28 07:06:50,0.02010800,0.24000000
2018-02-28 07:06:52,0.02010700,0.58000000
2018-02-28 07:06:52,0.02010400,1.30000000
2018-02-28 07:06:52,0.02010400,0.58000000
2018-02-28 07:06:52,0.02010400,1.29000000
2018-02-28 07:06:52,0.02011000,34.71000000
2018-02-28 07:06:52,0.02010300,2.20000000
2018-02-28 07:06:54,0.02013200,7.51000000
2018-02-28 07:06:54,0.02013300,0.63000000
2018-02-28 07:06:57,0.02013300,2.33000000
2018-02-28 07:06:58,0.02013400,1.74000000
2018-02-28 07:06:58,0.02010000,4.17000000
2018-02-28 07:06:58,0.02009900,9.11000000
2018-02-28 07:06:58,0.02009900,6.89000000
2018-02-28 07:06:58,0.02009800,5.20000000
2018-02-28 07:06:58,0.02009800,6.23000000
2018-02-28 07:06:58,0.02009800,2.88000000
2018-02-28 07:07:00,0.02012300,0.81000000
2018-02-28 07:07:00,0.02011000,0.46000000
2018-02-28 07:07:01,0.02011000,0.43000000
2018-02-28 07:07:02,0.02011000,7.60000000
2018-02-28 07:07:02,0.02011000,0.51000000
2018-02-28 07:07:05,0.02009700,0.42000000
2018-02-28 07:07:05,0.02010900,0.08000000
2018-02-28 07:07:07,0.02011000,9.00000000
2018-02-28 07:07:07,0.02009800,0.19000000
2018-02-28 07:07:10,0.02011600,0.58000000
2018-02-28 07:07:24,0.02011600,0.17000000
2018-02-28 07:07:26,0.02011600,3.34000000
2018-02-28 07:07:26,0.02011700,15.19000000
2018-02-28 07:07:26,0.02013800,0.49000000
2018-02-28 07:07:27,0.02011700,1.50000000
2018-02-28 07:07:27,0.02010100,2.32000000
2018-02-28 07:07:27,0.02009900,4.82000000
2018-02-28 07:07:29,0.02013700,0.49000000
2018-02-28 07:07:34,0.02013200,1.00000000
2018-02-28 07:07:34,0.02013300,1.83000000
2018-02-28 07:07:34,0.02013700,0.44000000
2018-02-28 07:07:34,0.02013800,1.20000000
2018-02-28 07:07:39,0.02010500,2.00000000
2018-02-28 07:07:39,0.02010400,2.32000000
2018-02-28 07:07:39,0.02010200,0.59000000
2018-02-28 07:07:39,0.02010200,0.01000000
2018-02-28 07:07:45,0.02014100,4.33000000
2018-02-28 07:07:45,0.02014200,0.29000000
2018-02-28 07:07:45,0.02014300,1.05000000
2018-02-28 07:07:47,0.02010700,2.00000000
2018-02-28 07:07:47,0.02010700,2.31000000
2018-02-28 07:07:48,0.02010300,0.30000000
2018-02-28 07:07:48,0.02010600,1.00000000
2018-02-28 07:07:50,0.02010300,13.86000000
2018-02-28 07:07:50,0.02010200,0.59000000
2018-02-28 07:07:55,0.02010700,1.00000000
2018-02-28 07:07:55,0.02010600,1.39000000
2018-02-28 07:07:55,0.02010500,4.17000000
2018-02-28 07:07:56,0.02010400,3.47000000
2018-02-28 07:08:00,0.02010200,0.87000000
2018-02-28 07:08:00,0.02010000,0.13000000
2018-02-28 07:08:04,0.02010000,0.26000000
2018-02-28 07:08:06,0.02012600,4.47000000
2018-02-28 07:08:06,0.02009300,0.21000000
2018-02-28 07:08:06,0.02009200,0.21000000
2018-02-28 07:08:07,0.02009200,13.67000000
2018-02-28 07:08:07,0.02009200,2.12000000
2018-02-28 07:08:08,0.02009100,1.56000000
2018-02-28 07:08:09,0.02009100,0.05000000
2018-02-28 07:08:10,0.02009100,5.07000000
2018-02-28 07:08:10,0.02009100,0.29000000
2018-02-28 07:08:10,0.02012400,0.70000000
2018-02-28 07:08:10,0.02012500,0.02000000
2018-02-28 07:08:13,0.02008400,3.32000000
2018-02-28 07:08:14,0.02008500,0.11000000
2018-02-28 07:08:14,0.02012200,1.70000000
2018-02-28 07:08:15,0.02008500,0.10000000
2018-02-28 07:08:15,0.02008500,0.89000000
2018-02-28 07:08:16,0.02008400,0.40000000
2018-02-28 07:08:24,0.02011300,2.32000000
2018-02-28 07:08:24,0.02011200,0.96000000
2018-02-28 07:08:24,0.02010300,0.25000000
2018-02-28 07:08:25,0.02007400,2.14000000
2018-02-28 07:08:26,0.02009900,0.34000000
2018-02-28 07:08:28,0.02009900,0.86000000
2018-02-28 07:08:29,0.02009900,0.64000000
2018-02-28 07:08:30,0.02009900,1.48000000
2018-02-28 07:08:30,0.02010000,0.54000000
2018-02-28 07:08:30,0.02010300,0.90000000
2018-02-28 07:08:30,0.02011300,2.23000000
2018-02-28 07:08:30,0.02011200,0.23000000
2018-02-28 07:08:31,0.02011100,0.52000000
2018-02-28 07:08:38,0.02007800,0.80000000
2018-02-28 07:08:41,0.02010800,0.37000000
2018-02-28 07:08:46,0.02007800,0.76000000
2018-02-28 07:08:50,0.02007400,0.50000000
2018-02-28 07:09:02,0.02007800,0.26000000
2018-02-28 07:09:03,0.02010600,1.74000000
2018-02-28 07:09:03,0.02010700,0.24000000
2018-02-28 07:09:03,0.02011100,10.40000000
2018-02-28 07:09:08,0.02008500,0.74000000
2018-02-28 07:09:08,0.02008400,1.91000000
2018-02-28 07:09:10,0.02008400,3.06000000
2018-02-28 07:09:10,0.02006900,1.52000000
2018-02-28 07:09:17,0.02008400,0.10000000
2018-02-28 07:09:17,0.02008400,0.16000000
2018-02-28 07:09:21,0.02007000,1.62000000
2018-02-28 07:09:23,0.02009800,0.11000000
2018-02-28 07:09:29,0.02007100,9.96000000
2018-02-28 07:09:30,0.02009100,0.99000000
2018-02-28 07:09:30,0.02009100,0.11000000
2018-02-28 07:09:33,0.02008800,0.65000000
2018-02-28 07:09:34,0.02008700,0.64000000
2018-02-28 07:09:36,0.02008500,0.23000000
2018-02-28 07:09:43,0.02007400,0.39000000
2018-02-28 07:09:46,0.02010200,0.39000000
2018-02-28 07:09:46,0.02010400,0.62000000
2018-02-28 07:09:46,0.02010500,3.49000000
2018-02-28 07:09:52,0.02007700,0.28000000
2018-02-28 07:09:56,0.02008400,0.05000000
2018-02-28 07:09:56,0.02008400,0.31000000
2018-02-28 07:09:56,0.02009800,0.36000000
2018-02-28 07:09:58,0.02009800,0.38000000
2018-02-28 07:10:00,0.02008500,0.05000000
2018-02-28 07:10:00,0.02007400,0.54000000
2018-02-28 07:10:10,0.02007700,4.17000000
2018-02-28 07:10:12,0.02010200,4.16000000
2018-02-28 07:10:15,0.02010300,31.16000000
2018-02-28 07:10:20,0.02007700,3.00000000
2018-02-28 07:10:23,0.02010300,0.11000000
2018-02-28 07:10:24,0.02010400,0.34000000
2018-02-28 07:10:29,0.02010300,0.64000000
2018-02-28 07:10:33,0.02010200,2.66000000
2018-02-28 07:10:33,0.02010300,4.18000000
2018-02-28 07:10:33,0.02010600,4.30000000
2018-02-28 07:10:33,0.02010800,1.00000000
2018-02-28 07:10:33,0.02011700,1.98000000
2018-02-28 07:10:33,0.02013000,1.50000000
2018-02-28 07:10:33,0.02014900,1.00000000
2018-02-28 07:10:33,0.02017200,0.76000000
2018-02-28 07:10:33,0.02017900,0.60000000
2018-02-28 07:10:33,0.02018900,8.75000000
2018-02-28 07:10:35,0.02010300,4.97000000
2018-02-28 07:10:35,0.02010100,8.41000000
2018-02-28 07:10:39,0.02011100,2.32000000
2018-02-28 07:10:39,0.02011000,16.98000000
2018-02-28 07:10:40,0.02015300,1.50000000
2018-02-28 07:10:46,0.02010900,1.98000000
2018-02-28 07:10:46,0.02010800,0.24000000
2018-02-28 07:10:47,0.02010800,0.10000000
2018-02-28 07:10:47,0.02010800,0.42000000
2018-02-28 07:10:48,0.02010800,0.04000000
2018-02-28 07:10:48,0.02010700,0.06000000
2018-02-28 07:10:49,0.02010700,0.74000000
2018-02-28 07:10:49,0.02010500,12.60000000
2018-02-28 07:10:49,0.02010500,0.74000000
2018-02-28 07:10:49,0.02010500,9.75000000
2018-02-28 07:10:49,0.02010600,3.47000000
2018-02-28 07:10:50,0.02010600,2.11000000
2018-02-28 07:10:51,0.02010600,0.21000000
2018-02-28 07:10:53,0.02010600,2.20000000
2018-02-28 07:10:54,0.02010600,0.13000000
2018-02-28 07:10:55,0.02010700,0.26000000
2018-02-28 07:10:56,0.02010600,0.46000000
2018-02-28 07:10:59,0.02010800,0.11000000
2018-02-28 07:10:59,0.02010800,0.46000000
2018-02-28 07:11:01,0.02010800,0.08000000
2018-02-28 07:11:02,0.02010500,1.67000000
2018-02-28 07:11:03,0.02010500,0.24000000
2018-02-28 07:11:04,0.02010600,0.46000000
2018-02-28 07:11:04,0.02010800,3.58000000
2018-02-28 07:11:04,0.02010500,4.98000000
2018-02-28 07:11:08,0.02010500,4.98000000
2018-02-28 07:11:11,0.02010500,4.65000000
2018-02-28 07:11:11,0.02010500,5.29000000
2018-02-28 07:11:12,0.02010500,9.94000000
2018-02-28 07:11:14,0.02010500,4.98000000
2018-02-28 07:11:17,0.02010600,10.64000000
2018-02-28 07:11:18,0.02010600,4.98000000
2018-02-28 07:11:19,0.02010600,1.80000000
2018-02-28 07:11:19,0.02010600,0.20000000
2018-02-28 07:11:20,0.02010600,1.15000000
2018-02-28 07:11:22,0.02010600,0.01000000
2018-02-28 07:11:22,0.02010500,0.34000000
2018-02-28 07:11:24,0.02010500,0.24000000
2018-02-28 07:11:26,0.02010500,0.20000000
2018-02-28 07:11:27,0.02010600,0.20000000
2018-02-28 07:11:27,0.02010600,1.17000000
2018-02-28 07:11:29,0.02010600,1.76000000
2018-02-28 07:11:31,0.02010600,0.35000000
2018-02-28 07:11:32,0.02010800,0.58000000
2018-02-28 07:11:32,0.02010900,0.69000000
2018-02-28 07:11:33,0.02010800,0.20000000
2018-02-28 07:11:42,0.02010600,2.20000000
2018-02-28 07:11:42,0.02010800,0.78000000
2018-02-28 07:11:45,0.02010800,1.20000000
2018-02-28 07:11:45,0.02010800,2.19000000
2018-02-28 07:11:45,0.02010600,0.49000000
2018-02-28 07:11:47,0.02010600,3.83000000
2018-02-28 07:11:47,0.02010500,1.89000000
2018-02-28 07:11:48,0.02010500,1.39000000
2018-02-28 07:11:48,0.02010500,1.40000000
2018-02-28 07:11:49,0.02010500,4.05000000
2018-02-28 07:11:49,0.02010900,0.01000000
2018-02-28 07:11:49,0.02015700,8.24000000
2018-02-28 07:11:49,0.02010700,4.95000000
2018-02-28 07:11:51,0.02010800,0.11000000
2018-02-28 07:11:53,0.02010900,4.19000000
2018-02-28 07:11:53,0.02010800,3.21000000
2018-02-28 07:11:53,0.02010500,7.96000000
2018-02-28 07:11:53,0.02010400,1.41000000
2018-02-28 07:11:54,0.02010600,0.24000000
2018-02-28 07:11:55,0.02010600,0.57000000
2018-02-28 07:11:56,0.02010400,1.00000000
2018-02-28 07:11:56,0.02010400,2.57000000
2018-02-28 07:11:59,0.02009700,1.30000000
2018-02-28 07:12:02,0.02009200,0.51000000
2018-02-28 07:12:02,0.02009300,0.11000000
2018-02-28 07:12:02,0.02009200,1.09000000
2018-02-28 07:12:03,0.02009100,0.05000000
2018-02-28 07:12:07,0.02008900,1.54000000
2018-02-28 07:12:08,0.02008900,0.57000000
2018-02-28 07:12:10,0.02008900,0.05000000
2018-02-28 07:12:14,0.02010700,0.79000000
2018-02-28 07:12:16,0.02010700,1.00000000
2018-02-28 07:12:17,0.02010700,1.49000000
2018-02-28 07:12:20,0.02010500,0.17000000
2018-02-28 07:12:29,0.02010500,0.78000000
2018-02-28 07:12:29,0.02009000,0.46000000
2018-02-28 07:12:29,0.02007900,0.24000000
2018-02-28 07:12:29,0.02007300,0.02000000
2018-02-28 07:12:31,0.02007400,0.15000000
2018-02-28 07:12:32,0.02010600,0.05000000
2018-02-28 07:12:42,0.02010500,0.37000000
2018-02-28 07:12:43,0.02010500,11.20000000
2018-02-28 07:12:43,0.02010500,0.10000000
2018-02-28 07:12:43,0.02010500,15.71000000
2018-02-28 07:12:49,0.02010700,1.07000000
2018-02-28 07:12:57,0.02010400,1.96000000
2018-02-28 07:12:58,0.02010400,0.35000000
2018-02-28 07:12:58,0.02010500,1.14000000
2018-02-28 07:12:58,0.02010800,0.83000000
2018-02-28 07:12:58,0.02011700,0.34000000
2018-02-28 07:12:58,0.02011800,1.04000000
2018-02-28 07:13:02,0.02010800,1.50000000
2018-02-28 07:13:12,0.02010200,0.97000000
2018-02-28 07:13:12,0.02010200,0.11000000
2018-02-28 07:13:14,0.02010500,0.20000000
2018-02-28 07:13:18,0.02010200,0.11000000
2018-02-28 07:13:19,0.02010700,0.50000000
2018-02-28 07:13:19,0.02010700,0.24000000
2018-02-28 07:13:21,0.02011100,0.59000000
2018-02-28 07:13:21,0.02010900,0.10000000
2018-02-28 07:13:21,0.02010900,0.31000000
2018-02-28 07:13:21,0.02010800,0.43000000
2018-02-28 07:13:23,0.02010200,0.24000000
2018-02-28 07:13:25,0.02010500,0.30000000
2018-02-28 07:13:26,0.02010500,0.01000000
2018-02-28 07:13:26,0.02010200,0.19000000
2018-02-28 07:13:27,0.02010200,0.10000000
2018-02-28 07:13:27,0.02010200,0.30000000
2018-02-28 07:13:28,0.02010200,2.41000000
2018-02-28 07:13:28,0.02010200,0.24000000
2018-02-28 07:13:29,0.02010200,1.15000000
2018-02-28 07:13:31,0.02007400,0.10000000
2018-02-28 07:13:36,0.02010000,1.74000000
2018-02-28 07:13:36,0.02007300,0.97000000
2018-02-28 07:13:37,0.02009700,0.74000000
2018-02-28 07:13:38,0.02009600,0.10000000
2018-02-28 07:13:39,0.02007400,0.17000000
2018-02-28 07:13:40,0.02010200,0.80000000
2018-02-28 07:13:40,0.02010300,0.43000000
2018-02-28 07:13:47,0.02010600,2.33000000
2018-02-28 07:13:47,0.02010600,2.00000000
2018-02-28 07:13:47,0.02010600,1.75000000
2018-02-28 07:13:47,0.02010600,1.55000000
2018-02-28 07:13:47,0.02010600,1.38000000
2018-02-28 07:13:47,0.02010600,0.77000000
2018-02-28 07:13:48,0.02007600,0.06000000
2018-02-28 07:13:49,0.02007700,0.24000000
2018-02-28 07:13:50,0.02007900,0.11000000
2018-02-28 07:13:51,0.02007600,4.95000000
2018-02-28 07:13:52,0.02007800,1.00000000
2018-02-28 07:13:55,0.02010000,5.01000000
2018-02-28 07:14:00,0.02007300,0.01000000
2018-02-28 07:14:00,0.02006400,1.82000000
2018-02-28 07:14:00,0.02006300,2.20000000
2018-02-28 07:14:00,0.02005200,16.43000000
2018-02-28 07:14:00,0.02005100,1.52000000
2018-02-28 07:14:02,0.02006000,0.98000000
2018-02-28 07:14:03,0.02009700,0.01000000
2018-02-28 07:14:03,0.02009700,0.08000000
2018-02-28 07:14:04,0.02005800,0.08000000
2018-02-28 07:14:06,0.02005900,1.95000000
2018-02-28 07:14:12,0.02008500,0.99000000
2018-02-28 07:14:12,0.02008600,2.30000000
2018-02-28 07:14:12,0.02009000,2.10000000
2018-02-28 07:14:12,0.02009500,3.50000000
2018-02-28 07:14:12,0.02010300,2.01000000
2018-02-28 07:14:14,0.02005300,0.16000000
2018-02-28 07:14:14,0.02005100,0.83000000
2018-02-28 07:14:17,0.02007300,2.60000000
2018-02-28 07:14:19,0.02005100,0.07000000
2018-02-28 07:14:21,0.02007200,0.49000000
2018-02-28 07:14:21,0.02007300,3.54000000
2018-02-28 07:14:25,0.02007300,9.86000000
2018-02-28 07:14:25,0.02007400,1.36000000
2018-02-28 07:14:31,0.02010300,0.05000000
2018-02-28 07:14:34,0.02010000,0.42000000
2018-02-28 07:14:35,0.02006500,0.16000000
2018-02-28 07:14:36,0.02006600,2.31000000
2018-02-28 07:14:36,0.02006500,0.80000000
2018-02-28 07:14:47,0.02007000,1.26000000
2018-02-28 07:14:51,0.02007000,22.05000000
2018-02-28 07:14:51,0.02006500,4.52000000
2018-02-28 07:14:51,0.02006300,0.44000000
2018-02-28 07:15:04,0.02007000,0.40000000
2018-02-28 07:15:04,0.02006900,0.52000000
2018-02-28 07:15:04,0.02006900,1.79000000
2018-02-28 07:15:10,0.02006700,0.07000000
2018-02-28 07:15:12,0.02005600,2.95000000
2018-02-28 07:15:13,0.02005600,2.02000000
2018-02-28 07:15:18,0.02005600,0.01000000
2018-02-28 07:15:18,0.02005100,0.30000000
2018-02-28 07:15:37,0.02006000,0.23000000
2018-02-28 07:15:39,0.02006900,0.47000000
2018-02-28 07:15:39,0.02007000,0.01000000
2018-02-28 07:15:39,0.02007400,0.01000000
2018-02-28 07:15:40,0.02007400,0.96000000
2018-02-28 07:15:40,0.02010000,3.05000000
2018-02-28 07:15:54,0.02008700,0.49000000
2018-02-28 07:15:58,0.02006300,1.58000000
2018-02-28 07:15:58,0.02008700,0.69000000
2018-02-28 07:16:11,0.02008100,0.12000000
2018-02-28 07:16:25,0.02005200,11.06000000
2018-02-28 07:16:25,0.02005100,0.10000000
2018-02-28 07:16:27,0.02004600,3.15000000
2018-02-28 07:16:27,0.02004700,0.41000000
2018-02-28 07:16:28,0.02004700,2.36000000
2018-02-28 07:16:29,0.02002400,0.15000000
2018-02-28 07:16:32,0.02004700,0.49000000
2018-02-28 07:16:33,0.02004700,0.30000000
2018-02-28 07:16:33,0.02004900,0.19000000
2018-02-28 07:16:33,0.02004900,0.25000000
2018-02-28 07:16:52,0.02005100,4.17000000
2018-02-28 07:16:52,0.02005200,14.18000000
2018-02-28 07:16:53,0.02002600,1.44000000
2018-02-28 07:16:53,0.02002600,0.50000000
2018-02-28 07:16:54,0.02005200,3.13000000
2018-02-28 07:16:54,0.02005200,2.60000000
2018-02-28 07:16:54,0.02005200,2.12000000
2018-02-28 07:16:54,0.02005200,1.71000000
2018-02-28 07:16:54,0.02005200,1.36000000
2018-02-28 07:16:54,0.02005200,1.08000000
2018-02-28 07:16:55,0.02005200,6.12000000
2018-02-28 07:16:56,0.02005200,5.64000000
2018-02-28 07:17:04,0.02003000,2.58000000
2018-02-28 07:17:10,0.02004900,0.07000000
2018-02-28 07:17:17,0.02004900,0.23000000
2018-02-28 07:17:17,0.02003200,0.44000000
2018-02-28 07:17:17,0.02003000,1.59000000
2018-02-28 07:17:17,0.02003000,0.74000000
2018-02-28 07:17:24,0.02004900,1.30000000
2018-02-28 07:17:24,0.02005800,0.20000000
2018-02-28 07:17:26,0.02005800,0.08000000
2018-02-28 07:17:26,0.02005800,0.98000000
2018-02-28 07:17:27,0.02005800,0.08000000
2018-02-28 07:17:28,0.02005800,1.80000000
2018-02-28 07:17:29,0.02005800,0.50000000
2018-02-28 07:17:29,0.02005800,1.49000000
2018-02-28 07:17:31,0.02005800,2.67000000
2018-02-28 07:17:32,0.02005800,0.49000000
2018-02-28 07:17:33,0.02005100,2.39000000
2018-02-28 07:17:34,0.02005100,0.64000000
2018-02-28 07:17:34,0.02005100,1.95000000
2018-02-28 07:17:34,0.02004900,0.21000000
2018-02-28 07:17:34,0.02004900,2.00000000
2018-02-28 07:17:34,0.02004900,0.93000000
2018-02-28 07:17:35,0.02004900,0.45000000
2018-02-28 07:17:39,0.02004900,1.00000000
2018-02-28 07:17:43,0.02005100,0.20000000
2018-02-28 07:17:47,0.02004900,5.55000000
2018-02-28 07:17:56,0.02004900,5.45000000
2018-02-28 07:17:59,0.02004900,0.16000000
2018-02-28 07:18:03,0.02005100,0.06000000
2018-02-28 07:18:07,0.02005100,1.10000000
2018-02-28 07:18:10,0.02005800,0.50000000
2018-02-28 07:18:11,0.02005800,4.04000000
2018-02-28 07:18:14,0.02005900,0.07000000
2018-02-28 07:18:16,0.02006000,0.08000000
2018-02-28 07:18:19,0.02005500,0.50000000
2018-02-28 07:18:21,0.02009700,0.58000000
2018-02-28 07:18:21,0.02009900,2.29000000
2018-02-28 07:18:22,0.02005900,0.25000000
2018-02-28 07:18:24,0.02006200,0.29000000
2018-02-28 07:18:25,0.02009900,2.50000000
2018-02-28 07:18:29,0.02006000,3.39000000
2018-02-28 07:18:29,0.02005900,4.18000000
2018-02-28 07:18:29,0.02004900,1.03000000
2018-02-28 07:18:29,0.02003500,4.50000000
2018-02-28 07:18:44,0.02004100,0.71000000
2018-02-28 07:18:44,0.02005000,2.80000000
2018-02-28 07:18:51,0.02004600,1.00000000
2018-02-28 07:18:51,0.02004700,2.31000000
2018-02-28 07:19:01,0.02004600,0.08000000
2018-02-28 07:19:02,0.02004600,0.17000000
2018-02-28 07:19:03,0.02004700,0.01000000
2018-02-28 07:19:03,0.02005000,4.01000000
2018-02-28 07:19:04,0.02005000,0.14000000
2018-02-28 07:19:04,0.02005100,0.61000000
2018-02-28 07:19:13,0.02005100,1.17000000
2018-02-28 07:19:15,0.02005800,1.00000000
2018-02-28 07:19:15,0.02005700,2.32000000
2018-02-28 07:19:15,0.02005600,1.18000000
2018-02-28 07:19:22,0.02005300,4.01000000
2018-02-28 07:19:23,0.02005200,2.32000000
2018-02-28 07:19:24,0.02005100,0.14000000
2018-02-28 07:19:26,0.02005200,0.05000000
2018-02-28 07:19:31,0.02005300,0.01000000
2018-02-28 07:19:32,0.02005400,4.97000000
2018-02-28 07:19:32,0.02005200,2.13000000
2018-02-28 07:19:32,0.02005200,0.37000000
2018-02-28 07:19:32,0.02005200,15.90000000
2018-02-28 07:19:32,0.02005200,0.42000000
2018-02-28 07:19:33,0.02005200,6.61000000
2018-02-28 07:19:38,0.02009400,1.17000000
2018-02-28 07:19:40,0.02009200,0.83000000
2018-02-28 07:19:40,0.02009300,0.17000000
2018-02-28 07:19:45,0.02006200,0.24000000
2018-02-28 07:19:45,0.02006000,1.00000000
2018-02-28 07:19:46,0.02006000,0.08000000
2018-02-28 07:19:46,0.02006000,3.75000000
2018-02-28 07:19:47,0.02006000,0.19000000
2018-02-28 07:19:47,0.02006000,1.35000000
2018-02-28 07:19:47,0.02006000,0.49000000
2018-02-28 07:19:47,0.02006000,0.44000000
2018-02-28 07:19:49,0.02006000,0.77000000
2018-02-28 07:19:49,0.02006000,0.88000000
2018-02-28 07:19:52,0.02009200,0.89000000
2018-02-28 07:19:58,0.02008800,0.39000000
2018-02-28 07:19:58,0.02008800,4.59000000
2018-02-28 07:19:58,0.02009200,2.97000000
2018-02-28 07:19:58,0.02009300,0.10000000
2018-02-28 07:19:58,0.02009500,1.52000000
2018-02-28 07:20:08,0.02009800,0.81000000
2018-02-28 07:20:14,0.02009500,0.68000000
2018-02-28 07:20:15,0.02007100,1.52000000
2018-02-28 07:20:16,0.02007000,6.93000000
2018-02-28 07:20:17,0.02007000,1.34000000
2018-02-28 07:20:20,0.02007000,9.03000000
2018-02-28 07:20:20,0.02007000,1.42000000
2018-02-28 07:20:36,0.02007000,1.53000000
2018-02-28 07:20:36,0.02006200,0.81000000
2018-02-28 07:20:36,0.02006100,1.24000000
2018-02-28 07:20:36,0.02005100,0.43000000
2018-02-28 07:20:36,0.02004600,6.64000000
2018-02-28 07:20:36,0.02003900,13.80000000
2018-02-28 07:20:38,0.02004700,0.02000000
2018-02-28 07:20:40,0.02007000,1.45000000
2018-02-28 07:20:41,0.02007000,0.93000000
2018-02-28 07:20:41,0.02007000,3.56000000
2018-02-28 07:20:42,0.02007000,1.50000000
2018-02-28 07:20:46,0.02006800,0.51000000
2018-02-28 07:20:47,0.02006800,3.68000000
2018-02-28 07:20:47,0.02006800,0.11000000
2018-02-28 07:20:48,0.02006800,0.11000000
2018-02-28 07:20:48,0.02006800,1.94000000
2018-02-28 07:20:59,0.02007000,2.00000000
2018-02-28 07:21:07,0.02007400,0.50000000
2018-02-28 07:21:13,0.02007000,0.21000000
2018-02-28 07:21:15,0.02004900,3.00000000
2018-02-28 07:21:17,0.02005000,0.14000000
2018-02-28 07:21:18,0.02009100,0.08000000
2018-02-28 07:21:22,0.02005300,1.08000000
2018-02-28 07:21:22,0.02005200,2.33000000
2018-02-28 07:21:23,0.02004900,2.22000000
2018-02-28 07:21:23,0.02004900,0.11000000
2018-02-28 07:21:23,0.02005000,1.59000000
2018-02-28 07:21:29,0.02005100,0.10000000
2018-02-28 07:21:36,0.02005200,17.91000000
2018-02-28 07:21:36,0.02004300,0.12000000
2018-02-28 07:21:37,0.02004500,2.96000000
2018-02-28 07:21:37,0.02004500,9.02000000
2018-02-28 07:21:37,0.02004500,0.14000000
2018-02-28 07:21:41,0.02004500,2.04000000
2018-02-28 07:21:47,0.02004900,0.18000000
2018-02-28 07:21:47,0.02004800,0.30000000
2018-02-28 07:21:49,0.02007400,1.00000000
2018-02-28 07:21:49,0.02007500,2.04000000
2018-02-28 07:22:02,0.02009100,0.05000000
2018-02-28 07:22:04,0.02007600,0.21000000
2018-02-28 07:22:04,0.02007600,0.05000000
2018-02-28 07:22:05,0.02005100,0.09000000
2018-02-28 07:22:06,0.02007500,0.10000000
2018-02-28 07:22:06,0.02009000,1.00000000
2018-02-28 07:22:06,0.02009100,0.58000000
2018-02-28 07:22:06,0.02009200,0.65000000
2018-02-28 07:22:06,0.02009500,0.09000000
2018-02-28 07:22:06,0.02009600,3.10000000
2018-02-28 07:22:06,0.02005500,2.00000000
2018-02-28 07:22:06,0.02005400,4.98000000
2018-02-28 07:22:06,0.02005200,2.33000000
2018-02-28 07:22:06,0.02004500,3.10000000
2018-02-28 07:22:07,0.02004200,5.07000000
2018-02-28 07:22:07,0.02004400,2.33000000
2018-02-28 07:22:07,0.02004500,7.62000000
2018-02-28 07:22:07,0.02009700,1.85000000
2018-02-28 07:22:07,0.02009900,0.15000000
2018-02-28 07:22:12,0.02004700,2.33000000
2018-02-28 07:22:12,0.02004900,4.96000000
2018-02-28 07:22:13,0.02003900,4.96000000
2018-02-28 07:22:13,0.02004000,2.81000000
2018-02-28 07:22:16,0.02005100,4.00000000
2018-02-28 07:22:18,0.02003800,0.12000000
2018-02-28 07:22:20,0.02004800,0.11000000
2018-02-28 07:22:22,0.02004600,0.11000000
2018-02-28 07:22:30,0.02004000,0.38000000
2018-02-28 07:22:31,0.02003800,0.68000000
2018-02-28 07:22:32,0.02003900,0.14000000
2018-02-28 07:22:34,0.02003500,0.49000000
2018-02-28 07:22:35,0.02003800,1.69000000
2018-02-28 07:22:36,0.02003500,0.25000000
2018-02-28 07:22:36,0.02003500,0.69000000
2018-02-28 07:22:40,0.02003800,0.26000000
2018-02-28 07:22:40,0.02004000,0.97000000
2018-02-28 07:22:44,0.02004000,0.01000000
2018-02-28 07:22:48,0.02005700,4.18000000
2018-02-28 07:22:51,0.02004600,0.27000000
2018-02-28 07:22:51,0.02007000,0.05000000
2018-02-28 07:23:03,0.02004600,0.49000000
2018-02-28 07:23:06,0.02004700,0.82000000
2018-02-28 07:23:07,0.02004600,0.49000000
2018-02-28 07:23:14,0.02004600,0.24000000
2018-02-28 07:23:15,0.02004600,1.00000000
2018-02-28 07:23:18,0.02004600,0.60000000
2018-02-28 07:23:25,0.02004600,0.10000000
2018-02-28 07:23:27,0.02004600,1.51000000
2018-02-28 07:23:30,0.02004700,0.54000000
2018-02-28 07:23:33,0.02004700,6.65000000
2018-02-28 07:23:35,0.02005300,2.60000000
2018-02-28 07:23:37,0.02004000,0.48000000
2018-02-28 07:23:42,0.02003700,2.33000000
2018-02-28 07:23:42,0.02003600,1.00000000
2018-02-28 07:23:42,0.02003500,0.32000000
2018-02-28 07:23:55,0.02003500,6.18000000
2018-02-28 07:23:55,0.02003100,0.32000000
2018-02-28 07:23:56,0.02003100,0.16000000
2018-02-28 07:23:56,0.02002400,1.00000000
2018-02-28 07:23:56,0.02003300,1.00000000
2018-02-28 07:23:56,0.02003400,0.01000000
2018-02-28 07:23:57,0.02003800,1.00000000
2018-02-28 07:23:58,0.02003500,0.20000000
2018-02-28 07:24:00,0.02003500,0.20000000
2018-02-28 07:24:06,0.02003800,0.59000000
2018-02-28 07:24:11,0.02003800,0.51000000
2018-02-28 07:24:11,0.02003800,0.23000000
2018-02-28 07:24:11,0.02004600,2.62000000
2018-02-28 07:24:11,0.02004600,0.01000000
2018-02-28 07:24:11,0.02004700,0.93000000
2018-02-28 07:24:15,0.02004700,0.22000000
2018-02-28 07:24:20,0.02004700,0.34000000
2018-02-28 07:24:24,0.02004700,0.11000000
2018-02-28 07:24:34,0.02004900,0.49000000
2018-02-28 07:24:36,0.02004900,0.29000000
2018-02-28 07:24:36,0.02005000,0.20000000
2018-02-28 07:24:36,0.02003800,0.48000000
2018-02-28 07:24:40,0.02004000,1.92000000
2018-02-28 07:24:40,0.02004000,1.64000000
2018-02-28 07:24:43,0.02004000,4.51000000
2018-02-28 07:24:44,0.02005000,0.69000000
2018-02-28 07:24:47,0.02005000,0.68000000
2018-02-28 07:25:02,0.02004300,2.31000000
2018-02-28 07:25:03,0.02007800,0.39000000
2018-02-28 07:25:06,0.02004100,0.36000000
2018-02-28 07:25:06,0.02004100,0.46000000
2018-02-28 07:25:09,0.02004100,0.18000000
2018-02-28 07:25:09,0.02004000,0.30000000
2018-02-28 07:25:10,0.02003800,0.03000000
2018-02-28 07:25:10,0.02003500,0.43000000
2018-02-28 07:25:11,0.02003500,3.16000000
2018-02-28 07:25:11,0.02002400,0.13000000
2018-02-28 07:25:14,0.02002400,0.56000000
2018-02-28 07:25:14,0.02001700,0.08000000
2018-02-28 07:25:14,0.02001200,0.08000000
2018-02-28 07:25:14,0.02001000,0.08000000
2018-02-28 07:25:14,0.02000600,0.25000000
2018-02-28 07:25:16,0.02000700,0.42000000
2018-02-28 07:25:18,0.02003000,1.62000000
2018-02-28 07:25:18,0.02003200,1.00000000
2018-02-28 07:25:19,0.02003500,0.50000000
2018-02-28 07:25:19,0.02003800,0.17000000
2018-02-28 07:25:19,0.02003900,0.44000000
2018-02-28 07:25:19,0.02003500,1.88000000
2018-02-28 07:25:22,0.02000600,1.76000000
2018-02-28 07:25:26,0.02003500,5.43000000
2018-02-28 07:25:32,0.02003900,0.44000000
2018-02-28 07:25:35,0.02001100,0.51000000
2018-02-28 07:25:39,0.02004100,0.20000000
2018-02-28 07:25:39,0.02005000,0.72000000
2018-02-28 07:25:39,0.02005100,1.47000000
2018-02-28 07:25:41,0.02001900,0.15000000
2018-02-28 07:25:45,0.02003400,0.47000000
2018-02-28 07:25:46,0.02003800,0.45000000
2018-02-28 07:25:47,0.02007200,0.40000000
2018-02-28 07:25:51,0.02002700,0.55000000
2018-02-28 07:25:56,0.02001700,0.80000000
2018-02-28 07:25:56,0.02001600,0.97000000
2018-02-28 07:25:56,0.02001500,0.73000000
2018-02-28 07:26:03,0.02004500,0.10000000
2018-02-28 07:26:04,0.02002000,0.85000000
2018-02-28 07:26:06,0.02004500,0.10000000
2018-02-28 07:26:07,0.02002100,0.76000000
2018-02-28 07:26:12,0.02003800,0.10000000
2018-02-28 07:26:15,0.02003800,0.01000000
2018-02-28 07:26:15,0.02004400,0.09000000
2018-02-28 07:26:18,0.02004400,0.10000000
2018-02-28 07:26:21,0.02002400,6.36000000
2018-02-28 07:26:21,0.02004400,0.06000000
2018-02-28 07:26:21,0.02004600,0.04000000
2018-02-28 07:26:27,0.02004600,0.10000000
2018-02-28 07:26:29,0.02004600,0.31000000
2018-02-28 07:26:30,0.02004600,0.10000000
2018-02-28 07:26:33,0.02004600,0.10000000
2018-02-28 07:26:35,0.02003000,0.10000000
2018-02-28 07:26:36,0.02004600,0.10000000
2018-02-28 07:26:37,0.02003000,1.77000000
2018-02-28 07:26:39,0.02004500,0.10000000
2018-02-28 07:26:41,0.02003000,0.36000000
2018-02-28 07:26:42,0.02004600,0.01000000
2018-02-28 07:26:42,0.02004700,0.09000000
2018-02-28 07:26:45,0.02006300,0.10000000
2018-02-28 07:26:46,0.02003100,0.19000000
2018-02-28 07:26:46,0.02003000,4.25000000
2018-02-28 07:26:48,0.02006300,0.10000000
2018-02-28 07:26:50,0.02003100,0.10000000
2018-02-28 07:26:51,0.02003000,1.66000000
2018-02-28 07:26:51,0.02006300,0.10000000
2018-02-28 07:26:52,0.02003900,0.10000000
2018-02-28 07:26:54,0.02006300,0.10000000
2018-02-28 07:26:55,0.02003000,0.01000000
2018-02-28 07:26:55,0.02002800,16.00000000
2018-02-28 07:26:56,0.02002800,1.15000000
2018-02-28 07:26:57,0.02002400,4.85000000
2018-02-28 07:26:57,0.02002800,0.01000000
2018-02-28 07:26:57,0.02006100,0.09000000
2018-02-28 07:27:00,0.02005800,0.10000000
2018-02-28 07:27:03,0.02005400,0.10000000
2018-02-28 07:27:06,0.02005000,0.10000000
2018-02-28 07:27:07,0.02002600,1.00000000
2018-02-28 07:27:07,0.02002500,0.71000000
2018-02-28 07:27:09,0.02004800,0.10000000
2018-02-28 07:27:12,0.02004500,0.10000000
2018-02-28 07:27:14,0.02002500,0.66000000
2018-02-28 07:27:15,0.02004100,0.10000000
2018-02-28 07:27:18,0.02002500,0.16000000
2018-02-28 07:27:18,0.02004100,0.10000000
2018-02-28 07:27:21,0.02004100,0.10000000
2018-02-28 07:27:24,0.02004000,0.08000000
2018-02-28 07:27:25,0.02004000,0.13000000
2018-02-28 07:27:27,0.02004000,0.10000000
2018-02-28 07:27:29,0.02003900,0.08000000
2018-02-28 07:27:30,0.02003900,0.49000000
2018-02-28 07:27:30,0.02003900,3.55000000
2018-02-28 07:27:30,0.02004100,1.37000000
2018-02-28 07:27:33,0.02004100,0.05000000
2018-02-28 07:27:33,0.02002500,4.00000000
2018-02-28 07:27:33,0.02004700,0.10000000
2018-02-28 07:27:36,0.02004800,0.10000000
2018-02-28 07:27:39,0.02005000,0.10000000
2018-02-28 07:27:42,0.02005000,0.09000000
2018-02-28 07:27:42,0.02007800,0.01000000
2018-02-28 07:27:43,0.02004100,3.80000000
2018-02-28 07:27:45,0.02006900,0.10000000
2018-02-28 07:27:46,0.02004100,11.00000000
2018-02-28 07:27:48,0.02004900,0.10000000
2018-02-28 07:27:51,0.02004900,0.10000000
2018-02-28 07:27:54,0.02004700,0.10000000
2018-02-28 07:27:57,0.02004700,0.10000000
2018-02-28 07:27:57,0.02004700,3.00000000
2018-02-28 07:28:00,0.02004700,0.10000000
2018-02-28 07:28:00,0.02004700,4.02000000
2018-02-28 07:28:03,0.02004700,0.10000000
2018-02-28 07:28:04,0.02004100,1.17000000
2018-02-28 07:28:04,0.02004700,0.14000000
2018-02-28 07:28:05,0.02004100,1.17000000
2018-02-28 07:28:06,0.02004700,0.10000000
2018-02-28 07:28:07,0.02004700,4.00000000
2018-02-28 07:28:09,0.02004700,0.10000000
2018-02-28 07:28:12,0.02004700,0.10000000
2018-02-28 07:28:15,0.02004100,2.31000000
2018-02-28 07:28:15,0.02004700,0.10000000
2018-02-28 07:28:18,0.02004700,0.10000000
2018-02-28 07:28:21,0.02004100,0.38000000
2018-02-28 07:28:21,0.02004700,0.10000000
2018-02-28 07:28:21,0.02004100,1.38000000
2018-02-28 07:28:23,0.02004100,0.20000000
2018-02-28 07:28:24,0.02004700,0.10000000
2018-02-28 07:28:24,0.02004700,3.36000000
2018-02-28 07:28:26,0.02004100,0.20000000
2018-02-28 07:28:28,0.02004100,1.63000000
2018-02-28 07:28:28,0.02004100,0.20000000
2018-02-28 07:28:30,0.02004700,0.08000000
2018-02-28 07:28:30,0.02004800,0.02000000
2018-02-28 07:28:33,0.02004800,0.10000000
2018-02-28 07:28:36,0.02004800,0.10000000
2018-02-28 07:28:38,0.02004800,0.49000000
2018-02-28 07:28:39,0.02004800,0.10000000
2018-02-28 07:28:42,0.02004800,0.10000000
2018-02-28 07:28:45,0.02004800,0.09000000
2018-02-28 07:28:45,0.02005000,0.01000000
2018-02-28 07:28:48,0.02005000,0.10000000
2018-02-28 07:28:51,0.02005000,0.10000000
2018-02-28 07:28:54,0.02005000,0.10000000
2018-02-28 07:28:56,0.02004700,0.46000000
2018-02-28 07:28:57,0.02005000,0.10000000
2018-02-28 07:28:58,0.02004700,0.04000000
2018-02-28 07:28:58,0.02004200,0.49000000
2018-02-28 07:28:59,0.02005000,0.49000000
2018-02-28 07:29:00,0.02005000,0.10000000
2018-02-28 07:29:00,0.02005000,0.30000000
2018-02-28 07:29:01,0.02004200,18.05000000
2018-02-28 07:29:01,0.02004100,3.43000000
2018-02-28 07:29:01,0.02002500,4.56000000
2018-02-28 07:29:01,0.02005000,0.33000000
2018-02-28 07:29:01,0.02005000,0.30000000
2018-02-28 07:29:03,0.02005000,0.10000000
2018-02-28 07:29:07,0.02005000,0.24000000
2018-02-28 07:29:09,0.02006500,0.10000000
2018-02-28 07:29:11,0.02005600,0.13000000
2018-02-28 07:29:12,0.02004100,0.05000000
2018-02-28 07:29:13,0.02006100,0.45000000
2018-02-28 07:29:15,0.02006200,0.10000000
2018-02-28 07:29:15,0.02006200,1.09000000
2018-02-28 07:29:15,0.02006300,0.22000000
2018-02-28 07:29:15,0.02006500,1.69000000
2018-02-28 07:29:21,0.02006000,0.10000000
2018-02-28 07:29:22,0.02006000,0.89000000
2018-02-28 07:29:22,0.02006500,6.32000000
2018-02-28 07:29:27,0.02008300,0.10000000
2018-02-28 07:29:33,0.02007000,0.10000000
2018-02-28 07:29:36,0.02006500,1.31000000
2018-02-28 07:29:36,0.02006500,1.68000000
2018-02-28 07:29:37,0.02006500,0.01000000
2018-02-28 07:29:39,0.02006500,0.10000000
2018-02-28 07:29:43,0.02004500,1.00000000
2018-02-28 07:29:43,0.02004400,3.69000000
2018-02-28 07:29:43,0.02004100,0.08000000
2018-02-28 07:29:43,0.02002900,1.99000000
2018-02-28 07:29:43,0.02002500,5.44000000
2018-02-28 07:29:44,0.02002500,3.37000000
2018-02-28 07:29:44,0.02006400,1.00000000
2018-02-28 07:29:44,0.02006500,0.14000000
2018-02-28 07:29:50,0.02006500,1.00000000
2018-02-28 07:29:50,0.02006700,1.99000000
2018-02-28 07:29:51,0.02003100,0.28000000
2018-02-28 07:29:53,0.02003200,0.20000000
2018-02-28 07:29:54,0.02006500,0.39000000
2018-02-28 07:29:54,0.02006800,0.20000000
2018-02-28 07:29:54,0.02006800,0.10000000
2018-02-28 07:29:54,0.02007000,0.10000000
2018-02-28 07:29:55,0.02003000,0.38000000
2018-02-28 07:29:57,0.02003400,0.20000000
2018-02-28 07:30:00,0.02003400,0.20000000
2018-02-28 07:30:02,0.02003400,0.20000000
2018-02-28 07:30:04,0.02003400,0.20000000
2018-02-28 07:30:05,0.02006200,0.13000000
2018-02-28 07:30:06,0.02006200,0.25000000
2018-02-28 07:30:07,0.02004100,0.17000000
2018-02-28 07:30:08,0.02005000,0.79000000
2018-02-28 07:30:21,0.02004200,1.00000000
2018-02-28 07:30:24,0.02005000,0.23000000
2018-02-28 07:30:24,0.02005000,0.01000000
2018-02-28 07:30:34,0.02007900,0.53000000
2018-02-28 07:30:34,0.02007900,0.50000000
2018-02-28 07:30:34,0.02007900,0.50000000
2018-02-28 07:30:36,0.02007900,0.05000000
2018-02-28 07:30:40,0.02005100,0.78000000
2018-02-28 07:30:40,0.02005000,0.40000000
2018-02-28 07:30:46,0.02005200,0.08000000
2018-02-28 07:30:48,0.02005200,0.08000000
2018-02-28 07:30:54,0.02005100,0.75000000
2018-02-28 07:31:10,0.02007300,0.35000000
2018-02-28 07:31:11,0.02007400,0.50000000
2018-02-28 07:31:11,0.02008400,0.48000000
2018-02-28 07:31:14,0.02005100,0.34000000
2018-02-28 07:31:14,0.02005100,0.52000000
2018-02-28 07:31:18,0.02008400,1.01000000
2018-02-28 07:31:20,0.02005200,1.00000000
2018-02-28 07:31:20,0.02005200,1.00000000
2018-02-28 07:31:21,0.02005100,0.64000000
2018-02-28 07:31:21,0.02005100,0.14000000
2018-02-28 07:31:22,0.02005100,2.29000000
2018-02-28 07:31:30,0.02005100,0.01000000
2018-02-28 07:31:32,0.02005200,2.70000000
2018-02-28 07:31:32,0.02005000,0.52000000
2018-02-28 07:31:33,0.02005000,1.57000000
2018-02-28 07:31:33,0.02004100,1.98000000
2018-02-28 07:31:33,0.02004100,0.01000000
2018-02-28 07:31:34,0.02002800,1.98000000
2018-02-28 07:31:34,0.02002800,2.97000000
2018-02-28 07:31:34,0.02002600,0.11000000
2018-02-28 07:31:35,0.02002500,0.49000000
2018-02-28 07:31:37,0.02004900,1.92000000
2018-02-28 07:31:37,0.02005200,1.51000000
2018-02-28 07:31:37,0.02005200,1.00000000
2018-02-28 07:31:37,0.02005200,0.11000000
2018-02-28 07:31:37,0.02005200,0.14000000
2018-02-28 07:31:37,0.02005200,0.18000000
2018-02-28 07:31:39,0.02005200,0.32000000
2018-02-28 07:31:39,0.02004900,4.95000000
2018-02-28 07:31:39,0.02005100,1.68000000
2018-02-28 07:31:51,0.02004800,1.00000000
2018-02-28 07:31:51,0.02004800,1.00000000
2018-02-28 07:31:51,0.02004800,0.99000000
2018-02-28 07:31:53,0.02005100,0.62000000
2018-02-28 07:32:01,0.02002700,2.31000000
2018-02-28 07:32:01,0.02002600,0.07000000
2018-02-28 07:32:02,0.02005100,0.28000000
2018-02-28 07:32:02,0.02005100,0.18000000
2018-02-28 07:32:03,0.02005100,0.49000000
2018-02-28 07:32:06,0.02005100,0.40000000
2018-02-28 07:32:08,0.02005100,0.38000000
2018-02-28 07:32:10,0.02005000,2.31000000
2018-02-28 07:32:10,0.02005100,0.13000000
2018-02-28 07:32:16,0.02005000,1.34000000
2018-02-28 07:32:17,0.02005000,3.99000000
2018-02-28 07:32:17,0.02005000,0.24000000
2018-02-28 07:32:17,0.02005000,0.68000000
2018-02-28 07:32:17,0.02005000,1.89000000
2018-02-28 07:32:24,0.02005000,0.22000000
2018-02-28 07:32:25,0.02005100,0.07000000
2018-02-28 07:32:25,0.02006500,3.57000000
2018-02-28 07:32:25,0.02006600,1.99000000
2018-02-28 07:32:27,0.02008300,0.36000000
2018-02-28 07:32:32,0.02008100,0.49000000
2018-02-28 07:32:36,0.02004600,3.00000000
2018-02-28 07:32:36,0.02003800,0.08000000
2018-02-28 07:32:37,0.02004400,0.55000000
2018-02-28 07:32:38,0.02004400,0.08000000
2018-02-28 07:32:42,0.02007400,0.85000000
2018-02-28 07:32:42,0.02007500,1.00000000
2018-02-28 07:32:43,0.02004600,2.00000000
2018-02-28 07:32:46,0.02004700,0.11000000
2018-02-28 07:32:46,0.02004700,0.65000000
2018-02-28 07:32:47,0.02004700,0.50000000
2018-02-28 07:32:47,0.02004700,0.17000000
2018-02-28 07:32:49,0.02004700,1.57000000
2018-02-28 07:33:15,0.02004500,0.11000000
2018-02-28 07:33:15,0.02004500,4.16000000
2018-02-28 07:33:16,0.02004400,0.99000000
2018-02-28 07:33:17,0.02004500,0.34000000
2018-02-28 07:33:17,0.02004600,1.00000000
2018-02-28 07:33:17,0.02004700,8.74000000
2018-02-28 07:33:20,0.02006900,0.11000000
2018-02-28 07:33:33,0.02008100,0.11000000
2018-02-28 07:33:33,0.02004800,0.22000000
2018-02-28 07:33:33,0.02004700,1.43000000
2018-02-28 07:33:35,0.02004800,0.55000000
2018-02-28 07:33:37,0.02004700,1.11000000
2018-02-28 07:33:39,0.02008100,0.29000000
2018-02-28 07:33:40,0.02004800,0.29000000
2018-02-28 07:33:50,0.02004700,1.29000000
2018-02-28 07:33:53,0.02007500,1.00000000
2018-02-28 07:33:53,0.02007600,3.97000000
2018-02-28 07:34:10,0.02004700,2.88000000
2018-02-28 07:34:11,0.02004700,2.35000000
2018-02-28 07:34:23,0.02007900,1.00000000
2018-02-28 07:34:23,0.02008000,1.84000000
2018-02-28 07:34:27,0.02005100,0.15000000
2018-02-28 07:34:34,0.02005100,0.48000000
2018-02-28 07:34:38,0.02005400,0.37000000
2018-02-28 07:34:39,0.02005300,0.33000000
2018-02-28 07:34:41,0.02005300,4.65000000
2018-02-28 07:34:46,0.02005300,1.28000000
2018-02-28 07:34:46,0.02004700,0.53000000
2018-02-28 07:34:50,0.02007700,0.36000000
2018-02-28 07:34:52,0.02006300,2.20000000
2018-02-28 07:35:06,0.02004800,0.36000000
2018-02-28 07:35:06,0.02004700,1.10000000
2018-02-28 07:35:09,0.02004900,2.00000000
2018-02-28 07:35:36,0.02004700,0.89000000
2018-02-28 07:35:36,0.02003500,1.99000000
2018-02-28 07:35:36,0.02003100,2.00000000
2018-02-28 07:35:36,0.02002700,2.72000000
2018-02-28 07:35:37,0.02005900,0.20000000
2018-02-28 07:35:53,0.02002600,0.07000000
2018-02-28 07:35:53,0.02005700,0.35000000
2018-02-28 07:35:53,0.02005800,1.02000000
2018-02-28 07:35:56,0.02005800,2.76000000
2018-02-28 07:36:01,0.02002600,0.49000000
2018-02-28 07:36:12,0.02002700,3.78000000
2018-02-28 07:36:12,0.02002600,2.88000000
2018-02-28 07:36:26,0.02002700,5.59000000
2018-02-28 07:36:35,0.02002700,2.79000000
2018-02-28 07:37:02,0.02005300,0.25000000
2018-02-28 07:37:03,0.02005400,0.32000000
2018-02-28 07:37:05,0.02005700,1.82000000
2018-02-28 07:37:18,0.02002800,0.60000000
2018-02-28 07:37:19,0.02002800,0.82000000
2018-02-28 07:37:28,0.02005600,0.29000000
2018-02-28 07:37:28,0.02005700,0.72000000
2018-02-28 07:37:40,0.02005700,1.60000000
2018-02-28 07:37:45,0.02003500,0.90000000
2018-02-28 07:37:47,0.02005700,0.11000000
2018-02-28 07:37:56,0.02005700,46.41000000
2018-02-28 07:38:13,0.02005700,4.12000000
2018-02-28 07:38:21,0.02003500,3.00000000
2018-02-28 07:38:29,0.02003500,0.22000000
2018-02-28 07:38:30,0.02003500,1.32000000
2018-02-28 07:38:32,0.02005400,3.20000000
2018-02-28 07:38:37,0.02005400,1.33000000
2018-02-28 07:38:38,0.02005500,9.36000000
2018-02-28 07:38:42,0.02003700,0.90000000
2018-02-28 07:38:47,0.02005300,4.61000000
2018-02-28 07:39:13,0.02005500,0.01000000
2018-02-28 07:39:13,0.02005600,1.00000000
2018-02-28 07:39:13,0.02005700,3.85000000
2018-02-28 07:39:18,0.02005700,0.10000000
2018-02-28 07:39:18,0.02005300,0.30000000
2018-02-28 07:39:18,0.02005300,0.30000000
2018-02-28 07:39:18,0.02005300,0.31000000
2018-02-28 07:39:18,0.02005700,0.58000000
2018-02-28 07:39:24,0.02005300,1.46000000
2018-02-28 07:39:26,0.02005700,0.73000000
2018-02-28 07:39:27,0.02005300,1.02000000
2018-02-28 07:39:31,0.02005600,1.32000000
2018-02-28 07:39:33,0.02005600,0.34000000
2018-02-28 07:39:34,0.02003500,1.00000000
2018-02-28 07:39:34,0.02003300,0.01000000
2018-02-28 07:39:35,0.02005600,0.11000000
2018-02-28 07:39:36,0.02003300,4.28000000
2018-02-28 07:39:36,0.02003200,22.07000000
2018-02-28 07:39:36,0.02003100,0.12000000
2018-02-28 07:39:37,0.02002700,1.03000000
2018-02-28 07:39:44,0.02002700,3.34000000
2018-02-28 07:39:45,0.02002700,1.37000000
2018-02-28 07:39:46,0.02002700,2.00000000
2018-02-28 07:39:54,0.02003000,0.11000000
2018-02-28 07:39:56,0.02002900,1.69000000
2018-02-28 07:39:57,0.02003000,0.45000000
2018-02-28 07:39:58,0.02003000,0.45000000
2018-02-28 07:39:59,0.02003100,3.56000000
2018-02-28 07:40:00,0.02005500,2.63000000
2018-02-28 07:40:00,0.02005200,1.69000000
2018-02-28 07:40:00,0.02005500,0.54000000
2018-02-28 07:40:00,0.02005500,0.99000000
2018-02-28 07:40:00,0.02005500,1.64000000
2018-02-28 07:40:01,0.02003000,4.25000000
2018-02-28 07:40:02,0.02002800,4.00000000
2018-02-28 07:40:03,0.02002900,0.16000000
2018-02-28 07:40:03,0.02002900,0.11000000
2018-02-28 07:40:03,0.02002900,0.50000000
2018-02-28 07:40:03,0.02002900,4.32000000
2018-02-28 07:40:04,0.02002900,0.92000000
2018-02-28 07:40:04,0.02002900,3.55000000
2018-02-28 07:40:04,0.02003000,1.75000000
2018-02-28 07:40:06,0.02002800,0.11000000
2018-02-28 07:40:11,0.02002800,0.71000000
2018-02-28 07:40:11,0.02002800,0.49000000
2018-02-28 07:40:11,0.02002800,0.70000000
2018-02-28 07:40:11,0.02002800,0.49000000
2018-02-28 07:40:11,0.02002800,0.49000000
2018-02-28 07:40:14,0.02003000,0.60000000
2018-02-28 07:40:14,0.02003000,0.60000000
2018-02-28 07:40:14,0.02003000,0.72000000
2018-02-28 07:40:14,0.02003000,0.49000000
2018-02-28 07:40:14,0.02003000,0.95000000
2018-02-28 07:40:23,0.02003000,0.14000000
2018-02-28 07:40:31,0.02003000,0.28000000
2018-02-28 07:40:31,0.02003100,0.22000000
2018-02-28 07:40:32,0.02003200,0.49000000
2018-02-28 07:40:38,0.02003200,4.28000000
2018-02-28 07:40:40,0.02003000,0.53000000
2018-02-28 07:40:40,0.02002800,1.69000000
2018-02-28 07:40:49,0.02004900,0.34000000
2018-02-28 07:40:50,0.02004900,0.48000000
2018-02-28 07:40:52,0.02004900,0.11000000
2018-02-28 07:40:56,0.02003400,0.28000000
2018-02-28 07:41:00,0.02003400,0.82000000
2018-02-28 07:41:17,0.02003200,0.11000000
2018-02-28 07:41:26,0.02003200,7.48000000
2018-02-28 07:41:28,0.02003200,0.08000000
2018-02-28 07:41:29,0.02003900,0.49000000
2018-02-28 07:41:32,0.02003200,0.83000000
2018-02-28 07:41:32,0.02002900,0.11000000
2018-02-28 07:41:32,0.02002800,0.05000000
2018-02-28 07:41:36,0.02002800,0.82000000
2018-02-28 07:41:49,0.02002800,1.50000000
2018-02-28 07:41:52,0.02002800,7.85000000
2018-02-28 07:42:00,0.02002800,0.43000000
2018-02-28 07:42:02,0.02002900,0.76000000
2018-02-28 07:42:07,0.02002800,11.01000000
2018-02-28 07:42:07,0.02002900,3.33000000
2018-02-28 07:42:07,0.02003000,0.05000000
2018-02-28 07:42:08,0.02002900,1.48000000
2018-02-28 07:42:15,0.02002900,5.19000000
2018-02-28 07:42:21,0.02002900,10.00000000
2018-02-28 07:42:25,0.02002900,6.81000000
2018-02-28 07:42:37,0.02002900,0.48000000
2018-02-28 07:42:44,0.02002900,0.11000000
2018-02-28 07:42:54,0.02002900,1.00000000
2018-02-28 07:42:57,0.02003000,1.44000000
2018-02-28 07:42:58,0.02003200,0.11000000
2018-02-28 07:43:06,0.02003100,0.07000000
2018-02-28 07:43:13,0.02003100,0.08000000
2018-02-28 07:43:16,0.02003100,1.00000000
2018-02-28 07:43:17,0.02003100,1.65000000
2018-02-28 07:43:21,0.02002900,1.19000000
2018-02-28 07:43:25,0.02002900,0.59000000
2018-02-28 07:43:26,0.02003100,0.49000000
2018-02-28 07:43:57,0.02002900,0.01000000
2018-02-28 07:43:57,0.02002800,1.98000000
2018-02-28 07:43:57,0.02002800,2.12000000
2018-02-28 07:43:57,0.02002800,1.99000000
2018-02-28 07:43:57,0.02002800,1.99000000
2018-02-28 07:44:00,0.02003000,2.93000000
2018-02-28 07:44:00,0.02003100,1.18000000
2018-02-28 07:44:03,0.02003100,4.77000000
2018-02-28 07:44:06,0.02003100,0.80000000
2018-02-28 07:44:09,0.02003100,0.32000000
2018-02-28 07:44:09,0.02002800,5.53000000
2018-02-28 07:44:10,0.02002700,3.87000000
2018-02-28 07:44:12,0.02003200,0.08000000
2018-02-28 07:44:14,0.02003200,0.62000000
2018-02-28 07:44:15,0.02003200,0.07000000
2018-02-28 07:44:17,0.02003200,0.53000000
2018-02-28 07:44:19,0.02002700,0.01000000
2018-02-28 07:44:19,0.02002600,4.14000000
2018-02-28 07:44:24,0.02002600,2.52000000
2018-02-28 07:44:25,0.02002500,1.70000000
2018-02-28 07:44:45,0.02002600,0.92000000
2018-02-28 07:44:47,0.02002900,0.25000000
2018-02-28 07:44:48,0.02003100,5.67000000
2018-02-28 07:44:56,0.02003000,0.25000000
2018-02-28 07:45:00,0.02003000,0.71000000
2018-02-28 07:45:00,0.02003100,0.01000000
2018-02-28 07:45:01,0.02003100,0.90000000
2018-02-28 07:45:03,0.02003100,0.20000000
2018-02-28 07:45:04,0.02003100,0.25000000
2018-02-28 07:45:05,0.02003100,0.20000000
2018-02-28 07:45:06,0.02003100,0.82000000
2018-02-28 07:45:08,0.02003200,0.37000000
2018-02-28 07:45:09,0.02003200,0.36000000
2018-02-28 07:45:11,0.02003100,0.53000000
2018-02-28 07:45:12,0.02003200,0.28000000
2018-02-28 07:45:12,0.02003200,6.12000000
2018-02-28 07:45:12,0.02003400,2.21000000
2018-02-28 07:45:23,0.02003100,0.11000000
2018-02-28 07:45:23,0.02003100,0.81000000
2018-02-28 07:45:36,0.02003300,0.11000000
2018-02-28 07:45:39,0.02003300,4.51000000
2018-02-28 07:45:39,0.02003400,1.89000000
2018-02-28 07:45:47,0.02003400,0.36000000
2018-02-28 07:45:55,0.02003400,1.08000000
2018-02-28 07:45:55,0.02004900,3.03000000
2018-02-28 07:45:55,0.02005000,0.75000000
2018-02-28 07:45:55,0.02005200,4.15000000
2018-02-28 07:45:56,0.02003100,0.90000000
2018-02-28 07:45:58,0.02003100,4.15000000
2018-02-28 07:45:59,0.02003100,0.32000000
2018-02-28 07:46:17,0.02003000,0.22000000
2018-02-28 07:46:17,0.02003100,27.62000000
2018-02-28 07:46:19,0.02003000,0.11000000
2018-02-28 07:46:19,0.02003000,0.20000000
2018-02-28 07:46:19,0.02002600,0.63000000
2018-02-28 07:46:20,0.02003100,5.00000000
2018-02-28 07:46:23,0.02002600,1.50000000
2018-02-28 07:46:25,0.02003100,0.37000000
2018-02-28 07:46:26,0.02003100,1.65000000
2018-02-28 07:46:27,0.02002600,9.39000000
2018-02-28 07:46:27,0.02002500,12.49000000
2018-02-28 07:46:31,0.02002500,0.49000000
2018-02-28 07:46:32,0.02002500,0.43000000
2018-02-28 07:46:32,0.02002500,0.30000000
2018-02-28 07:46:32,0.02002500,0.40000000
2018-02-28 07:46:38,0.02002500,0.19000000
2018-02-28 07:46:38,0.02002600,2.18000000
2018-02-28 07:46:39,0.02002600,0.01000000
2018-02-28 07:46:39,0.02003100,0.44000000
2018-02-28 07:47:00,0.02002400,2.68000000
2018-02-28 07:47:00,0.02002500,0.32000000
2018-02-28 07:47:15,0.02002500,1.65000000
2018-02-28 07:47:17,0.02001800,0.13000000
2018-02-28 07:47:18,0.02001500,0.46000000
2018-02-28 07:47:18,0.02000600,0.44000000
2018-02-28 07:47:18,0.02000300,0.80000000
2018-02-28 07:47:40,0.02000400,1.49000000
2018-02-28 07:47:41,0.02000400,1.00000000
2018-02-28 07:47:43,0.02000400,0.64000000
2018-02-28 07:47:46,0.02000400,0.23000000
2018-02-28 07:47:54,0.02000400,1.64000000
2018-02-28 07:47:54,0.02000400,0.40000000
2018-02-28 07:47:54,0.02000400,0.53000000
2018-02-28 07:47:54,0.02000400,0.50000000
2018-02-28 07:47:55,0.02000400,0.40000000
2018-02-28 07:47:55,0.02000400,0.50000000
2018-02-28 07:47:56,0.02000400,1.48000000
2018-02-28 07:47:58,0.02000400,0.22000000
2018-02-28 07:47:58,0.02000200,1.30000000
2018-02-28 07:47:58,0.02000400,0.30000000
2018-02-28 07:47:59,0.02000400,0.43000000
2018-02-28 07:47:59,0.02000400,0.50000000
2018-02-28 07:48:00,0.02000300,0.40000000
2018-02-28 07:48:00,0.02000200,3.41000000
2018-02-28 07:48:00,0.02000300,0.30000000
2018-02-28 07:48:01,0.02000300,0.30000000
2018-02-28 07:48:01,0.02000300,0.33000000
2018-02-28 07:48:01,0.02000300,3.67000000
2018-02-28 07:48:01,0.02000400,1.78000000
2018-02-28 07:48:02,0.02000400,0.40000000
2018-02-28 07:48:02,0.02000400,0.44000000
2018-02-28 07:48:02,0.02000400,0.40000000
2018-02-28 07:48:03,0.02000400,0.20000000
2018-02-28 07:48:03,0.02000400,0.20000000
2018-02-28 07:48:03,0.02000300,0.20000000
2018-02-28 07:48:03,0.02000400,0.30000000
2018-02-28 07:48:03,0.02000400,0.53000000
2018-02-28 07:48:04,0.02000400,0.40000000
2018-02-28 07:48:04,0.02000400,0.30000000
2018-02-28 07:48:04,0.02000400,0.40000000
2018-02-28 07:48:05,0.02000400,0.30000000
2018-02-28 07:48:06,0.02000400,0.43000000
2018-02-28 07:48:06,0.02000400,0.40000000
2018-02-28 07:48:06,0.02000400,0.40000000
2018-02-28 07:48:07,0.02000300,1.70000000
2018-02-28 07:48:07,0.02000300,1.58000000
2018-02-28 07:48:07,0.02000200,1.70000000
2018-02-28 07:48:07,0.02000300,0.12000000
2018-02-28 07:48:07,0.02000400,0.18000000
2018-02-28 07:48:07,0.02000400,0.30000000
2018-02-28 07:48:08,0.02000400,0.53000000
2018-02-28 07:48:09,0.02000300,0.07000000
2018-02-28 07:48:10,0.02000300,0.08000000
2018-02-28 07:48:11,0.02000300,0.19000000
2018-02-28 07:48:15,0.02000300,0.11000000
2018-02-28 07:48:21,0.02000300,0.80000000
2018-02-28 07:48:21,0.02000300,0.08000000
2018-02-28 07:48:22,0.02000200,0.80000000
2018-02-28 07:48:27,0.02000200,2.79000000
2018-02-28 07:48:29,0.02000200,0.49000000
2018-02-28 07:48:29,0.02000200,0.49000000
2018-02-28 07:48:29,0.02000200,2.51000000
2018-02-28 07:48:29,0.02000200,0.33000000
2018-02-28 07:48:29,0.02000000,0.49000000
2018-02-28 07:48:32,0.02000100,0.49000000
2018-02-28 07:48:32,0.02000100,0.49000000
2018-02-28 07:48:32,0.02000100,0.49000000
2018-02-28 07:48:33,0.02000100,0.49000000
2018-02-28 07:48:33,0.02000100,1.03000000
2018-02-28 07:48:33,0.02000100,0.49000000
2018-02-28 07:48:33,0.02000000,0.48000000
2018-02-28 07:48:33,0.02000000,0.49000000
2018-02-28 07:48:33,0.02000100,0.27000000
2018-02-28 07:48:33,0.02000100,1.25000000
2018-02-28 07:48:33,0.02000200,0.25000000
2018-02-28 07:48:34,0.02000000,16.06000000
2018-02-28 07:48:36,0.02000000,2.33000000
2018-02-28 07:48:38,0.02000000,0.80000000
2018-02-28 07:48:39,0.02000000,0.22000000
2018-02-28 07:48:43,0.02000000,0.61000000
2018-02-28 07:48:45,0.02000000,0.14000000
2018-02-28 07:48:47,0.02000000,0.70000000
2018-02-28 07:48:48,0.02000000,0.33000000
2018-02-28 07:48:53,0.02000000,0.54000000
2018-02-28 07:48:54,0.01999100,1.23000000
2018-02-28 07:48:54,0.02000000,0.11000000
2018-02-28 07:48:56,0.02000000,0.96000000
2018-02-28 07:48:56,0.01999100,0.59000000
2018-02-28 07:48:56,0.01998400,0.37000000
2018-02-28 07:48:57,0.02000000,0.80000000
2018-02-28 07:49:03,0.02000000,37.31000000
2018-02-28 07:49:03,0.02000300,5.59000000
2018-02-28 07:49:03,0.02000400,0.66000000
2018-02-28 07:49:03,0.02000400,0.01000000
2018-02-28 07:49:16,0.02001500,0.10000000
2018-02-28 07:49:16,0.02000000,2.28000000
2018-02-28 07:49:16,0.01999900,5.95000000
2018-02-28 07:49:17,0.02001500,1.17000000
2018-02-28 07:49:19,0.01998400,1.23000000
2018-02-28 07:49:19,0.02001500,0.01000000
2018-02-28 07:49:19,0.02002400,2.17000000
2018-02-28 07:49:21,0.02000000,2.63000000
2018-02-28 07:49:24,0.01998700,0.86000000
2018-02-28 07:50:03,0.02001900,0.27000000
2018-02-28 07:50:05,0.01998700,0.16000000
2018-02-28 07:50:05,0.01998700,0.36000000
2018-02-28 07:50:09,0.01998500,0.13000000
2018-02-28 07:50:17,0.01998700,0.01000000
2018-02-28 07:50:21,0.01998700,0.23000000
2018-02-28 07:50:28,0.02001900,0.32000000
2018-02-28 07:50:47,0.02001400,0.17000000
2018-02-28 07:50:49,0.02001400,0.49000000
2018-02-28 07:50:58,0.02001300,1.86000000
2018-02-28 07:51:11,0.01999900,0.32000000
2018-02-28 07:51:13,0.02001400,0.05000000
2018-02-28 07:51:21,0.02001300,19.71000000
2018-02-28 07:51:22,0.02001300,48.10000000
2018-02-28 07:51:24,0.02001300,0.33000000
2018-02-28 07:51:25,0.02001300,1.01000000
2018-02-28 07:51:25,0.01999900,0.62000000
2018-02-28 07:51:26,0.01999900,0.62000000
2018-02-28 07:51:26,0.02001300,0.93000000
2018-02-28 07:51:28,0.02001300,0.88000000
2018-02-28 07:51:29,0.02001300,1.55000000
2018-02-28 07:51:29,0.02001300,4.90000000
2018-02-28 07:51:31,0.02001300,3.35000000
2018-02-28 07:51:32,0.02001300,14.41000000
2018-02-28 07:51:40,0.01999900,0.20000000
2018-02-28 07:51:54,0.01999900,0.62000000
2018-02-28 07:52:08,0.02000100,1.06000000
2018-02-28 07:52:09,0.02000100,0.80000000
2018-02-28 07:52:09,0.02000100,0.10000000
2018-02-28 07:52:11,0.02000100,1.00000000
2018-02-28 07:52:21,0.02000400,0.28000000
2018-02-28 07:52:21,0.02001000,7.83000000
2018-02-28 07:52:21,0.02001300,5.68000000
2018-02-28 07:52:23,0.02001300,0.08000000
2018-02-28 07:52:23,0.02000400,1.65000000
2018-02-28 07:52:25,0.02000400,0.50000000
2018-02-28 07:52:33,0.02001000,0.49000000
2018-02-28 07:52:34,0.02000500,0.33000000
2018-02-28 07:52:34,0.02000200,2.84000000
2018-02-28 07:52:34,0.02000000,3.42000000
2018-02-28 07:52:37,0.02000400,0.33000000
2018-02-28 07:52:39,0.02000400,0.10000000
2018-02-28 07:52:40,0.02000400,0.08000000
2018-02-28 07:52:41,0.02000400,0.32000000
2018-02-28 07:52:41,0.02000400,0.08000000
2018-02-28 07:52:41,0.02000400,0.49000000
2018-02-28 07:52:41,0.02000400,0.08000000
2018-02-28 07:52:46,0.02000400,0.01000000
2018-02-28 07:52:46,0.02001000,0.33000000
2018-02-28 07:52:47,0.02001000,0.17000000
2018-02-28 07:52:48,0.02000400,0.09000000
2018-02-28 07:52:48,0.02000100,0.57000000
2018-02-28 07:52:48,0.02000000,0.09000000
2018-02-28 07:52:49,0.02000100,0.47000000
2018-02-28 07:52:51,0.02001000,0.01000000
2018-02-28 07:52:51,0.02001300,0.76000000
2018-02-28 07:52:53,0.02001400,0.33000000
2018-02-28 07:52:53,0.02001400,7.41000000
2018-02-28 07:52:54,0.02001400,5.70000000
2018-02-28 07:52:56,0.02000300,0.53000000
2018-02-28 07:53:07,0.02000300,2.20000000
2018-02-28 07:53:22,0.02000400,1.97000000
2018-02-28 07:53:24,0.02000400,0.20000000
2018-02-28 07:53:26,0.02000600,0.53000000
2018-02-28 07:53:26,0.02000600,0.20000000
2018-02-28 07:53:26,0.02001400,0.01000000
2018-02-28 07:53:26,0.02001900,0.68000000
2018-02-28 07:53:26,0.02002000,0.30000000
2018-02-28 07:53:26,0.02002400,0.03000000
2018-02-28 07:53:28,0.02000600,0.20000000
2018-02-28 07:53:29,0.02000600,0.10000000
2018-02-28 07:53:29,0.02002400,0.03000000
2018-02-28 07:53:29,0.02002500,6.14000000
2018-02-28 07:53:30,0.02000600,0.76000000
2018-02-28 07:53:30,0.02000600,0.20000000
2018-02-28 07:53:32,0.02002500,0.19000000
2018-02-28 07:53:36,0.02002700,0.32000000
2018-02-28 07:53:38,0.02002700,0.08000000
2018-02-28 07:53:52,0.02002700,3.01000000
2018-02-28 07:53:52,0.02004600,1.99000000
2018-02-28 07:53:52,0.02005400,0.05000000
2018-02-28 07:53:53,0.02005300,0.90000000
2018-02-28 07:53:53,0.02005400,0.39000000
2018-02-28 07:53:53,0.02005500,1.31000000
2018-02-28 07:53:53,0.02006000,0.08000000
2018-02-28 07:53:53,0.02007900,0.24000000
2018-02-28 07:54:02,0.02004400,0.20000000
2018-02-28 07:54:04,0.02004100,0.20000000
2018-02-28 07:54:08,0.02004000,0.28000000
2018-02-28 07:54:12,0.02003300,0.53000000
2018-02-28 07:54:14,0.02003200,1.99000000
2018-02-28 07:54:14,0.02002300,2.20000000
2018-02-28 07:54:14,0.02000600,5.84000000
2018-02-28 07:54:16,0.02000500,0.52000000
2018-02-28 07:54:20,0.02000600,0.26000000
2018-02-28 07:54:22,0.02000600,3.93000000
2018-02-28 07:54:31,0.02002600,0.49000000
2018-02-28 07:54:36,0.02000800,0.24000000
2018-02-28 07:54:49,0.02000800,0.75000000
2018-02-28 07:54:52,0.02000800,1.00000000
2018-02-28 07:54:54,0.02000800,1.00000000
2018-02-28 07:55:00,0.02000800,0.99000000
2018-02-28 07:55:02,0.02002300,0.08000000
2018-02-28 07:55:06,0.02002300,1.92000000
2018-02-28 07:55:11,0.02002300,1.69000000
2018-02-28 07:55:11,0.02002300,2.14000000
2018-02-28 07:55:22,0.02000900,4.99000000
2018-02-28 07:55:39,0.02000900,0.20000000
2018-02-28 07:55:40,0.02001000,4.99000000
2018-02-28 07:55:47,0.02000900,0.52000000
2018-02-28 07:55:51,0.02000900,0.08000000
2018-02-28 07:55:51,0.02001000,4.24000000
2018-02-28 07:55:59,0.02000900,0.74000000
2018-02-28 07:56:01,0.02000900,0.09000000
2018-02-28 07:56:08,0.02000900,0.51000000
2018-02-28 07:56:11,0.02000900,4.89000000
2018-02-28 07:56:18,0.02000900,0.11000000
2018-02-28 07:56:20,0.02000800,0.76000000
2018-02-28 07:56:20,0.02000600,0.14000000
2018-02-28 07:56:26,0.02000900,3.95000000
2018-02-28 07:56:30,0.02001000,0.11000000
2018-02-28 07:56:44,0.02001000,1.11000000
2018-02-28 07:56:51,0.02001000,0.16000000
2018-02-28 07:56:52,0.02001000,1.63000000
2018-02-28 07:56:55,0.02000900,0.23000000
2018-02-28 07:56:55,0.02000000,0.01000000
2018-02-28 07:56:56,0.02001000,26.30000000
2018-02-28 07:57:03,0.02001000,3.43000000
2018-02-28 07:57:03,0.02001000,0.11000000
2018-02-28 07:57:06,0.02001000,1.12000000
2018-02-28 07:57:06,0.02001000,2.25000000
2018-02-28 07:57:07,0.02000600,0.03000000
2018-02-28 07:57:09,0.02000600,0.93000000
2018-02-28 07:57:09,0.02000000,2.97000000
2018-02-28 07:57:09,0.01999900,7.96000000
2018-02-28 07:57:16,0.01999900,0.61000000
2018-02-28 07:57:21,0.01999900,0.74000000
2018-02-28 07:57:30,0.01999900,0.23000000
2018-02-28 07:57:34,0.02001000,0.49000000
2018-02-28 07:57:35,0.02001000,0.49000000
2018-02-28 07:58:07,0.02001000,0.11000000
2018-02-28 07:58:09,0.02001000,1.76000000
2018-02-28 07:58:10,0.02002000,2.29000000
2018-02-28 07:58:10,0.02002200,0.49000000
2018-02-28 07:58:10,0.02002300,0.37000000
2018-02-28 07:58:28,0.02002200,0.32000000
2018-02-28 07:58:28,0.02002300,2.97000000
2018-02-28 07:58:29,0.02002600,0.08000000
2018-02-28 07:58:32,0.02002600,7.75000000
2018-02-28 07:58:44,0.02002300,0.49000000
2018-02-28 07:58:47,0.01999900,0.53000000
2018-02-28 07:58:52,0.01999900,0.11000000
2018-02-28 07:58:52,0.02002300,0.23000000
2018-02-28 07:58:52,0.02002500,0.32000000
2018-02-28 07:58:53,0.02002600,9.06000000
2018-02-28 07:58:54,0.02000000,2.32000000
2018-02-28 07:58:54,0.01999900,4.84000000
2018-02-28 07:58:54,0.01999900,3.20000000
2018-02-28 07:58:54,0.01999900,0.01000000
2018-02-28 07:58:59,0.02003400,0.81000000
2018-02-28 07:59:02,0.02003300,2.31000000
2018-02-28 07:59:04,0.02003300,0.06000000
2018-02-28 07:59:04,0.02003300,20.30000000
2018-02-28 07:59:08,0.02002200,4.63000000
2018-02-28 07:59:12,0.02000100,0.94000000
2018-02-28 07:59:17,0.02002500,8.24000000
2018-02-28 07:59:18,0.02002600,0.10000000
2018-02-28 07:59:19,0.02003300,6.69000000
2018-02-28 07:59:19,0.02003300,17.73000000
2018-02-28 07:59:20,0.02003300,7.79000000
2018-02-28 07:59:21,0.02003300,1.21000000
2018-02-28 07:59:23,0.02004200,2.18000000
2018-02-28 07:59:28,0.02001300,0.05000000
2018-02-28 07:59:29,0.02006800,0.49000000
2018-02-28 07:59:30,0.02002000,0.56000000
2018-02-28 07:59:30,0.02004200,1.50000000
2018-02-28 07:59:31,0.02004200,0.05000000
2018-02-28 07:59:31,0.02004200,1.41000000
2018-02-28 07:59:31,0.02004000,3.62000000
2018-02-28 07:59:45,0.02002600,0.05000000
2018-02-28 07:59:45,0.02004000,0.46000000
2018-02-28 07:59:48,0.02004000,6.25000000
2018-02-28 07:59:48,0.02004000,6.25000000
2018-02-28 07:59:49,0.02004000,2.18000000
2018-02-28 07:59:51,0.02004100,4.19000000
2018-02-28 07:59:51,0.02004000,9.35000000
2018-02-28 07:59:51,0.02004000,8.36000000
2018-02-28 07:59:52,0.02004000,0.10000000
2018-02-28 07:59:58,0.02004000,1.97000000
2018-02-28 07:59:58,0.02004000,2.63000000
2018-02-28 07:59:58,0.02004000,7.44000000
2018-02-28 07:59:58,0.02004000,0.17000000
2018-02-28 07:59:59,0.02004000,7.57000000
