DATE,PRICE,VOLUME
2018-02-27 18:00:00,0.00036870,147.87000000
2018-02-27 18:00:03,0.00036810,31.86000000
2018-02-27 18:00:03,0.00036800,143.14000000
2018-02-27 18:00:04,0.00036870,29.90000000
2018-02-27 18:00:09,0.00036800,670.07000000
2018-02-27 18:00:15,0.00036860,7.19000000
2018-02-27 18:00:15,0.00036870,29.48000000
2018-02-27 18:00:20,0.00036800,31.45000000
2018-02-27 18:00:29,0.00036870,500.00000000
2018-02-27 18:00:34,0.00036860,4.29000000
2018-02-27 18:00:34,0.00036870,578.03000000
2018-02-27 18:00:41,0.00036870,104.86000000
2018-02-27 18:01:05,0.00036860,4.20000000
2018-02-27 18:01:05,0.00036870,120.80000000
2018-02-27 18:01:14,0.00036860,4.08000000
2018-02-27 18:01:15,0.00036860,0.02000000
2018-02-27 18:01:15,0.00036870,81.34000000
2018-02-27 18:01:15,0.00036870,5.91000000
2018-02-27 18:01:22,0.00036870,30.00000000
2018-02-27 18:01:39,0.00036840,0.01000000
2018-02-27 18:01:40,0.00036860,16.08000000
2018-02-27 18:01:47,0.00036850,8.47000000
2018-02-27 18:01:50,0.00036850,91.53000000
2018-02-27 18:01:50,0.00036860,147.27000000
2018-02-27 18:01:50,0.00036860,27.07000000
2018-02-27 18:01:50,0.00036860,55.82000000
2018-02-27 18:01:50,0.00036860,55.82000000
2018-02-27 18:01:51,0.00036850,27.07000000
2018-02-27 18:01:52,0.00036860,13.50000000
2018-02-27 18:01:53,0.00036860,5.40000000
2018-02-27 18:01:54,0.00036860,13.58000000
2018-02-27 18:01:56,0.00036860,5.75000000
2018-02-27 18:01:57,0.00036850,35.00000000
2018-02-27 18:02:04,0.00036850,65.27000000
2018-02-27 18:02:07,0.00036850,29.17000000
2018-02-27 18:02:08,0.00036860,43.89000000
2018-02-27 18:02:13,0.00036860,13.99000000
2018-02-27 18:02:13,0.00036860,13.99000000
2018-02-27 18:02:13,0.00036860,13.49000000
2018-02-27 18:02:14,0.00036860,13.98000000
2018-02-27 18:02:14,0.00036860,14.00000000
2018-02-27 18:02:15,0.00036860,54.78000000
2018-02-27 18:02:17,0.00036860,109.36000000
2018-02-27 18:02:17,0.00036850,21.18000000
2018-02-27 18:02:17,0.00036860,50.05000000
2018-02-27 18:02:20,0.00036860,50.05000000
2018-02-27 18:02:26,0.00036860,27.64000000
2018-02-27 18:02:26,0.00036860,14.22000000
2018-02-27 18:02:29,0.00036860,18.23000000
2018-02-27 18:02:45,0.00036850,137.67000000
2018-02-27 18:02:47,0.00036840,25.00000000
2018-02-27 18:02:47,0.00036850,50.00000000
2018-02-27 18:02:48,0.00036850,0.49000000
2018-02-27 18:02:50,0.00036860,399.10000000
2018-02-27 18:03:00,0.00036850,51.41000000
2018-02-27 18:03:00,0.00036840,197.27000000
2018-02-27 18:03:02,0.00036830,29.51000000
2018-02-27 18:03:04,0.00036840,30.00000000
2018-02-27 18:03:15,0.00036830,126.01000000
2018-02-27 18:03:15,0.00036820,3.00000000
2018-02-27 18:03:16,0.00036820,94.54000000
2018-02-27 18:03:24,0.00036850,43.12000000
2018-02-27 18:03:24,0.00036820,10.89000000
2018-02-27 18:03:31,0.00036820,172.18000000
2018-02-27 18:03:57,0.00036820,149.93000000
2018-02-27 18:04:15,0.00036810,139.81000000
2018-02-27 18:04:17,0.00036820,0.01000000
2018-02-27 18:04:20,0.00036870,716.28000000
2018-02-27 18:04:34,0.00036870,16.89000000
2018-02-27 18:04:53,0.00036830,13.58000000
2018-02-27 18:04:53,0.00036820,9.86000000
2018-02-27 18:04:53,0.00036820,4.87000000
2018-02-27 18:04:54,0.00036820,53.35000000
2018-02-27 18:04:54,0.00036860,20.09000000
2018-02-27 18:04:59,0.00036870,200.89000000
2018-02-27 18:05:01,0.00036840,13.58000000
2018-02-27 18:05:01,0.00036810,148.35000000
2018-02-27 18:05:01,0.00036800,1386.46000000
2018-02-27 18:05:01,0.00036800,1005.11000000
2018-02-27 18:05:05,0.00036850,15.00000000
2018-02-27 18:05:05,0.00036860,13.58000000
2018-02-27 18:05:08,0.00036870,57.18000000
2018-02-27 18:05:10,0.00036870,2519.17000000
2018-02-27 18:05:24,0.00036860,13.59000000
2018-02-27 18:05:24,0.00036870,36.41000000
2018-02-27 18:05:27,0.00036870,54.05000000
2018-02-27 18:05:31,0.00036870,3.53000000
2018-02-27 18:05:32,0.00036870,15.00000000
2018-02-27 18:05:32,0.00036810,20.00000000
2018-02-27 18:05:35,0.00036870,4.88000000
2018-02-27 18:05:36,0.00036810,13.58000000
2018-02-27 18:05:36,0.00036800,58.47000000
2018-02-27 18:05:42,0.00036870,4.88000000
2018-02-27 18:05:44,0.00036870,20.48000000
2018-02-27 18:06:01,0.00036870,8.10000000
2018-02-27 18:06:06,0.00036870,272.07000000
2018-02-27 18:06:23,0.00036860,902.25000000
2018-02-27 18:06:25,0.00036860,590.63000000
2018-02-27 18:06:25,0.00036860,29.57000000
2018-02-27 18:06:26,0.00036860,1174.63000000
2018-02-27 18:06:27,0.00036860,4.73000000
2018-02-27 18:06:28,0.00036860,2758.43000000
2018-02-27 18:06:29,0.00036860,77.44000000
2018-02-27 18:06:29,0.00036860,5.43000000
2018-02-27 18:06:32,0.00036860,26.67000000
2018-02-27 18:06:34,0.00036860,0.33000000
2018-02-27 18:06:35,0.00036850,15.00000000
2018-02-27 18:06:41,0.00036850,13.50000000
2018-02-27 18:06:41,0.00036850,4.07000000
2018-02-27 18:06:44,0.00036850,34.00000000
2018-02-27 18:06:52,0.00036850,31.08000000
2018-02-27 18:07:11,0.00036830,25.10000000
2018-02-27 18:07:16,0.00036830,4.45000000
2018-02-27 18:07:16,0.00036830,13.58000000
2018-02-27 18:07:16,0.00036830,4.45000000
2018-02-27 18:07:17,0.00036830,10.16000000
2018-02-27 18:07:18,0.00036830,38.99000000
2018-02-27 18:07:21,0.00036830,4.45000000
2018-02-27 18:07:22,0.00036830,6.19000000
2018-02-27 18:07:27,0.00036830,7.39000000
2018-02-27 18:07:27,0.00036820,250.00000000
2018-02-27 18:07:27,0.00036810,820.05000000
2018-02-27 18:07:27,0.00036800,0.60000000
2018-02-27 18:07:27,0.00036770,104.94000000
2018-02-27 18:07:27,0.00036750,3.67000000
2018-02-27 18:07:27,0.00036730,149.11000000
2018-02-27 18:07:27,0.00036710,584.75000000
2018-02-27 18:07:27,0.00036710,392.93000000
2018-02-27 18:07:27,0.00036710,745.91000000
2018-02-27 18:07:27,0.00036850,218.57000000
2018-02-27 18:07:30,0.00036840,5.97000000
2018-02-27 18:07:39,0.00036810,35.00000000
2018-02-27 18:07:40,0.00036840,132.71000000
2018-02-27 18:07:41,0.00036830,9.03000000
2018-02-27 18:07:41,0.00036840,54.35000000
2018-02-27 18:07:48,0.00036840,10.27000000
2018-02-27 18:08:06,0.00036830,4.38000000
2018-02-27 18:08:10,0.00036760,28.50000000
2018-02-27 18:08:10,0.00036720,12.00000000
2018-02-27 18:08:10,0.00036710,107.40000000
2018-02-27 18:08:12,0.00036820,15.00000000
2018-02-27 18:08:12,0.00036830,61.34000000
2018-02-27 18:08:12,0.00036840,31.66000000
2018-02-27 18:08:12,0.00036840,12.02000000
2018-02-27 18:08:13,0.00036840,27.14000000
2018-02-27 18:08:20,0.00036840,5.97000000
2018-02-27 18:08:21,0.00036840,131.12000000
2018-02-27 18:08:22,0.00036830,5.99000000
2018-02-27 18:08:23,0.00036850,4.07000000
2018-02-27 18:08:25,0.00036850,489.88000000
2018-02-27 18:08:27,0.00036860,544.44000000
2018-02-27 18:08:30,0.00036860,1219.91000000
2018-02-27 18:08:36,0.00036860,947.63000000
2018-02-27 18:08:41,0.00036860,64.51000000
2018-02-27 18:08:48,0.00036860,4.07000000
2018-02-27 18:08:50,0.00036860,24.24000000
2018-02-27 18:08:51,0.00036770,30.00000000
2018-02-27 18:08:51,0.00036760,70.63000000
2018-02-27 18:08:51,0.00036860,284.06000000
2018-02-27 18:08:52,0.00036850,5.99000000
2018-02-27 18:08:53,0.00036850,5.99000000
2018-02-27 18:08:53,0.00036850,3.02000000
2018-02-27 18:08:53,0.00036860,2.97000000
2018-02-27 18:08:57,0.00036860,1000.00000000
2018-02-27 18:09:01,0.00036850,15.00000000
2018-02-27 18:09:01,0.00036860,10.06000000
2018-02-27 18:09:07,0.00036860,13.56000000
2018-02-27 18:09:15,0.00036830,4.45000000
2018-02-27 18:09:15,0.00036830,9.55000000
2018-02-27 18:09:16,0.00036850,5.99000000
2018-02-27 18:09:25,0.00036850,45.16000000
2018-02-27 18:09:31,0.00036850,212.46000000
2018-02-27 18:09:33,0.00036860,53.12000000
2018-02-27 18:09:34,0.00036860,13.26000000
2018-02-27 18:09:34,0.00036840,212.46000000
2018-02-27 18:09:39,0.00036820,5.84000000
2018-02-27 18:09:51,0.00036830,51.15000000
2018-02-27 18:09:51,0.00036820,37.84000000
2018-02-27 18:09:51,0.00036800,15.00000000
2018-02-27 18:09:51,0.00036790,269.93000000
2018-02-27 18:09:57,0.00036790,13.60000000
2018-02-27 18:09:57,0.00036780,335.05000000
2018-02-27 18:09:57,0.00036720,588.20000000
2018-02-27 18:09:57,0.00036710,2279.84000000
2018-02-27 18:09:57,0.00036830,1.00000000
2018-02-27 18:09:58,0.00036800,13.59000000
2018-02-27 18:10:00,0.00036770,13.39000000
2018-02-27 18:10:01,0.00036770,6.04000000
2018-02-27 18:10:02,0.00036750,4.45000000
2018-02-27 18:10:02,0.00036750,30.21000000
2018-02-27 18:10:03,0.00036740,66.36000000
2018-02-27 18:10:03,0.00036730,5.45000000
2018-02-27 18:10:04,0.00036730,45.99000000
2018-02-27 18:10:04,0.00036740,150.64000000
2018-02-27 18:10:06,0.00036720,13.50000000
2018-02-27 18:10:06,0.00036710,136.20000000
2018-02-27 18:10:06,0.00036700,306.53000000
2018-02-27 18:10:07,0.00036790,8.15000000
2018-02-27 18:10:10,0.00036790,8.15000000
2018-02-27 18:10:10,0.00036710,13.50000000
2018-02-27 18:10:10,0.00036700,1.42000000
2018-02-27 18:10:15,0.00036790,74.10000000
2018-02-27 18:10:15,0.00036830,187.60000000
2018-02-27 18:10:15,0.00036850,233.82000000
2018-02-27 18:10:18,0.00036790,158.30000000
2018-02-27 18:10:21,0.00036850,62.00000000
2018-02-27 18:10:23,0.00036750,71.82000000
2018-02-27 18:10:23,0.00036740,84.65000000
2018-02-27 18:10:29,0.00036810,3.16000000
2018-02-27 18:10:34,0.00036810,11.46000000
2018-02-27 18:10:40,0.00036810,50.00000000
2018-02-27 18:10:44,0.00036790,15.48000000
2018-02-27 18:10:49,0.00036730,38.50000000
2018-02-27 18:10:49,0.00036720,233.30000000
2018-02-27 18:11:02,0.00036790,4.55000000
2018-02-27 18:11:27,0.00036790,0.88000000
2018-02-27 18:11:32,0.00036790,39.12000000
2018-02-27 18:11:32,0.00036800,230.12000000
2018-02-27 18:11:32,0.00036810,374.18000000
2018-02-27 18:11:42,0.00036730,5.39000000
2018-02-27 18:11:53,0.00036730,9.21000000
2018-02-27 18:11:53,0.00036720,15.03000000
2018-02-27 18:12:00,0.00036810,2.67000000
2018-02-27 18:12:12,0.00036800,89.97000000
2018-02-27 18:12:13,0.00036800,27.17000000
2018-02-27 18:12:23,0.00036800,40.92000000
2018-02-27 18:12:34,0.00036780,13.60000000
2018-02-27 18:12:34,0.00036770,22.02000000
2018-02-27 18:12:34,0.00036720,46.69000000
2018-02-27 18:12:36,0.00036790,70.50000000
2018-02-27 18:12:36,0.00036800,125.80000000
2018-02-27 18:12:42,0.00036800,609.67000000
2018-02-27 18:12:43,0.00036800,3.63000000
2018-02-27 18:12:50,0.00036800,3.00000000
2018-02-27 18:12:54,0.00036800,27.06000000
2018-02-27 18:12:54,0.00036800,103.16000000
2018-02-27 18:12:56,0.00036800,52.52000000
2018-02-27 18:13:01,0.00036800,20.00000000
2018-02-27 18:13:05,0.00036730,13.62000000
2018-02-27 18:13:05,0.00036730,54.74000000
2018-02-27 18:13:05,0.00036800,54.74000000
2018-02-27 18:13:12,0.00036800,188.21000000
2018-02-27 18:13:18,0.00036800,0.01000000
2018-02-27 18:13:24,0.00036740,13.61000000
2018-02-27 18:13:24,0.00036730,3.26000000
2018-02-27 18:13:27,0.00036800,3.00000000
2018-02-27 18:13:45,0.00036770,65.53000000
2018-02-27 18:13:51,0.00036770,6.80000000
2018-02-27 18:13:52,0.00036770,48.28000000
2018-02-27 18:13:53,0.00036770,73.09000000
2018-02-27 18:14:03,0.00036770,188.30000000
2018-02-27 18:14:16,0.00036790,13.60000000
2018-02-27 18:14:16,0.00036780,13.40000000
2018-02-27 18:14:22,0.00036800,50.00000000
2018-02-27 18:14:27,0.00036800,4.00000000
2018-02-27 18:14:36,0.00036800,15.65000000
2018-02-27 18:14:36,0.00036760,69.09000000
2018-02-27 18:14:37,0.00036800,100.51000000
2018-02-27 18:14:37,0.00036800,20.00000000
2018-02-27 18:14:38,0.00036770,13.60000000
2018-02-27 18:14:38,0.00036760,21.30000000
2018-02-27 18:14:39,0.00036760,5.44000000
2018-02-27 18:14:39,0.00036760,123.91000000
2018-02-27 18:14:40,0.00036790,22.69000000
2018-02-27 18:14:43,0.00036790,6.25000000
2018-02-27 18:14:53,0.00036770,18.10000000
2018-02-27 18:14:54,0.00036770,8.42000000
2018-02-27 18:14:54,0.00036790,400.23000000
2018-02-27 18:14:54,0.00036800,89.77000000
2018-02-27 18:14:56,0.00036800,124.29000000
2018-02-27 18:14:56,0.00036790,112.00000000
2018-02-27 18:14:57,0.00036790,23.90000000
2018-02-27 18:14:57,0.00036800,7.17000000
2018-02-27 18:15:00,0.00036800,7.77000000
2018-02-27 18:15:02,0.00036800,1.95000000
2018-02-27 18:15:03,0.00036800,0.48000000
2018-02-27 18:15:04,0.00036800,0.12000000
2018-02-27 18:15:06,0.00036800,0.03000000
2018-02-27 18:15:07,0.00036800,0.01000000
2018-02-27 18:15:10,0.00036790,85.91000000
2018-02-27 18:15:22,0.00036790,76.49000000
2018-02-27 18:15:22,0.00036800,65.37000000
2018-02-27 18:15:27,0.00036800,50.00000000
2018-02-27 18:15:35,0.00036770,13.60000000
2018-02-27 18:15:35,0.00036750,400.00000000
2018-02-27 18:15:35,0.00036710,124.25000000
2018-02-27 18:15:55,0.00036790,136.72000000
2018-02-27 18:15:55,0.00036800,211.01000000
2018-02-27 18:15:55,0.00036810,14.41000000
2018-02-27 18:15:55,0.00036830,111.56000000
2018-02-27 18:16:01,0.00036740,15.00000000
2018-02-27 18:16:01,0.00036730,44.00000000
2018-02-27 18:16:01,0.00036720,128.47000000
2018-02-27 18:16:01,0.00036710,92.39000000
2018-02-27 18:16:01,0.00036700,499.79000000
2018-02-27 18:16:10,0.00036780,15.00000000
2018-02-27 18:16:10,0.00036790,102.54000000
2018-02-27 18:16:53,0.00036760,141.56000000
2018-02-27 18:16:53,0.00036750,169.59000000
2018-02-27 18:17:04,0.00036790,96.93000000
2018-02-27 18:17:04,0.00036820,30.00000000
2018-02-27 18:17:04,0.00036830,341.42000000
2018-02-27 18:17:04,0.00036840,110.65000000
2018-02-27 18:17:06,0.00036780,4.59000000
2018-02-27 18:17:10,0.00036800,230.12000000
2018-02-27 18:17:10,0.00036790,32.26000000
2018-02-27 18:17:10,0.00036750,357.42000000
2018-02-27 18:17:10,0.00036710,188.21000000
2018-02-27 18:17:10,0.00036700,327.49000000
2018-02-27 18:17:10,0.00036840,1780.49000000
2018-02-27 18:17:31,0.00036830,2.72000000
2018-02-27 18:18:03,0.00036810,4.01000000
2018-02-27 18:18:03,0.00036820,46.04000000
2018-02-27 18:18:03,0.00036820,210.00000000
2018-02-27 18:18:12,0.00036820,44.05000000
2018-02-27 18:18:12,0.00036820,177.35000000
2018-02-27 18:18:14,0.00036750,10.96000000
2018-02-27 18:18:15,0.00036810,2.00000000
2018-02-27 18:18:17,0.00036810,1.92000000
2018-02-27 18:18:17,0.00036820,17.26000000
2018-02-27 18:18:21,0.00036820,248.94000000
2018-02-27 18:18:36,0.00036810,3.83000000
2018-02-27 18:18:36,0.00036820,61.09000000
2018-02-27 18:18:36,0.00036830,161.01000000
2018-02-27 18:18:37,0.00036830,5.75000000
2018-02-27 18:18:50,0.00036820,30.83000000
2018-02-27 18:18:53,0.00036820,3.75000000
2018-02-27 18:18:55,0.00036820,4.45000000
2018-02-27 18:18:55,0.00036820,4.45000000
2018-02-27 18:18:55,0.00036820,4.69000000
2018-02-27 18:18:55,0.00036820,55.70000000
2018-02-27 18:19:01,0.00036830,62.80000000
2018-02-27 18:19:02,0.00036830,1986.45000000
2018-02-27 18:19:05,0.00036860,3.00000000
2018-02-27 18:19:07,0.00036830,62.78000000
2018-02-27 18:19:08,0.00036830,0.02000000
2018-02-27 18:19:08,0.00036790,78.96000000
2018-02-27 18:19:09,0.00036830,316.04000000
2018-02-27 18:19:10,0.00036840,301.47000000
2018-02-27 18:19:17,0.00036830,1683.05000000
2018-02-27 18:19:17,0.00036840,9.21000000
2018-02-27 18:19:22,0.00036840,929.87000000
2018-02-27 18:19:23,0.00036840,0.01000000
2018-02-27 18:19:23,0.00036760,156.89000000
2018-02-27 18:20:33,0.00036790,21.35000000
2018-02-27 18:20:39,0.00036790,118.84000000
2018-02-27 18:20:48,0.00036790,0.01000000
2018-02-27 18:20:48,0.00036780,10.61000000
2018-02-27 18:20:48,0.00036810,3.35000000
2018-02-27 18:20:48,0.00036820,1.65000000
2018-02-27 18:20:48,0.00036780,1.00000000
2018-02-27 18:20:49,0.00036780,24.69000000
2018-02-27 18:20:51,0.00036820,1.78000000
2018-02-27 18:20:51,0.00036830,10.49000000
2018-02-27 18:20:51,0.00036840,3.58000000
2018-02-27 18:20:51,0.00036850,3.67000000
2018-02-27 18:20:51,0.00036880,16.80000000
2018-02-27 18:20:51,0.00036890,12.49000000
2018-02-27 18:20:51,0.00036780,4.45000000
2018-02-27 18:20:52,0.00036780,5.58000000
2018-02-27 18:20:53,0.00036780,4.95000000
2018-02-27 18:20:54,0.00036800,3.28000000
2018-02-27 18:20:54,0.00036880,8.84000000
2018-02-27 18:20:54,0.00036780,8.84000000
2018-02-27 18:20:58,0.00036890,10.68000000
2018-02-27 18:20:59,0.00036890,3.01000000
2018-02-27 18:20:59,0.00036800,3.79000000
2018-02-27 18:21:00,0.00036800,9.91000000
2018-02-27 18:21:01,0.00036890,1.00000000
2018-02-27 18:21:07,0.00036880,3.75000000
2018-02-27 18:21:07,0.00036890,65.80000000
2018-02-27 18:21:10,0.00036890,15.72000000
2018-02-27 18:21:11,0.00036890,35.78000000
2018-02-27 18:21:22,0.00036880,13.50000000
2018-02-27 18:21:22,0.00036900,5.70000000
2018-02-27 18:21:34,0.00036810,13.58000000
2018-02-27 18:21:45,0.00036880,13.50000000
2018-02-27 18:21:45,0.00036890,2.50000000
2018-02-27 18:21:47,0.00036890,0.02000000
2018-02-27 18:21:51,0.00036890,13.48000000
2018-02-27 18:21:51,0.00036900,659.93000000
2018-02-27 18:22:07,0.00036890,36.07000000
2018-02-27 18:22:08,0.00036890,15.00000000
2018-02-27 18:22:08,0.00036900,85.73000000
2018-02-27 18:22:10,0.00036820,30.00000000
2018-02-27 18:22:10,0.00036810,0.01000000
2018-02-27 18:22:10,0.00036800,34.60000000
2018-02-27 18:22:10,0.00036800,184.73000000
2018-02-27 18:22:10,0.00036800,13.58000000
2018-02-27 18:22:12,0.00036800,10.16000000
2018-02-27 18:22:14,0.00036790,13.45000000
2018-02-27 18:22:14,0.00036800,5.43000000
2018-02-27 18:22:14,0.00036800,109.45000000
2018-02-27 18:22:18,0.00036880,15.46000000
2018-02-27 18:22:19,0.00036800,15.46000000
2018-02-27 18:22:31,0.00036880,11.16000000
2018-02-27 18:22:49,0.00036860,3.64000000
2018-02-27 18:23:15,0.00036820,30.67000000
2018-02-27 18:23:22,0.00036830,13.58000000
2018-02-27 18:23:27,0.00036830,13.58000000
2018-02-27 18:23:39,0.00036820,4.69000000
2018-02-27 18:23:39,0.00036820,437.32000000
2018-02-27 18:23:40,0.00036820,5.08000000
2018-02-27 18:23:42,0.00036820,235.81000000
2018-02-27 18:23:48,0.00036820,4.45000000
2018-02-27 18:23:49,0.00036820,4.45000000
2018-02-27 18:23:51,0.00036820,4.45000000
2018-02-27 18:23:57,0.00036820,111.68000000
2018-02-27 18:24:12,0.00036820,2.27000000
2018-02-27 18:24:27,0.00036810,12.73000000
2018-02-27 18:24:28,0.00036810,4.45000000
2018-02-27 18:24:34,0.00036810,4.45000000
2018-02-27 18:24:35,0.00036810,175.97000000
2018-02-27 18:24:35,0.00036800,24.62000000
2018-02-27 18:24:36,0.00036810,176.22000000
2018-02-27 18:24:36,0.00036820,140.36000000
2018-02-27 18:24:37,0.00036810,7.82000000
2018-02-27 18:24:38,0.00036810,7.15000000
2018-02-27 18:24:39,0.00036810,6.03000000
2018-02-27 18:24:43,0.00036810,4.45000000
2018-02-27 18:24:43,0.00036810,24.55000000
2018-02-27 18:24:49,0.00036810,69.93000000
2018-02-27 18:24:50,0.00036810,4.69000000
2018-02-27 18:24:50,0.00036810,22.78000000
2018-02-27 18:25:01,0.00036820,7.06000000
2018-02-27 18:25:03,0.00036820,4.45000000
2018-02-27 18:25:04,0.00036820,43.72000000
2018-02-27 18:25:04,0.00036810,9.12000000
2018-02-27 18:25:05,0.00036810,4.45000000
2018-02-27 18:25:05,0.00036810,261.14000000
2018-02-27 18:25:16,0.00036810,41.43000000
2018-02-27 18:25:38,0.00036800,20.00000000
2018-02-27 18:25:39,0.00036810,2.72000000
2018-02-27 18:25:41,0.00036810,63.05000000
2018-02-27 18:25:44,0.00036810,4.45000000
2018-02-27 18:25:44,0.00036810,4.45000000
2018-02-27 18:25:45,0.00036810,109.76000000
2018-02-27 18:25:45,0.00036800,74.84000000
2018-02-27 18:25:45,0.00036790,51.72000000
2018-02-27 18:25:45,0.00036780,35.69000000
2018-02-27 18:25:45,0.00036770,78.78000000
2018-02-27 18:25:45,0.00036760,589.96000000
2018-02-27 18:25:45,0.00036730,116.47000000
2018-02-27 18:25:47,0.00036810,4.69000000
2018-02-27 18:25:48,0.00036810,24.82000000
2018-02-27 18:25:50,0.00036850,2.72000000
2018-02-27 18:25:50,0.00036860,14.43000000
2018-02-27 18:26:00,0.00036850,13.58000000
2018-02-27 18:26:04,0.00036810,0.01000000
2018-02-27 18:26:05,0.00036810,39.69000000
2018-02-27 18:26:05,0.00036810,184.99000000
2018-02-27 18:26:05,0.00036840,3.89000000
2018-02-27 18:26:11,0.00036800,0.19000000
2018-02-27 18:26:14,0.00036830,267.30000000
2018-02-27 18:26:14,0.00036840,37.51000000
2018-02-27 18:26:14,0.00036850,8.63000000
2018-02-27 18:26:14,0.00036860,129.52000000
2018-02-27 18:26:19,0.00036850,3.00000000
2018-02-27 18:26:26,0.00036840,3.00000000
2018-02-27 18:26:26,0.00036860,27.00000000
2018-02-27 18:26:28,0.00036860,37.72000000
2018-02-27 18:26:29,0.00036860,20.00000000
2018-02-27 18:26:30,0.00036860,47.51000000
2018-02-27 18:26:31,0.00036860,18.86000000
2018-02-27 18:26:32,0.00036800,62.80000000
2018-02-27 18:26:34,0.00036800,19.40000000
2018-02-27 18:26:34,0.00036860,8.04000000
2018-02-27 18:26:34,0.00036880,1.40000000
2018-02-27 18:26:35,0.00036800,17.60000000
2018-02-27 18:26:37,0.00036860,81.51000000
2018-02-27 18:26:37,0.00036860,18.61000000
2018-02-27 18:26:37,0.00036800,27.12000000
2018-02-27 18:26:46,0.00036850,4.71000000
2018-02-27 18:26:50,0.00036850,4.71000000
2018-02-27 18:26:54,0.00036800,95.45000000
2018-02-27 18:27:06,0.00036840,24.68000000
2018-02-27 18:27:14,0.00036800,42.24000000
2018-02-27 18:27:14,0.00036800,10.92000000
2018-02-27 18:27:16,0.00036800,328.86000000
2018-02-27 18:27:52,0.00036780,12.68000000
2018-02-27 18:27:56,0.00036750,0.03000000
2018-02-27 18:27:57,0.00036780,4.00000000
2018-02-27 18:28:07,0.00036770,19.28000000
2018-02-27 18:28:19,0.00036770,116.27000000
2018-02-27 18:28:29,0.00036770,20.00000000
2018-02-27 18:28:32,0.00036770,17.31000000
2018-02-27 18:28:34,0.00036750,138.32000000
2018-02-27 18:28:34,0.00036730,40.30000000
2018-02-27 18:28:34,0.00036720,382.24000000
2018-02-27 18:28:34,0.00036710,116.83000000
2018-02-27 18:28:34,0.00036700,102.54000000
2018-02-27 18:28:35,0.00036760,223.90000000
2018-02-27 18:28:44,0.00036760,104.42000000
2018-02-27 18:28:44,0.00036760,22.00000000
2018-02-27 18:28:47,0.00036710,65.03000000
2018-02-27 18:28:57,0.00036730,349.76000000
2018-02-27 18:28:57,0.00036730,245.34000000
2018-02-27 18:28:57,0.00036710,3.35000000
2018-02-27 18:28:57,0.00036710,3.36000000
2018-02-27 18:28:58,0.00036710,5.45000000
2018-02-27 18:29:00,0.00036710,30.00000000
2018-02-27 18:29:00,0.00036710,6.33000000
2018-02-27 18:29:01,0.00036710,453.48000000
2018-02-27 18:29:01,0.00036710,13.50000000
2018-02-27 18:29:02,0.00036710,685.83000000
2018-02-27 18:29:02,0.00036710,215.53000000
2018-02-27 18:29:03,0.00036710,11.00000000
2018-02-27 18:29:03,0.00036710,27.22000000
2018-02-27 18:29:06,0.00036700,103.44000000
2018-02-27 18:29:06,0.00036710,30.00000000
2018-02-27 18:29:07,0.00036700,288.47000000
2018-02-27 18:29:07,0.00036680,19.15000000
2018-02-27 18:29:07,0.00036670,77.25000000
2018-02-27 18:29:07,0.00036670,31.06000000
2018-02-27 18:29:07,0.00036660,27.27000000
2018-02-27 18:29:08,0.00036660,27.27000000
2018-02-27 18:29:08,0.00036660,4.49000000
2018-02-27 18:29:08,0.00036660,3.81000000
2018-02-27 18:29:08,0.00036660,27.27000000
2018-02-27 18:29:08,0.00036670,31.06000000
2018-02-27 18:29:08,0.00036660,27.27000000
2018-02-27 18:29:08,0.00036660,27.27000000
2018-02-27 18:29:08,0.00036660,27.26000000
2018-02-27 18:29:08,0.00036660,27.27000000
2018-02-27 18:29:08,0.00036660,27.27000000
2018-02-27 18:29:08,0.00036660,27.27000000
2018-02-27 18:29:08,0.00036660,27.27000000
2018-02-27 18:29:08,0.00036660,5.62000000
2018-02-27 18:29:08,0.00036660,27.27000000
2018-02-27 18:29:08,0.00036660,27.27000000
2018-02-27 18:29:08,0.00036660,27.27000000
2018-02-27 18:29:08,0.00036660,27.26000000
2018-02-27 18:29:08,0.00036660,27.27000000
2018-02-27 18:29:09,0.00036660,181.78000000
2018-02-27 18:29:09,0.00036660,134.05000000
2018-02-27 18:29:09,0.00036660,27.27000000
2018-02-27 18:29:09,0.00036660,3.37000000
2018-02-27 18:29:09,0.00036660,11.89000000
2018-02-27 18:29:09,0.00036660,17.96000000
2018-02-27 18:29:09,0.00036660,2.71000000
2018-02-27 18:29:09,0.00036650,27.27000000
2018-02-27 18:29:09,0.00036650,27.27000000
2018-02-27 18:29:09,0.00036650,11.46000000
2018-02-27 18:29:10,0.00036650,11.46000000
2018-02-27 18:29:10,0.00036650,27.27000000
2018-02-27 18:29:10,0.00036650,27.28000000
2018-02-27 18:29:10,0.00036650,27.28000000
2018-02-27 18:29:10,0.00036650,27.28000000
2018-02-27 18:29:10,0.00036650,27.27000000
2018-02-27 18:29:10,0.00036650,27.28000000
2018-02-27 18:29:10,0.00036690,13.50000000
2018-02-27 18:29:10,0.00036700,0.78000000
2018-02-27 18:29:10,0.00036650,27.28000000
2018-02-27 18:29:10,0.00036650,27.27000000
2018-02-27 18:29:10,0.00036650,27.28000000
2018-02-27 18:29:10,0.00036650,27.27000000
2018-02-27 18:29:11,0.00036650,27.28000000
2018-02-27 18:29:11,0.00036650,135.85000000
2018-02-27 18:29:11,0.00036650,27.28000000
2018-02-27 18:29:11,0.00036650,27.27000000
2018-02-27 18:29:11,0.00036650,135.29000000
2018-02-27 18:29:11,0.00036650,27.28000000
2018-02-27 18:29:11,0.00036650,27.27000000
2018-02-27 18:29:11,0.00036650,27.28000000
2018-02-27 18:29:11,0.00036650,27.27000000
2018-02-27 18:29:11,0.00036650,27.28000000
2018-02-27 18:29:11,0.00036650,27.28000000
2018-02-27 18:29:11,0.00036650,27.28000000
2018-02-27 18:29:11,0.00036650,27.27000000
2018-02-27 18:29:11,0.00036650,27.28000000
2018-02-27 18:29:11,0.00036650,27.27000000
2018-02-27 18:29:11,0.00036650,27.28000000
2018-02-27 18:29:11,0.00036650,12.77000000
2018-02-27 18:29:12,0.00036640,27.29000000
2018-02-27 18:29:12,0.00036640,8.14000000
2018-02-27 18:29:17,0.00036630,97.00000000
2018-02-27 18:29:18,0.00036620,4.49000000
2018-02-27 18:29:19,0.00036670,156.06000000
2018-02-27 18:29:19,0.00036620,126.29000000
2018-02-27 18:29:19,0.00036620,31.82000000
2018-02-27 18:29:21,0.00036610,4.49000000
2018-02-27 18:29:23,0.00036620,13.91000000
2018-02-27 18:29:23,0.00036610,4.04000000
2018-02-27 18:29:24,0.00036620,681.98000000
2018-02-27 18:29:24,0.00036620,196.52000000
2018-02-27 18:29:25,0.00036620,105.21000000
2018-02-27 18:29:27,0.00036610,105.58000000
2018-02-27 18:29:28,0.00036620,5.39000000
2018-02-27 18:29:28,0.00036620,7.73000000
2018-02-27 18:29:29,0.00036620,427.77000000
2018-02-27 18:29:30,0.00036620,389.56000000
2018-02-27 18:29:32,0.00036620,46.06000000
2018-02-27 18:29:32,0.00036620,4.49000000
2018-02-27 18:29:32,0.00036620,5.30000000
2018-02-27 18:29:32,0.00036670,5.38000000
2018-02-27 18:29:33,0.00036660,0.02000000
2018-02-27 18:29:34,0.00036660,10.91000000
2018-02-27 18:29:35,0.00036620,630.15000000
2018-02-27 18:29:35,0.00036610,677.35000000
2018-02-27 18:29:37,0.00036610,33.92000000
2018-02-27 18:29:38,0.00036610,4.49000000
2018-02-27 18:29:38,0.00036610,4.49000000
2018-02-27 18:29:42,0.00036660,6.00000000
2018-02-27 18:29:42,0.00036660,5.59000000
2018-02-27 18:29:42,0.00036610,4.93000000
2018-02-27 18:29:46,0.00036660,13.50000000
2018-02-27 18:29:46,0.00036670,22.25000000
2018-02-27 18:29:46,0.00036700,51.18000000
2018-02-27 18:29:46,0.00036610,40.46000000
2018-02-27 18:29:48,0.00036610,14.04000000
2018-02-27 18:29:50,0.00036660,10.81000000
2018-02-27 18:29:50,0.00036690,13.50000000
2018-02-27 18:29:50,0.00036700,3.23000000
2018-02-27 18:29:55,0.00036620,2.93000000
2018-02-27 18:29:58,0.00036620,159.06000000
2018-02-27 18:29:58,0.00036610,1079.28000000
2018-02-27 18:29:58,0.00036600,2123.06000000
2018-02-27 18:29:58,0.00036590,2214.30000000
2018-02-27 18:30:06,0.00036580,108.81000000
2018-02-27 18:30:06,0.00036570,1.55000000
2018-02-27 18:30:07,0.00036570,43.03000000
2018-02-27 18:30:08,0.00036590,12.66000000
2018-02-27 18:30:17,0.00036620,13.16000000
2018-02-27 18:30:19,0.00036620,3.28000000
2018-02-27 18:30:19,0.00036620,5.91000000
2018-02-27 18:30:20,0.00036570,5.65000000
2018-02-27 18:30:22,0.00036570,894.63000000
2018-02-27 18:30:22,0.00036570,77.35000000
2018-02-27 18:30:24,0.00036570,228.17000000
2018-02-27 18:30:37,0.00036590,10.16000000
2018-02-27 18:30:40,0.00036580,27.90000000
2018-02-27 18:30:40,0.00036570,848.88000000
2018-02-27 18:30:40,0.00036570,78.34000000
2018-02-27 18:30:40,0.00036570,37.06000000
2018-02-27 18:30:41,0.00036570,6.75000000
2018-02-27 18:30:43,0.00036570,30.89000000
2018-02-27 18:30:44,0.00036570,8.35000000
2018-02-27 18:30:45,0.00036560,27.06000000
2018-02-27 18:30:51,0.00036570,110.46000000
2018-02-27 18:30:52,0.00036560,35.06000000
2018-02-27 18:30:54,0.00036560,224.71000000
2018-02-27 18:30:54,0.00036560,30.00000000
2018-02-27 18:31:01,0.00036570,371.55000000
2018-02-27 18:31:03,0.00036560,487.05000000
2018-02-27 18:31:03,0.00036570,113.00000000
2018-02-27 18:31:05,0.00036620,448.64000000
2018-02-27 18:31:05,0.00036560,90.06000000
2018-02-27 18:31:06,0.00036560,5.70000000
2018-02-27 18:31:07,0.00036560,0.02000000
2018-02-27 18:31:09,0.00036550,9.00000000
2018-02-27 18:31:09,0.00036550,9.00000000
2018-02-27 18:31:12,0.00036560,17.00000000
2018-02-27 18:31:14,0.00036540,75.87000000
2018-02-27 18:31:15,0.00036550,5.47000000
2018-02-27 18:31:20,0.00036540,180.00000000
2018-02-27 18:31:22,0.00036540,10.33000000
2018-02-27 18:31:22,0.00036550,20.00000000
2018-02-27 18:31:24,0.00036540,4.70000000
2018-02-27 18:31:24,0.00036540,4.50000000
2018-02-27 18:31:24,0.00036550,18.53000000
2018-02-27 18:31:24,0.00036550,9.00000000
2018-02-27 18:31:25,0.00036550,362.06000000
2018-02-27 18:31:25,0.00036560,31.18000000
2018-02-27 18:31:26,0.00036550,134.51000000
2018-02-27 18:31:26,0.00036550,13.50000000
2018-02-27 18:31:26,0.00036550,9.00000000
2018-02-27 18:31:26,0.00036550,9.23000000
2018-02-27 18:31:27,0.00036550,4.70000000
2018-02-27 18:31:28,0.00036550,84.51000000
2018-02-27 18:31:28,0.00036540,4.50000000
2018-02-27 18:31:29,0.00036540,38.95000000
2018-02-27 18:31:29,0.00036540,4.70000000
2018-02-27 18:31:29,0.00036550,10.00000000
2018-02-27 18:31:32,0.00036550,49.02000000
2018-02-27 18:31:32,0.00036540,4.70000000
2018-02-27 18:31:32,0.00036550,284.01000000
2018-02-27 18:31:33,0.00036540,168.87000000
2018-02-27 18:31:34,0.00036540,9.66000000
2018-02-27 18:31:36,0.00036550,27.35000000
2018-02-27 18:31:37,0.00036550,216.88000000
2018-02-27 18:31:39,0.00036550,74.45000000
2018-02-27 18:31:41,0.00036550,946.77000000
2018-02-27 18:31:42,0.00036550,4.50000000
2018-02-27 18:31:42,0.00036550,4.95000000
2018-02-27 18:31:44,0.00036550,9.43000000
2018-02-27 18:31:45,0.00036550,4.28000000
2018-02-27 18:31:48,0.00036550,3.35000000
2018-02-27 18:31:51,0.00036560,39.06000000
2018-02-27 18:31:55,0.00036560,438.09000000
2018-02-27 18:31:59,0.00036570,29.99000000
2018-02-27 18:31:59,0.00036620,923.74000000
2018-02-27 18:32:01,0.00036620,202.16000000
2018-02-27 18:32:02,0.00036620,27.28000000
2018-02-27 18:32:03,0.00036620,192.59000000
2018-02-27 18:32:03,0.00036620,5.80000000
2018-02-27 18:32:06,0.00036650,4.91000000
2018-02-27 18:32:07,0.00036650,5.75000000
2018-02-27 18:32:08,0.00036620,5.00000000
2018-02-27 18:32:08,0.00036650,16.98000000
2018-02-27 18:32:09,0.00036650,24.64000000
2018-02-27 18:32:10,0.00036650,6.82000000
2018-02-27 18:32:13,0.00036640,7.38000000
2018-02-27 18:32:13,0.00036650,6.26000000
2018-02-27 18:32:17,0.00036650,264.17000000
2018-02-27 18:32:21,0.00036730,6.81000000
2018-02-27 18:32:24,0.00036650,20.12000000
2018-02-27 18:32:25,0.00036640,5.77000000
2018-02-27 18:32:30,0.00036630,6.17000000
2018-02-27 18:32:35,0.00036650,13.14000000
2018-02-27 18:32:40,0.00036650,132.18000000
2018-02-27 18:32:41,0.00036730,96.26000000
2018-02-27 18:32:42,0.00036730,13.50000000
2018-02-27 18:32:43,0.00036730,25.42000000
2018-02-27 18:32:45,0.00036650,21.46000000
2018-02-27 18:32:46,0.00036730,71.78000000
2018-02-27 18:32:48,0.00036730,4.48000000
2018-02-27 18:32:48,0.00036730,4.48000000
2018-02-27 18:32:51,0.00036730,26.01000000
2018-02-27 18:32:51,0.00036730,3.64000000
2018-02-27 18:32:52,0.00036740,8.36000000
2018-02-27 18:32:52,0.00036750,1.64000000
2018-02-27 18:32:54,0.00036750,9.63000000
2018-02-27 18:32:54,0.00036760,17.58000000
2018-02-27 18:32:58,0.00036730,106.19000000
2018-02-27 18:33:02,0.00036730,260.70000000
2018-02-27 18:33:04,0.00036750,177.56000000
2018-02-27 18:33:05,0.00036650,50.00000000
2018-02-27 18:33:08,0.00036640,43.11000000
2018-02-27 18:33:08,0.00036620,320.48000000
2018-02-27 18:33:09,0.00036650,1097.61000000
2018-02-27 18:33:11,0.00036650,5.54000000
2018-02-27 18:33:11,0.00036650,236.35000000
2018-02-27 18:33:11,0.00036740,4.21000000
2018-02-27 18:33:11,0.00036750,661.32000000
2018-02-27 18:33:11,0.00036750,22.94000000
2018-02-27 18:33:12,0.00036750,207.57000000
2018-02-27 18:33:12,0.00036750,175.72000000
2018-02-27 18:33:15,0.00036760,5.61000000
2018-02-27 18:33:21,0.00036750,979.24000000
2018-02-27 18:33:23,0.00036750,358.26000000
2018-02-27 18:33:29,0.00036750,1504.63000000
2018-02-27 18:33:29,0.00036810,49.50000000
2018-02-27 18:33:29,0.00036810,27.16000000
2018-02-27 18:33:32,0.00036800,8.51000000
2018-02-27 18:33:32,0.00036810,60.19000000
2018-02-27 18:33:35,0.00036800,5.43000000
2018-02-27 18:33:36,0.00036800,3.26000000
2018-02-27 18:33:42,0.00036800,21.46000000
2018-02-27 18:33:42,0.00036810,61.38000000
2018-02-27 18:33:43,0.00036800,0.91000000
2018-02-27 18:33:58,0.00036800,2.53000000
2018-02-27 18:33:59,0.00036800,5.78000000
2018-02-27 18:34:00,0.00036800,124.22000000
2018-02-27 18:34:06,0.00036790,109.58000000
2018-02-27 18:34:06,0.00036790,16.31000000
2018-02-27 18:34:07,0.00036790,11.79000000
2018-02-27 18:34:09,0.00036790,131.62000000
2018-02-27 18:34:26,0.00036760,79.92000000
2018-02-27 18:34:30,0.00036760,7.88000000
2018-02-27 18:34:32,0.00036760,312.84000000
2018-02-27 18:34:38,0.00036760,100.00000000
2018-02-27 18:34:46,0.00036760,82.61000000
2018-02-27 18:34:52,0.00036760,0.01000000
2018-02-27 18:34:55,0.00036760,96.25000000
2018-02-27 18:35:05,0.00036770,13.20000000
2018-02-27 18:35:05,0.00036780,8.12000000
2018-02-27 18:35:05,0.00036810,8.68000000
2018-02-27 18:35:09,0.00036810,59.90000000
2018-02-27 18:35:15,0.00036800,7.62000000
2018-02-27 18:35:15,0.00036810,55.13000000
2018-02-27 18:35:22,0.00036850,2.72000000
2018-02-27 18:35:24,0.00036810,37.25000000
2018-02-27 18:35:26,0.00036810,13.52000000
2018-02-27 18:35:28,0.00036810,8.15000000
2018-02-27 18:35:44,0.00036770,13.21000000
2018-02-27 18:35:48,0.00036770,37.17000000
2018-02-27 18:35:51,0.00036770,88.93000000
2018-02-27 18:35:51,0.00036780,7.31000000
2018-02-27 18:35:51,0.00036790,25.01000000
2018-02-27 18:35:51,0.00036800,89.38000000
2018-02-27 18:35:51,0.00036810,107.15000000
2018-02-27 18:35:54,0.00036810,22.77000000
2018-02-27 18:35:54,0.00036860,3.51000000
2018-02-27 18:36:20,0.00036770,3.71000000
2018-02-27 18:36:27,0.00036770,1.10000000
2018-02-27 18:36:31,0.00036770,25.20000000
2018-02-27 18:36:35,0.00036770,22.00000000
2018-02-27 18:37:08,0.00036830,6.80000000
2018-02-27 18:37:09,0.00036830,0.01000000
2018-02-27 18:37:09,0.00036840,6.94000000
2018-02-27 18:37:12,0.00036820,4.45000000
2018-02-27 18:37:32,0.00036810,6.53000000
2018-02-27 18:37:36,0.00036800,65.81000000
2018-02-27 18:37:36,0.00036800,12.98000000
2018-02-27 18:37:37,0.00036800,38.42000000
2018-02-27 18:37:37,0.00036800,30.62000000
2018-02-27 18:37:38,0.00036800,55.32000000
2018-02-27 18:37:38,0.00036800,50.00000000
2018-02-27 18:37:42,0.00036800,5.43000000
2018-02-27 18:37:45,0.00036800,259.39000000
2018-02-27 18:37:45,0.00036800,52.32000000
2018-02-27 18:37:48,0.00036800,405.75000000
2018-02-27 18:37:50,0.00036800,55.48000000
2018-02-27 18:37:50,0.00036800,13.59000000
2018-02-27 18:37:51,0.00036790,6.38000000
2018-02-27 18:37:52,0.00036800,5.37000000
2018-02-27 18:37:53,0.00036800,4.07000000
2018-02-27 18:38:04,0.00036800,150.00000000
2018-02-27 18:38:06,0.00036800,1067.00000000
2018-02-27 18:38:07,0.00036800,13.59000000
2018-02-27 18:38:08,0.00036800,86.41000000
2018-02-27 18:38:10,0.00036800,87.18000000
2018-02-27 18:38:11,0.00036800,2.72000000
2018-02-27 18:38:11,0.00036800,21.00000000
2018-02-27 18:38:11,0.00036790,6.24000000
2018-02-27 18:38:16,0.00036790,0.38000000
2018-02-27 18:38:16,0.00036770,11.42000000
2018-02-27 18:38:18,0.00036800,37.00000000
2018-02-27 18:38:19,0.00036800,39.72000000
2018-02-27 18:38:22,0.00036770,57.21000000
2018-02-27 18:38:23,0.00036770,13.60000000
2018-02-27 18:38:26,0.00036770,33.57000000
2018-02-27 18:38:26,0.00036770,4.45000000
2018-02-27 18:38:27,0.00036770,4.45000000
2018-02-27 18:38:29,0.00036770,4.45000000
2018-02-27 18:38:30,0.00036770,235.81000000
2018-02-27 18:38:31,0.00036760,6.09000000
2018-02-27 18:38:33,0.00036770,27.04000000
2018-02-27 18:38:36,0.00036770,705.83000000
2018-02-27 18:38:39,0.00036770,16.59000000
2018-02-27 18:38:52,0.00036760,5.96000000
2018-02-27 18:39:11,0.00036760,5.84000000
2018-02-27 18:39:16,0.00036800,11.40000000
2018-02-27 18:39:17,0.00036760,7.40000000
2018-02-27 18:39:18,0.00036760,5.44000000
2018-02-27 18:39:18,0.00036760,7.16000000
2018-02-27 18:39:26,0.00036760,3.02000000
2018-02-27 18:39:28,0.00036720,6.04000000
2018-02-27 18:39:28,0.00036720,111.70000000
2018-02-27 18:39:29,0.00036720,4.48000000
2018-02-27 18:39:31,0.00036720,30.96000000
2018-02-27 18:39:31,0.00036720,0.01000000
2018-02-27 18:39:31,0.00036760,25.87000000
2018-02-27 18:39:36,0.00036710,96.41000000
2018-02-27 18:39:57,0.00036710,447.70000000
2018-02-27 18:40:00,0.00036700,2.73000000
2018-02-27 18:40:05,0.00036750,5.57000000
2018-02-27 18:40:05,0.00036790,7.93000000
2018-02-27 18:40:09,0.00036720,27.21000000
2018-02-27 18:40:22,0.00036720,12.35000000
2018-02-27 18:40:23,0.00036710,40.78000000
2018-02-27 18:40:23,0.00036710,5.41000000
2018-02-27 18:40:23,0.00036710,80.88000000
2018-02-27 18:40:29,0.00036720,35.69000000
2018-02-27 18:40:31,0.00036710,13.98000000
2018-02-27 18:40:31,0.00036710,208.02000000
2018-02-27 18:40:31,0.00036720,153.75000000
2018-02-27 18:40:32,0.00036720,5.34000000
2018-02-27 18:40:34,0.00036720,14.88000000
2018-02-27 18:40:34,0.00036700,25.43000000
2018-02-27 18:40:37,0.00036730,27.23000000
2018-02-27 18:40:42,0.00036730,0.11000000
2018-02-27 18:40:44,0.00036700,415.51000000
2018-02-27 18:40:53,0.00036710,110.56000000
2018-02-27 18:41:11,0.00036720,5.22000000
2018-02-27 18:41:11,0.00036730,7.78000000
2018-02-27 18:41:11,0.00036710,5.08000000
2018-02-27 18:41:13,0.00036710,0.02000000
2018-02-27 18:41:13,0.00036730,32.24000000
2018-02-27 18:41:13,0.00036760,17.79000000
2018-02-27 18:41:26,0.00036750,7.13000000
2018-02-27 18:41:26,0.00036760,6.37000000
2018-02-27 18:41:43,0.00036750,4.99000000
2018-02-27 18:41:43,0.00036760,44.34000000
2018-02-27 18:41:44,0.00036760,2.87000000
2018-02-27 18:41:45,0.00036760,5.55000000
2018-02-27 18:41:48,0.00036760,5.45000000
2018-02-27 18:41:52,0.00036760,14.29000000
2018-02-27 18:41:53,0.00036770,77.04000000
2018-02-27 18:42:08,0.00036760,53.00000000
2018-02-27 18:42:09,0.00036760,6.86000000
2018-02-27 18:42:09,0.00036760,7.15000000
2018-02-27 18:42:11,0.00036760,4.77000000
2018-02-27 18:42:12,0.00036770,4.87000000
2018-02-27 18:42:31,0.00036760,4.72000000
2018-02-27 18:42:34,0.00036770,0.01000000
2018-02-27 18:42:34,0.00036780,5.44000000
2018-02-27 18:42:34,0.00036840,5.25000000
2018-02-27 18:42:37,0.00036770,3.05000000
2018-02-27 18:42:43,0.00036770,2.39000000
2018-02-27 18:42:47,0.00036770,3.52000000
2018-02-27 18:42:50,0.00036760,4.61000000
2018-02-27 18:42:55,0.00036770,4.45000000
2018-02-27 18:42:56,0.00036770,4.45000000
2018-02-27 18:42:57,0.00036770,35.17000000
2018-02-27 18:42:57,0.00036770,0.02000000
2018-02-27 18:42:58,0.00036830,3.00000000
2018-02-27 18:43:05,0.00036830,28.17000000
2018-02-27 18:43:06,0.00036830,4.45000000
2018-02-27 18:43:07,0.00036830,10.84000000
2018-02-27 18:43:08,0.00036830,4.45000000
2018-02-27 18:43:09,0.00036830,6.33000000
2018-02-27 18:43:09,0.00036830,77.87000000
2018-02-27 18:43:09,0.00036830,30.00000000
2018-02-27 18:43:10,0.00036830,4.45000000
2018-02-27 18:43:10,0.00036820,4.50000000
2018-02-27 18:43:11,0.00036830,5.12000000
2018-02-27 18:43:12,0.00036830,23.39000000
2018-02-27 18:43:12,0.00036830,106.29000000
2018-02-27 18:43:13,0.00036830,94.34000000
2018-02-27 18:43:14,0.00036830,0.01000000
2018-02-27 18:43:15,0.00036840,178.66000000
2018-02-27 18:43:30,0.00036830,4.41000000
2018-02-27 18:43:30,0.00036840,15.11000000
2018-02-27 18:43:42,0.00036830,192.09000000
2018-02-27 18:43:44,0.00036830,180.59000000
2018-02-27 18:43:45,0.00036830,56.81000000
2018-02-27 18:43:48,0.00036830,20.10000000
2018-02-27 18:43:53,0.00036830,54.78000000
2018-02-27 18:43:58,0.00036840,13.58000000
2018-02-27 18:44:02,0.00036840,1310.02000000
2018-02-27 18:44:02,0.00036840,64.36000000
2018-02-27 18:44:02,0.00036850,241.06000000
2018-02-27 18:44:04,0.00036830,118.47000000
2018-02-27 18:44:07,0.00036850,36.07000000
2018-02-27 18:44:07,0.00036840,71.06000000
2018-02-27 18:44:10,0.00036840,0.01000000
2018-02-27 18:44:26,0.00036840,2.72000000
2018-02-27 18:44:28,0.00036840,111.90000000
2018-02-27 18:44:30,0.00036830,4.12000000
2018-02-27 18:44:30,0.00036830,383.08000000
2018-02-27 18:44:45,0.00036820,5.43000000
2018-02-27 18:44:47,0.00036820,4.00000000
2018-02-27 18:44:59,0.00036790,229.73000000
2018-02-27 18:45:02,0.00036790,70.26000000
2018-02-27 18:45:06,0.00036780,3.32000000
2018-02-27 18:45:08,0.00036780,13.58000000
2018-02-27 18:45:11,0.00036780,3.94000000
2018-02-27 18:45:14,0.00036790,0.01000000
2018-02-27 18:45:14,0.00036810,8.99000000
2018-02-27 18:45:22,0.00036810,227.42000000
2018-02-27 18:45:24,0.00036780,2.67000000
2018-02-27 18:45:25,0.00036810,4.75000000
2018-02-27 18:45:29,0.00036810,27.16000000
2018-02-27 18:45:30,0.00036780,20.00000000
2018-02-27 18:45:31,0.00036800,3.85000000
2018-02-27 18:45:31,0.00036810,2.35000000
2018-02-27 18:45:35,0.00036780,192.49000000
2018-02-27 18:45:35,0.00036760,47.72000000
2018-02-27 18:45:35,0.00036710,16.00000000
2018-02-27 18:45:35,0.00036700,143.79000000
2018-02-27 18:45:36,0.00036800,361.34000000
2018-02-27 18:45:38,0.00036800,53.85000000
2018-02-27 18:45:48,0.00036800,0.01000000
2018-02-27 18:45:48,0.00036810,29.99000000
2018-02-27 18:45:51,0.00036790,3.75000000
2018-02-27 18:46:06,0.00036790,383.75000000
2018-02-27 18:46:10,0.00036790,2.72000000
2018-02-27 18:46:18,0.00036750,15.00000000
2018-02-27 18:46:19,0.00036750,5.44000000
2018-02-27 18:46:19,0.00036750,7.79000000
2018-02-27 18:46:28,0.00036750,0.01000000
2018-02-27 18:46:30,0.00036750,3.60000000
2018-02-27 18:47:14,0.00036760,3.44000000
2018-02-27 18:47:24,0.00036750,14.00000000
2018-02-27 18:47:26,0.00036760,43.92000000
2018-02-27 18:47:26,0.00036750,193.00000000
2018-02-27 18:47:28,0.00036740,8.34000000
2018-02-27 18:47:38,0.00036740,13.50000000
2018-02-27 18:47:40,0.00036740,4.45000000
2018-02-27 18:47:40,0.00036740,61.35000000
2018-02-27 18:47:42,0.00036740,34.00000000
2018-02-27 18:47:43,0.00036740,22.64000000
2018-02-27 18:47:43,0.00036710,21.84000000
2018-02-27 18:47:43,0.00036700,5.16000000
2018-02-27 18:47:45,0.00036740,108.00000000
2018-02-27 18:47:49,0.00036740,33.95000000
2018-02-27 18:47:50,0.00036740,3.29000000
2018-02-27 18:47:53,0.00036750,51.54000000
2018-02-27 18:47:54,0.00036750,4.08000000
2018-02-27 18:47:56,0.00036740,19.77000000
2018-02-27 18:47:57,0.00036740,77.91000000
2018-02-27 18:47:57,0.00036750,306.55000000
2018-02-27 18:48:03,0.00036700,187.29000000
2018-02-27 18:48:06,0.00036740,220.06000000
2018-02-27 18:48:11,0.00036730,4.08000000
2018-02-27 18:48:15,0.00036730,256.36000000
2018-02-27 18:48:15,0.00036740,343.91000000
2018-02-27 18:48:15,0.00036750,578.73000000
2018-02-27 18:48:23,0.00036750,1330.15000000
2018-02-27 18:48:26,0.00036760,3.37000000
2018-02-27 18:48:29,0.00036750,269.70000000
2018-02-27 18:48:33,0.00036760,4.45000000
2018-02-27 18:48:34,0.00036760,4.45000000
2018-02-27 18:48:34,0.00036760,15.08000000
2018-02-27 18:48:35,0.00036770,3.52000000
2018-02-27 18:48:35,0.00036780,3.68000000
2018-02-27 18:48:39,0.00036790,7.00000000
2018-02-27 18:48:39,0.00036790,5.40000000
2018-02-27 18:48:41,0.00036760,50.00000000
2018-02-27 18:48:42,0.00036760,18.02000000
2018-02-27 18:48:42,0.00036750,42.69000000
2018-02-27 18:48:49,0.00036790,4.45000000
2018-02-27 18:48:50,0.00036790,160.87000000
2018-02-27 18:48:56,0.00036790,3.26000000
2018-02-27 18:49:02,0.00036770,5.00000000
2018-02-27 18:49:12,0.00036790,252.40000000
2018-02-27 18:49:12,0.00036800,47.60000000
2018-02-27 18:49:12,0.00036800,185.40000000
2018-02-27 18:49:12,0.00036820,835.69000000
2018-02-27 18:49:19,0.00036820,151.95000000
2018-02-27 18:49:22,0.00036820,8.36000000
2018-02-27 18:49:22,0.00036830,37.99000000
2018-02-27 18:49:26,0.00036830,12.65000000
2018-02-27 18:49:31,0.00036820,6.02000000
2018-02-27 18:49:32,0.00036830,438.57000000
2018-02-27 18:49:33,0.00036820,35.07000000
2018-02-27 18:49:45,0.00036780,21.54000000
2018-02-27 18:49:49,0.00036780,10.97000000
2018-02-27 18:49:59,0.00036820,65.02000000
2018-02-27 18:49:59,0.00036830,70.78000000
2018-02-27 18:50:11,0.00036830,488.10000000
2018-02-27 18:50:11,0.00036840,10.83000000
2018-02-27 18:50:11,0.00036850,139.17000000
2018-02-27 18:50:41,0.00036830,13.50000000
2018-02-27 18:50:43,0.00036850,219.66000000
2018-02-27 18:50:44,0.00036830,11.53000000
2018-02-27 18:50:45,0.00036850,3.26000000
2018-02-27 18:50:56,0.00036850,29.27000000
2018-02-27 18:51:06,0.00036850,26.29000000
2018-02-27 18:51:11,0.00036850,24.42000000
2018-02-27 18:51:18,0.00036850,157.50000000
2018-02-27 18:51:18,0.00036830,853.17000000
2018-02-27 18:51:19,0.00036830,46.56000000
2018-02-27 18:51:20,0.00036830,100.27000000
2018-02-27 18:51:20,0.00036850,9.86000000
2018-02-27 18:51:20,0.00036850,0.19000000
2018-02-27 18:51:24,0.00036850,220.00000000
2018-02-27 18:51:26,0.00036850,50.77000000
2018-02-27 18:51:33,0.00036840,14.42000000
2018-02-27 18:51:47,0.00036840,33.41000000
2018-02-27 18:52:10,0.00036840,39.79000000
2018-02-27 18:52:14,0.00036820,10.00000000
2018-02-27 18:52:31,0.00036840,109.63000000
2018-02-27 18:53:00,0.00036820,221.23000000
2018-02-27 18:53:10,0.00036810,470.09000000
2018-02-27 18:53:14,0.00036720,9.58000000
2018-02-27 18:53:19,0.00036790,9.58000000
2018-02-27 18:53:19,0.00036800,6.23000000
2018-02-27 18:53:23,0.00036800,5.56000000
2018-02-27 18:53:28,0.00036800,73.32000000
2018-02-27 18:53:33,0.00036800,10.00000000
2018-02-27 18:53:34,0.00036800,22.57000000
2018-02-27 18:53:35,0.00036800,57.27000000
2018-02-27 18:54:04,0.00036820,25.77000000
2018-02-27 18:54:09,0.00036800,2.72000000
2018-02-27 18:54:16,0.00036740,11.53000000
2018-02-27 18:54:16,0.00036720,17.71000000
2018-02-27 18:54:19,0.00036720,49.41000000
2018-02-27 18:54:32,0.00036720,249.00000000
2018-02-27 18:54:32,0.00036710,151.00000000
2018-02-27 18:54:46,0.00036800,42.20000000
2018-02-27 18:54:54,0.00036800,285.06000000
2018-02-27 18:55:08,0.00036800,4.45000000
2018-02-27 18:55:09,0.00036800,75.59000000
2018-02-27 18:55:20,0.00036800,543.00000000
2018-02-27 18:55:32,0.00036800,200.04000000
2018-02-27 18:55:37,0.00036800,183.10000000
2018-02-27 18:55:51,0.00036800,27.17000000
2018-02-27 18:56:10,0.00036790,20.00000000
2018-02-27 18:56:10,0.00036790,5.47000000
2018-02-27 18:56:10,0.00036790,33.00000000
2018-02-27 18:56:10,0.00036790,7.00000000
2018-02-27 18:56:11,0.00036720,44.14000000
2018-02-27 18:56:11,0.00036720,3.86000000
2018-02-27 18:56:19,0.00036720,62.95000000
2018-02-27 18:56:19,0.00036720,15.00000000
2018-02-27 18:56:24,0.00036720,92.12000000
2018-02-27 18:56:26,0.00036720,108.51000000
2018-02-27 18:56:30,0.00036790,529.49000000
2018-02-27 18:56:30,0.00036800,579.40000000
2018-02-27 18:56:40,0.00036800,0.04000000
2018-02-27 18:57:00,0.00036800,2636.88000000
2018-02-27 18:57:05,0.00036730,27.64000000
2018-02-27 18:57:29,0.00036730,33.17000000
2018-02-27 18:57:39,0.00036770,6.05000000
2018-02-27 18:57:41,0.00036740,5.79000000
2018-02-27 18:57:49,0.00036730,0.02000000
2018-02-27 18:57:58,0.00036720,10.99000000
2018-02-27 18:58:01,0.00036720,6.98000000
2018-02-27 18:58:01,0.00036720,131.01000000
2018-02-27 18:58:07,0.00036720,110.99000000
2018-02-27 18:58:07,0.00036710,2.21000000
2018-02-27 18:58:32,0.00036730,4.48000000
2018-02-27 18:58:35,0.00036730,4.48000000
2018-02-27 18:58:35,0.00036730,4.48000000
2018-02-27 18:58:36,0.00036730,4.04000000
2018-02-27 18:58:45,0.00036730,6.30000000
2018-02-27 18:58:49,0.00036760,19.26000000
2018-02-27 18:58:53,0.00036740,4.48000000
2018-02-27 18:58:53,0.00036740,9.13000000
2018-02-27 18:58:53,0.00036730,7.25000000
2018-02-27 18:58:53,0.00036730,37.32000000
2018-02-27 18:58:53,0.00036740,13.61000000
2018-02-27 18:58:56,0.00036730,0.01000000
2018-02-27 18:58:56,0.00036710,0.02000000
2018-02-27 18:58:59,0.00036720,74.23000000
2018-02-27 18:59:05,0.00036740,1.14000000
2018-02-27 18:59:09,0.00036740,12.47000000
2018-02-27 18:59:09,0.00036730,140.71000000
2018-02-27 18:59:15,0.00036770,150.44000000
2018-02-27 18:59:19,0.00036770,92.20000000
2018-02-27 18:59:35,0.00036770,48.34000000
2018-02-27 18:59:36,0.00036780,59.64000000
2018-02-27 18:59:37,0.00036780,151.09000000
2018-02-27 18:59:40,0.00036820,40.00000000
2018-02-27 18:59:45,0.00036770,8.27000000
