DATE,PRICE,VOLUME
2018-02-22 12:05:32,0.00038620,257.71000000
2018-02-22 12:05:32,0.00038620,448.74000000
2018-02-22 12:05:39,0.00038620,258.51000000
2018-02-22 12:05:40,0.00038620,80.31000000
2018-02-22 12:05:41,0.00038620,76.12000000
2018-02-22 12:05:42,0.00038620,908.59000000
2018-02-22 12:05:42,0.00038620,76.13000000
2018-02-22 12:05:42,0.00038620,24.88000000
2018-02-22 12:05:43,0.00038620,14.43000000
2018-02-22 12:05:44,0.00038620,8.26000000
2018-02-22 12:05:47,0.00038620,19.79000000
2018-02-22 12:05:53,0.00038620,107.07000000
2018-02-22 12:05:59,0.00038620,320.91000000
2018-02-22 12:06:14,0.00038610,26.00000000
2018-02-22 12:06:14,0.00038610,77.70000000
2018-02-22 12:06:14,0.00038610,14.15000000
2018-02-22 12:06:29,0.00038620,17.16000000
2018-02-22 12:06:31,0.00038610,6536.47000000
2018-02-22 12:06:40,0.00038610,222.88000000
2018-02-22 12:06:42,0.00038580,36.89000000
2018-02-22 12:06:42,0.00038560,25.93000000
2018-02-22 12:06:42,0.00038510,311.61000000
2018-02-22 12:06:42,0.00038500,225.74000000
2018-02-22 12:06:42,0.00038490,66.60000000
2018-02-22 12:06:55,0.00038580,13.30000000
2018-02-22 12:06:55,0.00038520,227.00000000
2018-02-22 12:06:55,0.00038510,322.77000000
2018-02-22 12:06:57,0.00038570,25.93000000
2018-02-22 12:06:57,0.00038580,186.82000000
2018-02-22 12:06:58,0.00038580,17.60000000
2018-02-22 12:06:59,0.00038580,22.58000000
2018-02-22 12:06:59,0.00038590,106.42000000
2018-02-22 12:06:59,0.00038590,143.54000000
2018-02-22 12:07:01,0.00038530,5.00000000
2018-02-22 12:07:06,0.00038530,193.40000000
2018-02-22 12:07:06,0.00038530,112.56000000
2018-02-22 12:07:06,0.00038530,125.06000000
2018-02-22 12:07:14,0.00038530,100.00000000
2018-02-22 12:07:15,0.00038530,4.89000000
2018-02-22 12:07:18,0.00038530,52.21000000
2018-02-22 12:07:18,0.00038520,93.96000000
2018-02-22 12:07:18,0.00038520,39.20000000
2018-02-22 12:07:42,0.00038530,10.00000000
2018-02-22 12:07:42,0.00038520,9.99000000
2018-02-22 12:07:49,0.00038520,50.60000000
2018-02-22 12:07:49,0.00038500,76.70000000
2018-02-22 12:07:49,0.00038500,98.01000000
2018-02-22 12:07:49,0.00038500,67.99000000
2018-02-22 12:07:49,0.00038500,319.30000000
2018-02-22 12:07:49,0.00038500,77.52000000
2018-02-22 12:07:49,0.00038500,35.34000000
2018-02-22 12:07:49,0.00038500,111.59000000
2018-02-22 12:07:49,0.00038500,35.34000000
2018-02-22 12:07:49,0.00038500,77.77000000
2018-02-22 12:07:49,0.00038490,34.35000000
2018-02-22 12:07:50,0.00038500,4.58000000
2018-02-22 12:07:57,0.00038460,2.92000000
2018-02-22 12:07:57,0.00038460,47.00000000
2018-02-22 12:07:57,0.00038460,26.00000000
2018-02-22 12:07:57,0.00038460,6.42000000
2018-02-22 12:07:57,0.00038460,72.85000000
2018-02-22 12:07:57,0.00038460,25.09000000
2018-02-22 12:07:57,0.00038460,29.47000000
2018-02-22 12:07:57,0.00038500,43.58000000
2018-02-22 12:07:58,0.00038460,25.09000000
2018-02-22 12:08:08,0.00038460,47.75000000
2018-02-22 12:08:11,0.00038440,20.92000000
2018-02-22 12:08:17,0.00038440,15.89000000
2018-02-22 12:08:17,0.00038430,184.11000000
2018-02-22 12:08:18,0.00038430,70.89000000
2018-02-22 12:08:18,0.00038420,235.06000000
2018-02-22 12:08:19,0.00038450,12.96000000
2018-02-22 12:08:19,0.00038460,17.04000000
2018-02-22 12:08:21,0.00038450,427.32000000
2018-02-22 12:08:26,0.00038450,10.00000000
2018-02-22 12:08:32,0.00038460,377.90000000
2018-02-22 12:08:32,0.00038460,14.66000000
2018-02-22 12:08:36,0.00038450,200.00000000
2018-02-22 12:08:36,0.00038450,35.44000000
2018-02-22 12:08:39,0.00038470,52.37000000
2018-02-22 12:08:49,0.00038480,152.27000000
2018-02-22 12:08:59,0.00038480,195.19000000
2018-02-22 12:09:05,0.00038470,327.31000000
2018-02-22 12:09:10,0.00038470,500.00000000
2018-02-22 12:09:13,0.00038470,1604.31000000
2018-02-22 12:09:13,0.00038450,481.55000000
2018-02-22 12:09:13,0.00038470,20.99000000
2018-02-22 12:09:17,0.00038450,4.00000000
2018-02-22 12:09:19,0.00038450,10991.64000000
2018-02-22 12:09:29,0.00038440,28.36000000
2018-02-22 12:09:29,0.00038420,96.12000000
2018-02-22 12:09:30,0.00038450,25.98000000
2018-02-22 12:09:30,0.00038470,1.14000000
2018-02-22 12:09:45,0.00038470,17.42000000
2018-02-22 12:09:47,0.00038470,279.26000000
2018-02-22 12:09:51,0.00038470,48.46000000
2018-02-22 12:10:30,0.00038420,45.57000000
2018-02-22 12:10:41,0.00038460,0.12000000
2018-02-22 12:10:42,0.00038420,8.00000000
2018-02-22 12:10:52,0.00038420,8.68000000
2018-02-22 12:10:52,0.00038410,47.63000000
2018-02-22 12:11:00,0.00038450,9.00000000
2018-02-22 12:11:00,0.00038460,11.00000000
2018-02-22 12:11:03,0.00038440,26.88000000
2018-02-22 12:11:03,0.00038440,26.01000000
2018-02-22 12:11:03,0.00038440,26.88000000
2018-02-22 12:11:03,0.00038440,5.80000000
2018-02-22 12:11:03,0.00038440,11.06000000
2018-02-22 12:11:03,0.00038410,11.06000000
2018-02-22 12:11:09,0.00038410,42.72000000
2018-02-22 12:11:09,0.00038400,551.12000000
2018-02-22 12:11:27,0.00038410,13.02000000
2018-02-22 12:11:27,0.00038400,38.74000000
2018-02-22 12:11:36,0.00038410,100.07000000
2018-02-22 12:11:36,0.00038400,1584.12000000
2018-02-22 12:11:36,0.00038400,15.81000000
2018-02-22 12:11:37,0.00038440,11.15000000
2018-02-22 12:11:59,0.00038430,15.93000000
2018-02-22 12:11:59,0.00038440,71.92000000
2018-02-22 12:12:06,0.00038420,17.87000000
2018-02-22 12:12:11,0.00038420,0.07000000
2018-02-22 12:12:12,0.00038400,7.63000000
2018-02-22 12:12:12,0.00038420,27.00000000
2018-02-22 12:12:12,0.00038420,27.00000000
2018-02-22 12:12:13,0.00038420,259.69000000
2018-02-22 12:12:19,0.00038400,6.37000000
2018-02-22 12:12:19,0.00038400,72.82000000
2018-02-22 12:12:19,0.00038400,33.38000000
2018-02-22 12:12:19,0.00038400,130.21000000
2018-02-22 12:12:19,0.00038400,91.74000000
2018-02-22 12:12:22,0.00038400,130.21000000
2018-02-22 12:12:22,0.00038400,280.11000000
2018-02-22 12:12:25,0.00038400,75.48000000
2018-02-22 12:12:37,0.00038400,2000.00000000
2018-02-22 12:12:51,0.00038400,1634.47000000
2018-02-22 12:12:51,0.00038390,0.07000000
2018-02-22 12:12:56,0.00038400,1545.69000000
2018-02-22 12:13:02,0.00038410,3.77000000
2018-02-22 12:13:03,0.00038410,6.40000000
2018-02-22 12:13:06,0.00038420,65.94000000
2018-02-22 12:13:11,0.00038440,50.00000000
2018-02-22 12:13:15,0.00038460,47.56000000
2018-02-22 12:13:20,0.00038460,36.57000000
2018-02-22 12:13:23,0.00038470,100.00000000
2018-02-22 12:13:37,0.00038480,13.02000000
2018-02-22 12:13:39,0.00038490,100.00000000
2018-02-22 12:13:40,0.00038490,7.98000000
2018-02-22 12:13:44,0.00038490,92.50000000
2018-02-22 12:14:01,0.00038500,6.75000000
2018-02-22 12:14:12,0.00038540,74.97000000
2018-02-22 12:14:12,0.00038540,27.00000000
2018-02-22 12:14:26,0.00038570,151.86000000
2018-02-22 12:14:26,0.00038570,3.94000000
2018-02-22 12:15:04,0.00038570,354.83000000
2018-02-22 12:15:25,0.00038570,76.73000000
2018-02-22 12:15:25,0.00038570,0.02000000
2018-02-22 12:15:34,0.00038540,55.74000000
2018-02-22 12:15:40,0.00038570,66.48000000
2018-02-22 12:15:40,0.00038590,33.52000000
2018-02-22 12:15:45,0.00038590,10.52000000
2018-02-22 12:15:51,0.00038590,44.94000000
2018-02-22 12:15:55,0.00038590,86.26000000
2018-02-22 12:15:57,0.00038590,14.38000000
2018-02-22 12:16:10,0.00038540,20.08000000
2018-02-22 12:16:13,0.00038540,127.80000000
2018-02-22 12:16:13,0.00038580,17.74000000
2018-02-22 12:16:13,0.00038590,2.99000000
2018-02-22 12:16:16,0.00038590,11.26000000
2018-02-22 12:16:21,0.00038590,28.55000000
2018-02-22 12:16:28,0.00038580,5.00000000
2018-02-22 12:16:40,0.00038570,132.96000000
2018-02-22 12:16:43,0.00038580,15.00000000
2018-02-22 12:16:53,0.00038570,89.57000000
2018-02-22 12:16:59,0.00038570,17.02000000
2018-02-22 12:17:12,0.00038570,16.07000000
2018-02-22 12:17:12,0.00038570,15.08000000
2018-02-22 12:17:14,0.00038570,221.25000000
2018-02-22 12:17:14,0.00038570,77.72000000
2018-02-22 12:17:14,0.00038570,30.41000000
2018-02-22 12:17:14,0.00038570,59.65000000
2018-02-22 12:17:14,0.00038570,30.40000000
2018-02-22 12:17:15,0.00038570,14.65000000
2018-02-22 12:17:15,0.00038580,5.88000000
2018-02-22 12:17:15,0.00038540,30.39000000
2018-02-22 12:17:17,0.00038580,5.95000000
2018-02-22 12:17:21,0.00038540,24.51000000
2018-02-22 12:17:30,0.00038510,96.78000000
2018-02-22 12:17:48,0.00038570,0.07000000
2018-02-22 12:17:53,0.00038550,0.87000000
2018-02-22 12:17:55,0.00038550,40.00000000
2018-02-22 12:18:04,0.00038550,209.13000000
2018-02-22 12:18:04,0.00038570,99.93000000
2018-02-22 12:18:10,0.00038570,230.35000000
2018-02-22 12:18:12,0.00038590,4.82000000
2018-02-22 12:18:15,0.00038590,10.00000000
2018-02-22 12:18:16,0.00038590,73.15000000
2018-02-22 12:18:16,0.00038570,60.59000000
2018-02-22 12:18:16,0.00038520,326.79000000
2018-02-22 12:18:16,0.00038510,1039.47000000
2018-02-22 12:18:16,0.00038520,15.00000000
2018-02-22 12:18:16,0.00038510,5.69000000
2018-02-22 12:18:20,0.00038510,3.76000000
2018-02-22 12:18:20,0.00038500,4.24000000
2018-02-22 12:18:25,0.00038520,15.00000000
2018-02-22 12:18:35,0.00038530,12.98000000
2018-02-22 12:18:35,0.00038520,0.62000000
2018-02-22 12:18:35,0.00038590,19.24000000
2018-02-22 12:18:44,0.00038520,3.61000000
2018-02-22 12:18:44,0.00038590,100.39000000
2018-02-22 12:19:01,0.00038490,29.55000000
2018-02-22 12:19:01,0.00038480,25.98000000
2018-02-22 12:19:01,0.00038470,20.00000000
2018-02-22 12:19:01,0.00038460,2.86000000
2018-02-22 12:19:01,0.00038450,64.00000000
2018-02-22 12:19:01,0.00038440,10.84000000
2018-02-22 12:19:01,0.00038540,15.39000000
2018-02-22 12:19:06,0.00038510,40.14000000
2018-02-22 12:19:07,0.00038520,64.00000000
2018-02-22 12:19:07,0.00038520,9.00000000
2018-02-22 12:19:07,0.00038580,31.14000000
2018-02-22 12:19:11,0.00038570,7.98000000
2018-02-22 12:19:18,0.00038560,285.07000000
2018-02-22 12:19:34,0.00038520,10.29000000
2018-02-22 12:19:34,0.00038520,5.07000000
2018-02-22 12:19:34,0.00038510,10.29000000
2018-02-22 12:19:34,0.00038510,10.03000000
2018-02-22 12:19:35,0.00038550,16.68000000
2018-02-22 12:19:56,0.00038450,15.00000000
2018-02-22 12:19:56,0.00038440,28.58000000
2018-02-22 12:19:56,0.00038430,15.62000000
2018-02-22 12:19:56,0.00038420,45.94000000
2018-02-22 12:20:08,0.00038460,13.00000000
2018-02-22 12:20:14,0.00038450,102.00000000
2018-02-22 12:20:15,0.00038440,4.83000000
2018-02-22 12:20:18,0.00038440,41.17000000
2018-02-22 12:20:20,0.00038440,67.18000000
2018-02-22 12:20:20,0.00038430,8.01000000
2018-02-22 12:20:20,0.00038420,2.92000000
2018-02-22 12:20:20,0.00038410,297.78000000
2018-02-22 12:20:27,0.00038410,16.68000000
2018-02-22 12:20:32,0.00038440,6.94000000
2018-02-22 12:20:33,0.00038440,21.64000000
2018-02-22 12:20:36,0.00038450,5.82000000
2018-02-22 12:20:38,0.00038450,184.43000000
2018-02-22 12:20:46,0.00038430,58.02000000
2018-02-22 12:20:46,0.00038450,20.82000000
2018-02-22 12:20:46,0.00038450,466.63000000
2018-02-22 12:20:46,0.00038450,130.04000000
2018-02-22 12:21:14,0.00038450,7.00000000
2018-02-22 12:21:19,0.00038450,388.12000000
2018-02-22 12:21:20,0.00038450,41.61000000
2018-02-22 12:21:24,0.00038460,227.00000000
2018-02-22 12:21:24,0.00038450,570.27000000
2018-02-22 12:21:36,0.00038450,25.04000000
2018-02-22 12:21:36,0.00038450,20.49000000
2018-02-22 12:21:36,0.00038450,20.87000000
2018-02-22 12:21:36,0.00038450,25.04000000
2018-02-22 12:21:36,0.00038450,25.04000000
2018-02-22 12:21:36,0.00038450,26.00000000
2018-02-22 12:21:37,0.00038450,8.41000000
2018-02-22 12:21:38,0.00038430,274.24000000
2018-02-22 12:21:40,0.00038440,16.55000000
2018-02-22 12:21:40,0.00038440,4.32000000
2018-02-22 12:21:46,0.00038450,120.90000000
2018-02-22 12:21:47,0.00038450,21.32000000
2018-02-22 12:22:02,0.00038450,52.63000000
2018-02-22 12:22:03,0.00038490,70.59000000
2018-02-22 12:22:04,0.00038450,7.88000000
2018-02-22 12:22:13,0.00038490,7.63000000
2018-02-22 12:22:14,0.00038500,7.76000000
2018-02-22 12:22:14,0.00038510,6.24000000
2018-02-22 12:22:16,0.00038490,16.64000000
2018-02-22 12:22:19,0.00038490,117.34000000
2018-02-22 12:22:24,0.00038490,53.97000000
2018-02-22 12:22:52,0.00038490,27.24000000
2018-02-22 12:23:11,0.00038490,10.60000000
2018-02-22 12:23:43,0.00038450,33.51000000
2018-02-22 12:23:47,0.00038490,20.56000000
2018-02-22 12:23:51,0.00038490,16.29000000
2018-02-22 12:23:52,0.00038490,456.14000000
2018-02-22 12:23:53,0.00038490,16.29000000
2018-02-22 12:23:53,0.00038450,44.51000000
2018-02-22 12:23:53,0.00038440,20.68000000
2018-02-22 12:23:53,0.00038430,2.88000000
2018-02-22 12:23:53,0.00038420,112.36000000
2018-02-22 12:23:53,0.00038410,178.57000000
2018-02-22 12:23:55,0.00038420,5.24000000
2018-02-22 12:23:55,0.00038480,16.01000000
2018-02-22 12:23:58,0.00038440,7.76000000
2018-02-22 12:23:58,0.00038430,13.02000000
2018-02-22 12:23:58,0.00038480,20.00000000
2018-02-22 12:24:00,0.00038430,20.00000000
2018-02-22 12:24:01,0.00038480,30.00000000
2018-02-22 12:24:01,0.00038490,1285.17000000
2018-02-22 12:24:24,0.00038490,20.00000000
2018-02-22 12:24:24,0.00038500,43.98000000
2018-02-22 12:24:24,0.00038500,9.78000000
2018-02-22 12:24:25,0.00038510,15.00000000
2018-02-22 12:24:25,0.00038500,18.98000000
2018-02-22 12:24:27,0.00038510,12.99000000
2018-02-22 12:24:32,0.00038510,72.01000000
2018-02-22 12:24:32,0.00038550,47.68000000
2018-02-22 12:24:32,0.00038560,1552.70000000
2018-02-22 12:24:44,0.00038510,25.51000000
2018-02-22 12:24:44,0.00038510,7.22000000
2018-02-22 12:24:44,0.00038570,315.54000000
2018-02-22 12:24:44,0.00038580,309.76000000
2018-02-22 12:24:44,0.00038600,8.00000000
2018-02-22 12:24:44,0.00038610,423.95000000
2018-02-22 12:24:44,0.00038620,1335.46000000
2018-02-22 12:24:46,0.00038560,5.44000000
2018-02-22 12:24:57,0.00038550,6.64000000
2018-02-22 12:25:01,0.00038510,219.00000000
2018-02-22 12:25:03,0.00038500,15.22000000
2018-02-22 12:25:03,0.00038490,20.00000000
2018-02-22 12:25:03,0.00038460,1220.46000000
2018-02-22 12:25:07,0.00038500,25.97000000
2018-02-22 12:25:07,0.00038500,26.55000000
2018-02-22 12:25:07,0.00038500,26.55000000
2018-02-22 12:25:08,0.00038500,20.93000000
2018-02-22 12:25:11,0.00038500,0.06000000
2018-02-22 12:25:14,0.00038480,28.17000000
2018-02-22 12:25:14,0.00038470,171.83000000
2018-02-22 12:25:14,0.00038470,37.28000000
2018-02-22 12:25:15,0.00038540,28.17000000
2018-02-22 12:25:15,0.00038550,25.96000000
2018-02-22 12:25:15,0.00038560,394.87000000
2018-02-22 12:25:15,0.00038620,339.81000000
2018-02-22 12:25:15,0.00038630,497.05000000
2018-02-22 12:25:15,0.00038650,1855.21000000
2018-02-22 12:25:16,0.00038470,128.93000000
2018-02-22 12:25:16,0.00038460,113.75000000
2018-02-22 12:25:17,0.00038470,25.99000000
2018-02-22 12:25:17,0.00038460,226.06000000
2018-02-22 12:25:18,0.00038480,13.00000000
2018-02-22 12:25:18,0.00038450,176.68000000
2018-02-22 12:25:21,0.00038470,176.68000000
2018-02-22 12:25:21,0.00038480,27.87000000
2018-02-22 12:25:21,0.00038450,167.17000000
2018-02-22 12:25:22,0.00038450,5.96000000
2018-02-22 12:25:22,0.00038440,21.15000000
2018-02-22 12:25:23,0.00038450,14.31000000
2018-02-22 12:25:23,0.00038450,77.93000000
2018-02-22 12:25:23,0.00038450,5.68000000
2018-02-22 12:25:23,0.00038450,7.58000000
2018-02-22 12:25:23,0.00038450,50.57000000
2018-02-22 12:25:23,0.00038450,33.62000000
2018-02-22 12:25:23,0.00038450,5.47000000
2018-02-22 12:25:23,0.00038450,14.73000000
2018-02-22 12:25:23,0.00038450,42.29000000
2018-02-22 12:25:24,0.00038450,14.73000000
2018-02-22 12:25:24,0.00038440,85.98000000
2018-02-22 12:25:24,0.00038440,0.35000000
2018-02-22 12:25:27,0.00038450,10.28000000
2018-02-22 12:25:27,0.00038450,129.86000000
2018-02-22 12:25:27,0.00038450,21.04000000
2018-02-22 12:25:27,0.00038450,21.05000000
2018-02-22 12:25:27,0.00038450,19.17000000
2018-02-22 12:25:27,0.00038450,19.16000000
2018-02-22 12:25:28,0.00038450,36.94000000
2018-02-22 12:25:30,0.00038450,145.79000000
2018-02-22 12:25:31,0.00038440,3.92000000
2018-02-22 12:25:32,0.00038450,46.22000000
2018-02-22 12:25:36,0.00038450,13.46000000
2018-02-22 12:25:36,0.00038450,60.15000000
2018-02-22 12:25:36,0.00038450,60.22000000
2018-02-22 12:25:36,0.00038450,7.17000000
2018-02-22 12:25:37,0.00038490,126.16000000
2018-02-22 12:25:38,0.00038450,7.17000000
2018-02-22 12:25:38,0.00038440,199.06000000
2018-02-22 12:25:39,0.00038450,21.50000000
2018-02-22 12:25:40,0.00038450,21.26000000
2018-02-22 12:25:41,0.00038450,34.09000000
2018-02-22 12:25:42,0.00038450,191.96000000
2018-02-22 12:25:42,0.00038450,112.48000000
2018-02-22 12:25:43,0.00038450,21.25000000
2018-02-22 12:25:43,0.00038450,21.26000000
2018-02-22 12:25:43,0.00038450,130.04000000
2018-02-22 12:25:43,0.00038450,72.57000000
2018-02-22 12:25:43,0.00038490,5.85000000
2018-02-22 12:25:48,0.00038460,172.74000000
2018-02-22 12:26:11,0.00038460,58.63000000
2018-02-22 12:26:14,0.00038490,53.00000000
2018-02-22 12:26:33,0.00038490,87.73000000
2018-02-22 12:26:33,0.00038490,273.83000000
2018-02-22 12:26:39,0.00038440,50.00000000
2018-02-22 12:26:40,0.00038440,541.13000000
2018-02-22 12:26:50,0.00038480,475.57000000
2018-02-22 12:26:50,0.00038490,251.65000000
2018-02-22 12:26:50,0.00038500,241.99000000
2018-02-22 12:26:50,0.00038510,190.58000000
2018-02-22 12:26:50,0.00038540,36.94000000
2018-02-22 12:26:50,0.00038550,600.00000000
2018-02-22 12:26:55,0.00038520,20.99000000
2018-02-22 12:27:07,0.00038580,98.47000000
2018-02-22 12:27:07,0.00038590,253.22000000
2018-02-22 12:27:07,0.00038620,339.81000000
2018-02-22 12:27:07,0.00038640,5.96000000
2018-02-22 12:27:07,0.00038650,1161.13000000
2018-02-22 12:27:07,0.00038660,278.94000000
2018-02-22 12:27:07,0.00038670,804.36000000
2018-02-22 12:27:07,0.00038680,418.00000000
2018-02-22 12:27:08,0.00038550,259.67000000
2018-02-22 12:27:08,0.00038540,25.77000000
2018-02-22 12:27:08,0.00038540,0.17000000
2018-02-22 12:27:09,0.00038530,189.97000000
2018-02-22 12:27:09,0.00038520,145.07000000
2018-02-22 12:27:10,0.00038520,194.74000000
2018-02-22 12:27:25,0.00038520,79.27000000
2018-02-22 12:27:28,0.00038570,31.05000000
2018-02-22 12:27:29,0.00038580,6.39000000
2018-02-22 12:27:40,0.00038550,18.00000000
2018-02-22 12:27:42,0.00038540,25.95000000
2018-02-22 12:27:43,0.00038510,13.05000000
2018-02-22 12:27:43,0.00038520,85.66000000
2018-02-22 12:27:43,0.00038540,401.71000000
2018-02-22 12:27:43,0.00038550,25.94000000
2018-02-22 12:27:43,0.00038650,339.81000000
2018-02-22 12:27:43,0.00038700,303.40000000
2018-02-22 12:27:43,0.00038710,116.93000000
2018-02-22 12:27:43,0.00038730,216.82000000
2018-02-22 12:27:43,0.00038750,263.59000000
2018-02-22 12:27:46,0.00038600,26.77000000
2018-02-22 12:27:46,0.00038610,35.90000000
2018-02-22 12:27:47,0.00038610,6.39000000
2018-02-22 12:27:48,0.00038630,64.00000000
2018-02-22 12:27:48,0.00038630,153.23000000
2018-02-22 12:27:48,0.00038640,25.86000000
2018-02-22 12:27:48,0.00038640,0.01000000
2018-02-22 12:27:48,0.00038590,10.24000000
2018-02-22 12:27:48,0.00038650,27.00000000
2018-02-22 12:27:49,0.00038650,1.43000000
2018-02-22 12:27:50,0.00038690,259.52000000
2018-02-22 12:27:50,0.00038700,25.87000000
2018-02-22 12:27:50,0.00038720,28.43000000
2018-02-22 12:27:50,0.00038730,10.00000000
2018-02-22 12:27:50,0.00038740,20.00000000
2018-02-22 12:27:50,0.00038750,401.72000000
2018-02-22 12:27:50,0.00038760,2654.00000000
2018-02-22 12:27:50,0.00038770,741.79000000
2018-02-22 12:27:50,0.00038780,1057.14000000
2018-02-22 12:27:50,0.00038790,2409.36000000
2018-02-22 12:27:50,0.00038800,1025.08000000
2018-02-22 12:27:57,0.00038700,6.45000000
2018-02-22 12:28:05,0.00038720,11.18000000
2018-02-22 12:28:05,0.00038720,77.47000000
2018-02-22 12:28:05,0.00038720,77.46000000
2018-02-22 12:28:05,0.00038720,77.47000000
2018-02-22 12:28:05,0.00038720,77.47000000
2018-02-22 12:28:06,0.00038720,77.46000000
2018-02-22 12:28:06,0.00038720,47.73000000
2018-02-22 12:28:11,0.00038700,3.00000000
2018-02-22 12:28:13,0.00038700,20.99000000
2018-02-22 12:28:15,0.00038700,62.83000000
2018-02-22 12:28:15,0.00038690,33.59000000
2018-02-22 12:28:15,0.00038680,97.58000000
2018-02-22 12:28:18,0.00038690,6.45000000
2018-02-22 12:28:18,0.00038690,19.39000000
2018-02-22 12:28:18,0.00038680,18.09000000
2018-02-22 12:28:24,0.00038680,50.00000000
2018-02-22 12:28:30,0.00038680,167.10000000
2018-02-22 12:28:33,0.00038680,30.29000000
2018-02-22 12:28:33,0.00038610,22.05000000
2018-02-22 12:28:35,0.00038680,24.17000000
2018-02-22 12:28:40,0.00038610,5.80000000
2018-02-22 12:28:46,0.00038660,7.76000000
2018-02-22 12:28:53,0.00038620,29.20000000
2018-02-22 12:28:53,0.00038610,38.19000000
2018-02-22 12:28:57,0.00038570,2.91000000
2018-02-22 12:28:57,0.00038560,38.29000000
2018-02-22 12:29:13,0.00038560,229.00000000
2018-02-22 12:29:13,0.00038550,20.93000000
2018-02-22 12:29:24,0.00038550,6.39000000
2018-02-22 12:29:24,0.00038550,6.39000000
2018-02-22 12:29:24,0.00038550,4.35000000
2018-02-22 12:29:31,0.00038560,59.98000000
2018-02-22 12:29:32,0.00038560,107.79000000
2018-02-22 12:29:32,0.00038550,13.59000000
2018-02-22 12:29:37,0.00038510,2.97000000
2018-02-22 12:29:37,0.00038500,7.03000000
2018-02-22 12:29:40,0.00038500,125.54000000
2018-02-22 12:29:40,0.00038470,1543.07000000
2018-02-22 12:29:40,0.00038470,25.99000000
2018-02-22 12:29:40,0.00038470,42.54000000
2018-02-22 12:29:40,0.00038470,42.54000000
2018-02-22 12:29:40,0.00038470,6.40000000
2018-02-22 12:29:41,0.00038470,6.50000000
2018-02-22 12:29:41,0.00038470,50.00000000
2018-02-22 12:29:41,0.00038470,6.41000000
2018-02-22 12:29:41,0.00038470,13.00000000
2018-02-22 12:29:42,0.00038440,6.30000000
2018-02-22 12:29:42,0.00038410,14.85000000
2018-02-22 12:29:45,0.00038470,343.72000000
2018-02-22 12:29:45,0.00038450,6.40000000
2018-02-22 12:29:51,0.00038470,882.10000000
2018-02-22 12:29:51,0.00038540,197.00000000
2018-02-22 12:29:51,0.00038550,350.68000000
2018-02-22 12:29:51,0.00038570,229.00000000
2018-02-22 12:29:51,0.00038600,1837.17000000
2018-02-22 12:30:00,0.00038600,197.00000000
2018-02-22 12:30:00,0.00038680,8.16000000
2018-02-22 12:30:00,0.00038680,8.36000000
2018-02-22 12:30:00,0.00038680,34.32000000
2018-02-22 12:30:00,0.00038680,8.36000000
2018-02-22 12:30:01,0.00038680,193.80000000
2018-02-22 12:30:01,0.00038630,7.76000000
2018-02-22 12:30:04,0.00038620,25.89000000
2018-02-22 12:30:04,0.00038610,29.05000000
2018-02-22 12:30:04,0.00038600,224.24000000
2018-02-22 12:30:06,0.00038660,25.89000000
2018-02-22 12:30:06,0.00038670,41.42000000
2018-02-22 12:30:13,0.00038670,11.76000000
2018-02-22 12:30:13,0.00038670,11.76000000
2018-02-22 12:30:15,0.00038670,312.29000000
2018-02-22 12:30:15,0.00038700,253.60000000
2018-02-22 12:30:15,0.00038710,5.11000000
2018-02-22 12:30:17,0.00038630,606.35000000
2018-02-22 12:30:17,0.00038660,106.32000000
2018-02-22 12:30:17,0.00038670,113.68000000
2018-02-22 12:30:20,0.00038610,2.86000000
2018-02-22 12:30:25,0.00038620,12.95000000
2018-02-22 12:30:26,0.00038610,23.04000000
2018-02-22 12:30:26,0.00038610,6.30000000
2018-02-22 12:30:26,0.00038610,26.40000000
2018-02-22 12:30:27,0.00038600,27.52000000
2018-02-22 12:30:27,0.00038600,12.95000000
2018-02-22 12:30:28,0.00038600,3.76000000
2018-02-22 12:30:29,0.00038590,25.90000000
2018-02-22 12:30:29,0.00038600,8.36000000
2018-02-22 12:30:36,0.00038580,20.00000000
2018-02-22 12:30:45,0.00038570,65.54000000
2018-02-22 12:30:51,0.00038540,995.72000000
2018-02-22 12:30:54,0.00038540,4.05000000
2018-02-22 12:30:58,0.00038550,12.98000000
2018-02-22 12:30:58,0.00038540,314.34000000
2018-02-22 12:30:58,0.00038530,25.95000000
2018-02-22 12:30:58,0.00038480,542.29000000
2018-02-22 12:30:58,0.00038460,2.86000000
2018-02-22 12:30:58,0.00038450,264.91000000
2018-02-22 12:30:58,0.00038440,73.65000000
2018-02-22 12:31:02,0.00038540,3.22000000
2018-02-22 12:31:04,0.00038480,25.98000000
2018-02-22 12:31:06,0.00038470,25.98000000
2018-02-22 12:31:06,0.00038460,197.41000000
2018-02-22 12:31:06,0.00038440,131.92000000
2018-02-22 12:31:08,0.00038440,174.92000000
2018-02-22 12:31:08,0.00038430,356.29000000
2018-02-22 12:31:13,0.00038440,111.06000000
2018-02-22 12:31:13,0.00038440,178.93000000
2018-02-22 12:31:14,0.00038430,6.41000000
2018-02-22 12:31:14,0.00038430,6.41000000
2018-02-22 12:31:14,0.00038430,6.41000000
2018-02-22 12:31:14,0.00038430,6.41000000
2018-02-22 12:31:14,0.00038430,6.41000000
2018-02-22 12:31:14,0.00038430,26.02000000
2018-02-22 12:31:14,0.00038430,29.32000000
2018-02-22 12:31:14,0.00038430,6.40000000
2018-02-22 12:31:14,0.00038430,6.40000000
2018-02-22 12:31:14,0.00038430,26.02000000
2018-02-22 12:31:14,0.00038430,16.44000000
2018-02-22 12:31:14,0.00038430,38.10000000
2018-02-22 12:31:14,0.00038430,29.93000000
2018-02-22 12:31:14,0.00038430,6.51000000
2018-02-22 12:31:14,0.00038430,29.93000000
2018-02-22 12:31:14,0.00038430,29.93000000
2018-02-22 12:31:14,0.00038430,130.11000000
2018-02-22 12:31:14,0.00038430,287.43000000
2018-02-22 12:31:14,0.00038430,130.11000000
2018-02-22 12:31:15,0.00038430,315.68000000
2018-02-22 12:31:15,0.00038430,15.02000000
2018-02-22 12:31:15,0.00038430,249.11000000
2018-02-22 12:31:15,0.00038430,78.00000000
2018-02-22 12:31:16,0.00038430,15.57000000
2018-02-22 12:31:16,0.00038430,64.34000000
2018-02-22 12:31:18,0.00038430,63.44000000
2018-02-22 12:31:18,0.00038430,460.92000000
2018-02-22 12:31:18,0.00038430,385.77000000
2018-02-22 12:31:18,0.00038430,154.99000000
2018-02-22 12:31:27,0.00038430,103.43000000
2018-02-22 12:31:32,0.00038430,795.80000000
2018-02-22 12:31:44,0.00038440,20.08000000
2018-02-22 12:31:44,0.00038430,8.51000000
2018-02-22 12:31:46,0.00038450,20.00000000
2018-02-22 12:31:47,0.00038430,230.00000000
2018-02-22 12:31:47,0.00038440,78.00000000
2018-02-22 12:31:47,0.00038440,78.00000000
2018-02-22 12:31:47,0.00038440,78.00000000
2018-02-22 12:31:47,0.00038440,77.99000000
2018-02-22 12:31:47,0.00038440,58.55000000
2018-02-22 12:31:48,0.00038440,53.37000000
2018-02-22 12:31:48,0.00038450,0.24000000
2018-02-22 12:31:48,0.00038460,252.04000000
2018-02-22 12:31:48,0.00038430,203.21000000
2018-02-22 12:31:50,0.00038430,7.46000000
2018-02-22 12:31:53,0.00038420,2344.52000000
2018-02-22 12:31:54,0.00038420,5.96000000
2018-02-22 12:31:56,0.00038410,231.03000000
2018-02-22 12:31:57,0.00038410,2076.23000000
2018-02-22 12:31:58,0.00038430,6.65000000
2018-02-22 12:32:01,0.00038420,310.75000000
2018-02-22 12:32:01,0.00038420,77.03000000
2018-02-22 12:32:06,0.00038420,281.23000000
2018-02-22 12:32:06,0.00038410,1280.00000000
2018-02-22 12:32:11,0.00038420,628.46000000
2018-02-22 12:32:11,0.00038410,350.95000000
2018-02-22 12:32:11,0.00038400,59.78000000
2018-02-22 12:32:11,0.00038430,10.25000000
2018-02-22 12:32:12,0.00038410,19.74000000
2018-02-22 12:32:12,0.00038410,19.75000000
2018-02-22 12:32:12,0.00038410,16.37000000
2018-02-22 12:32:12,0.00038410,19.75000000
2018-02-22 12:32:12,0.00038410,19.75000000
2018-02-22 12:32:12,0.00038410,4.63000000
2018-02-22 12:32:12,0.00038400,19.75000000
2018-02-22 12:32:13,0.00038410,0.01000000
2018-02-22 12:32:15,0.00038400,167.00000000
2018-02-22 12:32:18,0.00038420,5.00000000
2018-02-22 12:32:20,0.00038400,448.74000000
2018-02-22 12:32:26,0.00038420,6.79000000
2018-02-22 12:32:42,0.00038420,111.00000000
2018-02-22 12:32:42,0.00038400,296.06000000
2018-02-22 12:32:43,0.00038420,107.98000000
2018-02-22 12:32:43,0.00038420,78.01000000
2018-02-22 12:32:43,0.00038420,34.47000000
2018-02-22 12:32:45,0.00038420,78.01000000
2018-02-22 12:32:45,0.00038400,549.01000000
2018-02-22 12:32:48,0.00038420,8.39000000
2018-02-22 12:32:49,0.00038420,16.78000000
2018-02-22 12:32:49,0.00038420,241.58000000
2018-02-22 12:32:49,0.00038420,78.02000000
2018-02-22 12:32:49,0.00038420,37.99000000
2018-02-22 12:32:54,0.00038420,3.99000000
2018-02-22 12:33:05,0.00038420,18.17000000
2018-02-22 12:33:09,0.00038420,34.10000000
2018-02-22 12:33:20,0.00038420,903.59000000
2018-02-22 12:33:20,0.00038410,3282.51000000
2018-02-22 12:33:20,0.00038400,1086.98000000
2018-02-22 12:33:22,0.00038430,3.00000000
2018-02-22 12:33:22,0.00038450,3.00000000
2018-02-22 12:33:22,0.00038420,10.29000000
2018-02-22 12:33:23,0.00038400,2905.71000000
2018-02-22 12:33:23,0.00038400,26.23000000
2018-02-22 12:33:23,0.00038400,24.44000000
2018-02-22 12:33:23,0.00038400,5.23000000
2018-02-22 12:33:23,0.00038400,3.24000000
2018-02-22 12:33:23,0.00038400,130.21000000
2018-02-22 12:33:23,0.00038400,46.06000000
2018-02-22 12:33:24,0.00038400,21.07000000
2018-02-22 12:33:24,0.00038400,62.71000000
2018-02-22 12:33:24,0.00038400,21.07000000
2018-02-22 12:33:24,0.00038400,192.99000000
2018-02-22 12:33:24,0.00038400,58.30000000
2018-02-22 12:33:24,0.00038400,110.58000000
2018-02-22 12:33:24,0.00038400,176.94000000
2018-02-22 12:33:24,0.00038400,177.10000000
2018-02-22 12:33:25,0.00038400,19.61000000
2018-02-22 12:33:25,0.00038400,58.16000000
2018-02-22 12:33:25,0.00038400,24.86000000
2018-02-22 12:33:25,0.00038400,34.45000000
2018-02-22 12:33:26,0.00038400,257.15000000
2018-02-22 12:33:27,0.00038390,982.32000000
2018-02-22 12:33:27,0.00038380,6945.89000000
2018-02-22 12:33:27,0.00038370,1290.31000000
2018-02-22 12:33:28,0.00038370,564.12000000
2018-02-22 12:33:28,0.00038370,54.35000000
2018-02-22 12:33:28,0.00038360,517.61000000
2018-02-22 12:33:29,0.00038400,50.05000000
2018-02-22 12:33:30,0.00038400,52.91000000
2018-02-22 12:33:30,0.00038420,141.95000000
2018-02-22 12:33:30,0.00038370,311.00000000
2018-02-22 12:33:30,0.00038360,317.46000000
2018-02-22 12:33:32,0.00038360,3856.09000000
2018-02-22 12:33:32,0.00038360,100.00000000
2018-02-22 12:33:33,0.00038360,2651.20000000
2018-02-22 12:33:34,0.00038400,50.05000000
2018-02-22 12:33:35,0.00038390,10.00000000
2018-02-22 12:33:35,0.00038390,10.00000000
2018-02-22 12:33:35,0.00038390,10.00000000
2018-02-22 12:33:35,0.00038390,10.00000000
2018-02-22 12:33:35,0.00038390,299.81000000
2018-02-22 12:33:35,0.00038400,68.09000000
2018-02-22 12:33:35,0.00038360,3057.85000000
2018-02-22 12:33:35,0.00038360,147.64000000
2018-02-22 12:33:35,0.00038360,26.06000000
2018-02-22 12:33:36,0.00038360,26.06000000
2018-02-22 12:33:36,0.00038360,26.06000000
2018-02-22 12:33:36,0.00038360,121.73000000
2018-02-22 12:33:36,0.00038360,69.83000000
2018-02-22 12:33:36,0.00038360,363.05000000
2018-02-22 12:33:36,0.00038360,77.52000000
2018-02-22 12:33:36,0.00038360,130.34000000
2018-02-22 12:33:36,0.00038360,10.11000000
2018-02-22 12:33:38,0.00038360,12.92000000
2018-02-22 12:33:39,0.00038350,12.53000000
2018-02-22 12:33:39,0.00038310,2340.35000000
2018-02-22 12:33:39,0.00038310,253.43000000
2018-02-22 12:33:39,0.00038300,3163.33000000
2018-02-22 12:33:40,0.00038340,78.19000000
2018-02-22 12:33:40,0.00038340,78.20000000
2018-02-22 12:33:40,0.00038340,78.19000000
2018-02-22 12:33:43,0.00038300,48.00000000
2018-02-22 12:33:45,0.00038320,35.75000000
2018-02-22 12:33:45,0.00038300,0.69000000
2018-02-22 12:33:47,0.00038300,2008.45000000
2018-02-22 12:33:47,0.00038300,448.50000000
2018-02-22 12:33:50,0.00038310,705.80000000
2018-02-22 12:34:00,0.00038320,259.27000000
2018-02-22 12:34:00,0.00038310,1330.83000000
2018-02-22 12:34:00,0.00038300,3682.98000000
2018-02-22 12:34:08,0.00038300,20.00000000
2018-02-22 12:34:11,0.00038300,646.54000000
2018-02-22 12:34:13,0.00038310,199.68000000
2018-02-22 12:34:14,0.00038300,147.28000000
2018-02-22 12:34:15,0.00038300,27.15000000
2018-02-22 12:34:15,0.00038310,5.00000000
2018-02-22 12:34:15,0.00038300,3351.25000000
2018-02-22 12:34:17,0.00038300,27.15000000
2018-02-22 12:34:18,0.00038300,103.39000000
2018-02-22 12:34:21,0.00038280,246.38000000
2018-02-22 12:34:22,0.00038300,899.31000000
2018-02-22 12:34:22,0.00038280,944.13000000
2018-02-22 12:34:28,0.00038270,160.38000000
2018-02-22 12:34:28,0.00038260,5.23000000
2018-02-22 12:34:28,0.00038230,16.75000000
2018-02-22 12:34:28,0.00038200,151.77000000
2018-02-22 12:34:28,0.00038200,20.00000000
2018-02-22 12:34:34,0.00038270,17.84000000
2018-02-22 12:34:36,0.00038230,263.14000000
2018-02-22 12:34:36,0.00038230,15.27000000
2018-02-22 12:34:44,0.00038270,24.87000000
2018-02-22 12:34:47,0.00038300,876.59000000
2018-02-22 12:34:47,0.00038310,397.27000000
2018-02-22 12:34:47,0.00038340,1635.48000000
2018-02-22 12:34:47,0.00038340,4.72000000
2018-02-22 12:34:49,0.00038390,7.75000000
2018-02-22 12:34:49,0.00038400,259.76000000
2018-02-22 12:34:49,0.00038410,243.47000000
2018-02-22 12:34:49,0.00038350,129.94000000
2018-02-22 12:34:49,0.00038340,255.08000000
2018-02-22 12:34:49,0.00038310,339.81000000
2018-02-22 12:34:49,0.00038300,564.39000000
2018-02-22 12:34:49,0.00038270,197.77000000
2018-02-22 12:34:49,0.00038250,64.00000000
2018-02-22 12:34:49,0.00038240,266.80000000
2018-02-22 12:34:52,0.00038330,129.94000000
2018-02-22 12:34:52,0.00038340,3.65000000
2018-02-22 12:34:53,0.00038340,117.54000000
2018-02-22 12:34:53,0.00038380,9.56000000
2018-02-22 12:34:57,0.00038390,31.73000000
2018-02-22 12:34:57,0.00038390,11.72000000
2018-02-22 12:34:58,0.00038390,7.92000000
2018-02-22 12:35:02,0.00038380,78.16000000
2018-02-22 12:35:03,0.00038380,42.10000000
2018-02-22 12:35:04,0.00038430,11.50000000
2018-02-22 12:35:04,0.00038430,2.64000000
2018-02-22 12:35:04,0.00038380,149.26000000
2018-02-22 12:35:05,0.00038280,17.89000000
2018-02-22 12:35:11,0.00038280,22.72000000
2018-02-22 12:35:11,0.00038260,19.20000000
2018-02-22 12:35:11,0.00038250,958.08000000
2018-02-22 12:35:12,0.00038330,7.55000000
2018-02-22 12:35:16,0.00038330,7.83000000
2018-02-22 12:35:22,0.00038320,26.05000000
2018-02-22 12:35:22,0.00038330,23.27000000
2018-02-22 12:35:29,0.00038350,339.81000000
2018-02-22 12:35:29,0.00038380,413.23000000
2018-02-22 12:35:29,0.00038400,3292.10000000
2018-02-22 12:35:29,0.00038420,11.92000000
2018-02-22 12:35:29,0.00038450,461.42000000
2018-02-22 12:35:29,0.00038450,22.72000000
2018-02-22 12:35:29,0.00038450,9.90000000
2018-02-22 12:35:29,0.00038450,10.11000000
2018-02-22 12:35:29,0.00038450,10.11000000
2018-02-22 12:35:29,0.00038450,146.40000000
2018-02-22 12:35:29,0.00038450,13.06000000
2018-02-22 12:35:29,0.00038450,16.86000000
2018-02-22 12:35:29,0.00038450,10.10000000
2018-02-22 12:35:29,0.00038450,10.10000000
2018-02-22 12:35:29,0.00038450,10.10000000
2018-02-22 12:35:29,0.00038450,13.21000000
2018-02-22 12:35:29,0.00038450,23.29000000
2018-02-22 12:35:29,0.00038450,22.72000000
2018-02-22 12:35:29,0.00038450,10.54000000
2018-02-22 12:35:29,0.00038450,111.37000000
2018-02-22 12:35:30,0.00038450,6.41000000
2018-02-22 12:35:30,0.00038450,8.42000000
2018-02-22 12:35:31,0.00038450,20.00000000
2018-02-22 12:35:35,0.00038450,970.98000000
2018-02-22 12:35:35,0.00038470,13.22000000
2018-02-22 12:35:35,0.00038470,29.93000000
2018-02-22 12:35:36,0.00038470,34.34000000
2018-02-22 12:35:39,0.00038450,10.00000000
2018-02-22 12:35:45,0.00038450,12.51000000
2018-02-22 12:35:47,0.00038450,1227.38000000
2018-02-22 12:35:56,0.00038490,7.83000000
2018-02-22 12:35:56,0.00038500,56.93000000
2018-02-22 12:36:10,0.00038450,67.82000000
2018-02-22 12:36:16,0.00038450,5.00000000
2018-02-22 12:36:17,0.00038450,60.73000000
2018-02-22 12:36:17,0.00038510,111.80000000
2018-02-22 12:36:18,0.00038510,5.00000000
2018-02-22 12:36:30,0.00038440,13.42000000
2018-02-22 12:36:31,0.00038440,181.58000000
2018-02-22 12:36:33,0.00038440,133.00000000
2018-02-22 12:36:33,0.00038440,133.00000000
2018-02-22 12:36:33,0.00038440,39.72000000
2018-02-22 12:36:33,0.00038440,53.05000000
2018-02-22 12:36:33,0.00038440,110.83000000
2018-02-22 12:36:33,0.00038440,11.15000000
2018-02-22 12:36:33,0.00038440,53.19000000
2018-02-22 12:36:33,0.00038440,79.95000000
2018-02-22 12:36:33,0.00038430,11.15000000
2018-02-22 12:36:34,0.00038430,10.07000000
2018-02-22 12:36:41,0.00038430,4.78000000
2018-02-22 12:36:47,0.00038410,250.00000000
2018-02-22 12:36:54,0.00038430,202.95000000
2018-02-22 12:36:58,0.00038430,110.83000000
2018-02-22 12:37:05,0.00038430,79.18000000
2018-02-22 12:37:06,0.00038440,200.00000000
2018-02-22 12:37:08,0.00038430,607.04000000
2018-02-22 12:37:21,0.00038360,89.81000000
2018-02-22 12:37:21,0.00038350,10.19000000
2018-02-22 12:37:24,0.00038410,119.56000000
2018-02-22 12:37:31,0.00038420,8.52000000
2018-02-22 12:37:31,0.00038430,176.62000000
2018-02-22 12:37:34,0.00038410,307.26000000
2018-02-22 12:37:34,0.00038420,4.00000000
2018-02-22 12:37:34,0.00038430,292.72000000
2018-02-22 12:37:47,0.00038410,40.00000000
2018-02-22 12:37:52,0.00038360,26.06000000
2018-02-22 12:37:52,0.00038350,71.94000000
2018-02-22 12:38:06,0.00038350,205.12000000
2018-02-22 12:38:08,0.00038400,5.00000000
2018-02-22 12:38:14,0.00038350,5.00000000
2018-02-22 12:38:15,0.00038400,3.00000000
2018-02-22 12:38:18,0.00038350,176.02000000
2018-02-22 12:38:27,0.00038350,5.00000000
2018-02-22 12:38:28,0.00038350,17.00000000
2018-02-22 12:38:28,0.00038350,17.00000000
2018-02-22 12:38:28,0.00038350,1105.64000000
2018-02-22 12:38:32,0.00038400,3.12000000
2018-02-22 12:38:34,0.00038400,8.00000000
2018-02-22 12:38:37,0.00038350,91.37000000
2018-02-22 12:38:37,0.00038350,1973.78000000
2018-02-22 12:38:39,0.00038350,564.21000000
2018-02-22 12:38:41,0.00038350,232.59000000
2018-02-22 12:38:41,0.00038340,12.18000000
2018-02-22 12:38:41,0.00038330,21.22000000
2018-02-22 12:38:41,0.00038310,337.81000000
2018-02-22 12:38:47,0.00038380,6.94000000
2018-02-22 12:38:47,0.00038390,12.18000000
2018-02-22 12:38:47,0.00038410,94.60000000
2018-02-22 12:38:47,0.00038410,45.40000000
2018-02-22 12:38:47,0.00038410,25.93000000
2018-02-22 12:39:00,0.00038410,0.20000000
2018-02-22 12:39:03,0.00038350,78.22000000
2018-02-22 12:39:03,0.00038350,73.58000000
2018-02-22 12:39:09,0.00038310,201.57000000
2018-02-22 12:39:09,0.00038300,186.27000000
2018-02-22 12:39:14,0.00038350,38.93000000
2018-02-22 12:39:34,0.00038350,33.61000000
2018-02-22 12:39:34,0.00038350,79.82000000
2018-02-22 12:39:34,0.00038350,18.64000000
2018-02-22 12:39:34,0.00038350,26.31000000
2018-02-22 12:39:35,0.00038350,79.82000000
2018-02-22 12:39:37,0.00038350,93.15000000
2018-02-22 12:39:37,0.00038350,186.21000000
2018-02-22 12:39:39,0.00038310,23.93000000
2018-02-22 12:39:43,0.00038300,915.62000000
2018-02-22 12:39:47,0.00038300,25.00000000
2018-02-22 12:39:52,0.00038300,539.65000000
2018-02-22 12:39:53,0.00038300,123.40000000
2018-02-22 12:39:53,0.00038290,358.41000000
2018-02-22 12:39:53,0.00038280,2399.84000000
2018-02-22 12:39:53,0.00038280,21.42000000
2018-02-22 12:39:57,0.00038270,585.00000000
2018-02-22 12:39:57,0.00038280,3.21000000
2018-02-22 12:40:07,0.00038270,94.30000000
2018-02-22 12:40:07,0.00038280,225.54000000
2018-02-22 12:40:08,0.00038280,10.00000000
2018-02-22 12:40:12,0.00038280,10.77000000
2018-02-22 12:40:13,0.00038280,40.92000000
2018-02-22 12:40:13,0.00038310,26.93000000
2018-02-22 12:40:15,0.00038340,15.00000000
2018-02-22 12:40:24,0.00038310,8.42000000
2018-02-22 12:40:27,0.00038310,25.78000000
2018-02-22 12:40:30,0.00038350,30.00000000
2018-02-22 12:40:30,0.00038350,20.14000000
2018-02-22 12:40:36,0.00038340,164.12000000
2018-02-22 12:40:36,0.00038350,484.24000000
2018-02-22 12:40:37,0.00038350,169.30000000
2018-02-22 12:40:37,0.00038350,195.84000000
2018-02-22 12:40:37,0.00038350,150.33000000
2018-02-22 12:40:37,0.00038350,102.86000000
2018-02-22 12:40:44,0.00038320,29.65000000
2018-02-22 12:40:44,0.00038310,0.01000000
2018-02-22 12:40:47,0.00038300,161.63000000
2018-02-22 12:40:47,0.00038390,29.65000000
2018-02-22 12:40:47,0.00038400,1898.72000000
2018-02-22 12:40:49,0.00038400,5.74000000
2018-02-22 12:40:50,0.00038400,5.74000000
2018-02-22 12:40:52,0.00038280,2.72000000
2018-02-22 12:40:53,0.00038350,5.74000000
2018-02-22 12:41:00,0.00038260,0.14000000
2018-02-22 12:41:01,0.00038310,2.72000000
2018-02-22 12:41:01,0.00038320,3.02000000
2018-02-22 12:41:11,0.00038270,2.65000000
2018-02-22 12:41:11,0.00038270,137.79000000
2018-02-22 12:41:12,0.00038270,99.56000000
2018-02-22 12:41:12,0.00038260,200.44000000
2018-02-22 12:41:12,0.00038260,165.36000000
2018-02-22 12:41:12,0.00038250,2.99000000
2018-02-22 12:41:12,0.00038240,164.55000000
2018-02-22 12:41:15,0.00038290,13.82000000
2018-02-22 12:41:17,0.00038270,8.42000000
2018-02-22 12:41:17,0.00038270,0.72000000
2018-02-22 12:41:17,0.00038280,5.10000000
2018-02-22 12:41:20,0.00038210,1790.51000000
2018-02-22 12:41:20,0.00038200,1832.47000000
2018-02-22 12:41:20,0.00038190,1833.78000000
2018-02-22 12:41:20,0.00038160,1885.53000000
2018-02-22 12:41:20,0.00038160,129.45000000
2018-02-22 12:41:20,0.00038160,260.08000000
2018-02-22 12:41:20,0.00038160,27.65000000
2018-02-22 12:41:20,0.00038160,26.20000000
2018-02-22 12:41:21,0.00038150,129.45000000
2018-02-22 12:41:21,0.00038150,23.08000000
2018-02-22 12:41:22,0.00038160,70.48000000
2018-02-22 12:41:27,0.00038150,50.00000000
2018-02-22 12:41:29,0.00038160,81.58000000
2018-02-22 12:41:29,0.00038160,26.20000000
2018-02-22 12:41:30,0.00038150,1000.00000000
2018-02-22 12:41:31,0.00038150,154.30000000
2018-02-22 12:41:31,0.00038130,1335.54000000
2018-02-22 12:41:32,0.00038130,3050.23000000
2018-02-22 12:41:36,0.00038130,114.89000000
2018-02-22 12:41:37,0.00038130,51.15000000
2018-02-22 12:41:37,0.00038130,187.73000000
2018-02-22 12:41:37,0.00038130,158.58000000
2018-02-22 12:41:37,0.00038150,29.16000000
2018-02-22 12:41:37,0.00038150,111.03000000
2018-02-22 12:41:44,0.00038110,35.96000000
2018-02-22 12:41:44,0.00038100,347.03000000
2018-02-22 12:41:44,0.00038100,129.24000000
2018-02-22 12:41:44,0.00038140,3.05000000
2018-02-22 12:41:50,0.00038140,4.99000000
2018-02-22 12:41:56,0.00038100,200.00000000
2018-02-22 12:41:57,0.00038140,78.61000000
2018-02-22 12:42:06,0.00038140,131.00000000
2018-02-22 12:42:09,0.00038100,275.50000000
2018-02-22 12:42:09,0.00038100,135.79000000
2018-02-22 12:42:09,0.00038100,22.59000000
2018-02-22 12:42:09,0.00038100,9.75000000
2018-02-22 12:42:09,0.00038100,26.24000000
2018-02-22 12:42:09,0.00038100,10.00000000
2018-02-22 12:42:09,0.00038100,10.00000000
2018-02-22 12:42:09,0.00038100,10.00000000
2018-02-22 12:42:09,0.00038100,13.99000000
2018-02-22 12:42:11,0.00038100,106.53000000
2018-02-22 12:42:14,0.00038100,25.35000000
2018-02-22 12:42:14,0.00038100,15.75000000
2018-02-22 12:42:16,0.00038100,20.00000000
2018-02-22 12:42:21,0.00038090,5.51000000
2018-02-22 12:42:21,0.00038070,2326.10000000
2018-02-22 12:42:21,0.00038060,381.82000000
2018-02-22 12:42:23,0.00038060,630.22000000
2018-02-22 12:42:23,0.00038050,496.64000000
2018-02-22 12:42:23,0.00038020,903.40000000
2018-02-22 12:42:25,0.00038060,11.55000000
2018-02-22 12:42:26,0.00038020,300.00000000
2018-02-22 12:42:30,0.00038080,3.15000000
2018-02-22 12:42:31,0.00038020,100.00000000
2018-02-22 12:42:34,0.00038020,141.66000000
2018-02-22 12:42:37,0.00038080,17.88000000
2018-02-22 12:42:37,0.00038090,2.12000000
2018-02-22 12:42:40,0.00038090,65.63000000
2018-02-22 12:42:48,0.00038030,30.48000000
2018-02-22 12:42:48,0.00038020,514.35000000
2018-02-22 12:42:48,0.00038010,413.12000000
2018-02-22 12:42:49,0.00038020,26.91000000
2018-02-22 12:42:49,0.00038020,26.91000000
2018-02-22 12:42:53,0.00038020,11.84000000
2018-02-22 12:42:54,0.00038020,13.15000000
2018-02-22 12:42:55,0.00038020,26.97000000
2018-02-22 12:42:55,0.00038020,26.97000000
2018-02-22 12:42:55,0.00038010,273.47000000
2018-02-22 12:42:55,0.00038010,273.99000000
2018-02-22 12:42:55,0.00038010,117.25000000
2018-02-22 12:42:57,0.00038010,245.97000000
2018-02-22 12:42:58,0.00038010,61.86000000
2018-02-22 12:43:00,0.00038010,191.18000000
2018-02-22 12:43:01,0.00038000,25.00000000
2018-02-22 12:43:01,0.00038000,489.92000000
2018-02-22 12:43:04,0.00038010,21.05000000
2018-02-22 12:43:04,0.00038000,100.00000000
2018-02-22 12:43:04,0.00038000,733.12000000
2018-02-22 12:43:04,0.00038000,527.53000000
2018-02-22 12:43:09,0.00038000,8.00000000
2018-02-22 12:43:09,0.00038000,260.53000000
2018-02-22 12:43:10,0.00038000,80.10000000
2018-02-22 12:43:11,0.00037990,17.62000000
2018-02-22 12:43:14,0.00037970,13.39000000
2018-02-22 12:43:14,0.00037960,3.17000000
2018-02-22 12:43:14,0.00037940,130.34000000
2018-02-22 12:43:14,0.00037930,155.21000000
2018-02-22 12:43:15,0.00037990,26.29000000
2018-02-22 12:43:15,0.00038000,15.91000000
2018-02-22 12:43:15,0.00037990,63.73000000
2018-02-22 12:43:16,0.00037990,78.92000000
2018-02-22 12:43:16,0.00037990,51.42000000
2018-02-22 12:43:20,0.00038000,177.56000000
2018-02-22 12:43:20,0.00037940,26.35000000
2018-02-22 12:43:20,0.00037930,130.34000000
2018-02-22 12:43:20,0.00037920,263.67000000
2018-02-22 12:43:21,0.00037920,5.03000000
2018-02-22 12:43:21,0.00037920,8.07000000
2018-02-22 12:43:21,0.00037920,8.07000000
2018-02-22 12:43:21,0.00037920,8.07000000
2018-02-22 12:43:21,0.00037920,63.99000000
2018-02-22 12:43:21,0.00037920,55.92000000
2018-02-22 12:43:21,0.00037920,55.93000000
2018-02-22 12:43:21,0.00037920,47.86000000
2018-02-22 12:43:21,0.00037920,62.32000000
2018-02-22 12:43:21,0.00037920,62.38000000
2018-02-22 12:43:21,0.00037910,63.99000000
2018-02-22 12:43:21,0.00037920,62.32000000
2018-02-22 12:43:21,0.00037920,7.22000000
2018-02-22 12:43:21,0.00037920,6.05000000
2018-02-22 12:43:23,0.00037920,26.20000000
2018-02-22 12:43:23,0.00037920,11.86000000
2018-02-22 12:43:23,0.00037910,130.34000000
2018-02-22 12:43:24,0.00037910,285.58000000
2018-02-22 12:43:24,0.00037900,547.01000000
2018-02-22 12:43:24,0.00037900,79.06000000
2018-02-22 12:43:24,0.00037900,5.26000000
2018-02-22 12:43:24,0.00037900,68.84000000
2018-02-22 12:43:25,0.00037960,26.35000000
2018-02-22 12:43:25,0.00038000,18.65000000
2018-02-22 12:43:27,0.00037990,6.58000000
2018-02-22 12:43:28,0.00037920,26.37000000
2018-02-22 12:43:28,0.00037890,18.29000000
2018-02-22 12:43:28,0.00037870,72.09000000
2018-02-22 12:43:31,0.00037990,26.37000000
2018-02-22 12:43:32,0.00037990,101.05000000
2018-02-22 12:43:33,0.00037990,104.76000000
2018-02-22 12:43:37,0.00037920,26.37000000
2018-02-22 12:43:37,0.00037910,458.73000000
2018-02-22 12:43:41,0.00037970,16.98000000
2018-02-22 12:43:59,0.00037970,9.39000000
2018-02-22 12:44:02,0.00037970,47.96000000
2018-02-22 12:44:02,0.00037950,59.60000000
2018-02-22 12:44:02,0.00037940,34.76000000
2018-02-22 12:44:02,0.00037930,13.10000000
2018-02-22 12:44:02,0.00037920,26.37000000
2018-02-22 12:44:02,0.00037870,446.05000000
2018-02-22 12:44:02,0.00037860,371.86000000
2018-02-22 12:44:05,0.00037950,13.10000000
2018-02-22 12:44:11,0.00037900,118.51000000
2018-02-22 12:44:12,0.00037900,121.49000000
2018-02-22 12:44:12,0.00037900,26.38000000
2018-02-22 12:44:12,0.00037900,92.13000000
2018-02-22 12:44:12,0.00037870,628.59000000
2018-02-22 12:44:12,0.00037860,10.99000000
2018-02-22 12:44:13,0.00037900,9.24000000
2018-02-22 12:44:13,0.00037900,9.24000000
2018-02-22 12:44:13,0.00037900,125.54000000
2018-02-22 12:44:13,0.00037900,78.98000000
2018-02-22 12:44:13,0.00037900,9.25000000
2018-02-22 12:44:13,0.00037900,26.38000000
2018-02-22 12:44:13,0.00037900,13.19000000
2018-02-22 12:44:13,0.00037900,9.33000000
2018-02-22 12:44:14,0.00037900,48.90000000
2018-02-22 12:44:15,0.00037900,13.19000000
2018-02-22 12:44:15,0.00037870,161.41000000
2018-02-22 12:44:15,0.00037860,487.26000000
2018-02-22 12:44:15,0.00037850,681.19000000
2018-02-22 12:44:15,0.00037840,3652.36000000
2018-02-22 12:44:15,0.00037830,3.23000000
2018-02-22 12:44:15,0.00037820,76.01000000
2018-02-22 12:44:15,0.00037800,70.72000000
2018-02-22 12:44:15,0.00037840,5.00000000
2018-02-22 12:44:15,0.00037840,79.04000000
2018-02-22 12:44:15,0.00037840,320.51000000
2018-02-22 12:44:15,0.00037840,77.52000000
2018-02-22 12:44:15,0.00037840,26.42000000
2018-02-22 12:44:15,0.00037840,0.46000000
2018-02-22 12:44:16,0.00037850,131.74000000
2018-02-22 12:44:16,0.00037950,102.00000000
2018-02-22 12:44:18,0.00037920,5.85000000
2018-02-22 12:44:18,0.00037920,5.85000000
2018-02-22 12:44:18,0.00037910,8.49000000
2018-02-22 12:44:18,0.00037910,108.77000000
2018-02-22 12:44:18,0.00037850,131.74000000
2018-02-22 12:44:18,0.00037850,79.09000000
2018-02-22 12:44:18,0.00037850,32.97000000
2018-02-22 12:44:18,0.00037850,4.54000000
2018-02-22 12:44:19,0.00037860,21.55000000
2018-02-22 12:44:19,0.00037860,21.55000000
2018-02-22 12:44:19,0.00037850,14.48000000
2018-02-22 12:44:19,0.00037860,10.56000000
2018-02-22 12:44:19,0.00037850,23.62000000
2018-02-22 12:44:20,0.00037840,108.12000000
2018-02-22 12:44:20,0.00037840,6.85000000
2018-02-22 12:44:22,0.00037850,10.78000000
2018-02-22 12:44:22,0.00037860,4.09000000
2018-02-22 12:44:23,0.00037860,14.53000000
2018-02-22 12:44:23,0.00037860,13.57000000
2018-02-22 12:44:25,0.00037850,10.78000000
2018-02-22 12:44:28,0.00037860,17.46000000
2018-02-22 12:44:29,0.00037820,390.50000000
2018-02-22 12:44:31,0.00037860,19.04000000
2018-02-22 12:44:31,0.00037820,1967.71000000
2018-02-22 12:44:31,0.00037860,25.90000000
2018-02-22 12:44:31,0.00037860,25.90000000
2018-02-22 12:44:31,0.00037860,8.02000000
2018-02-22 12:44:32,0.00037810,20.00000000
2018-02-22 12:44:32,0.00037800,56.87000000
2018-02-22 12:44:34,0.00037860,26.10000000
2018-02-22 12:44:38,0.00037810,20.00000000
2018-02-22 12:44:38,0.00037800,44.35000000
2018-02-22 12:44:43,0.00037840,15.71000000
2018-02-22 12:44:44,0.00037800,76.98000000
2018-02-22 12:44:44,0.00037800,51.44000000
2018-02-22 12:44:44,0.00037800,51.44000000
2018-02-22 12:44:44,0.00037800,119.84000000
2018-02-22 12:44:44,0.00037800,51.52000000
2018-02-22 12:44:45,0.00037800,31.31000000
2018-02-22 12:44:45,0.00037800,77.52000000
2018-02-22 12:44:45,0.00037800,170.98000000
2018-02-22 12:44:45,0.00037860,14.05000000
2018-02-22 12:44:45,0.00037860,14.43000000
2018-02-22 12:44:46,0.00037860,121.61000000
2018-02-22 12:44:48,0.00037830,46.12000000
2018-02-22 12:44:49,0.00037820,25.22000000
2018-02-22 12:44:49,0.00037900,5.80000000
2018-02-22 12:44:50,0.00037830,5.80000000
2018-02-22 12:44:50,0.00037800,20.00000000
2018-02-22 12:44:50,0.00037800,30.69000000
2018-02-22 12:44:51,0.00037810,131.74000000
2018-02-22 12:44:51,0.00037800,29.34000000
2018-02-22 12:44:51,0.00037790,293.40000000
2018-02-22 12:44:51,0.00037780,4.06000000
2018-02-22 12:44:51,0.00037770,268.00000000
2018-02-22 12:44:52,0.00037860,7.92000000
2018-02-22 12:44:53,0.00037820,17.30000000
2018-02-22 12:44:53,0.00037830,26.45000000
2018-02-22 12:44:53,0.00037850,35.45000000
2018-02-22 12:44:54,0.00037850,140.63000000
2018-02-22 12:44:54,0.00037860,197.53000000
2018-02-22 12:44:56,0.00037810,57.59000000
2018-02-22 12:44:56,0.00037810,146.12000000
2018-02-22 12:44:56,0.00037810,15.00000000
2018-02-22 12:44:57,0.00037810,27.10000000
2018-02-22 12:44:58,0.00037800,13.55000000
2018-02-22 12:44:59,0.00037810,10.30000000
2018-02-22 12:45:00,0.00037810,264.24000000
2018-02-22 12:45:00,0.00037810,20.00000000
2018-02-22 12:45:00,0.00037810,78.95000000
2018-02-22 12:45:00,0.00037810,19.93000000
2018-02-22 12:45:01,0.00037810,21.64000000
2018-02-22 12:45:02,0.00037810,11.88000000
2018-02-22 12:45:02,0.00037800,355.45000000
2018-02-22 12:45:02,0.00037790,0.83000000
2018-02-22 12:45:04,0.00037810,222.86000000
2018-02-22 12:45:08,0.00037810,132.24000000
2018-02-22 12:45:08,0.00037800,102.25000000
2018-02-22 12:45:08,0.00037770,197.53000000
2018-02-22 12:45:08,0.00037760,317.80000000
2018-02-22 12:45:08,0.00037750,1242.64000000
2018-02-22 12:45:08,0.00037850,191.63000000
2018-02-22 12:45:09,0.00037860,142.28000000
2018-02-22 12:45:09,0.00037890,199.90000000
2018-02-22 12:45:09,0.00037910,60.04000000
2018-02-22 12:45:09,0.00037920,90.04000000
2018-02-22 12:45:09,0.00037950,42.67000000
2018-02-22 12:45:09,0.00037980,6.04000000
2018-02-22 12:45:09,0.00037990,1092.81000000
2018-02-22 12:45:10,0.00037890,18.07000000
2018-02-22 12:45:11,0.00037850,4.08000000
2018-02-22 12:45:12,0.00037890,179.46000000
2018-02-22 12:45:12,0.00037900,219.67000000
2018-02-22 12:45:14,0.00037900,134.36000000
2018-02-22 12:45:15,0.00037900,7.39000000
2018-02-22 12:45:22,0.00037820,25.60000000
2018-02-22 12:45:22,0.00037810,174.40000000
2018-02-22 12:45:22,0.00037880,4.00000000
2018-02-22 12:45:26,0.00037820,82.40000000
2018-02-22 12:45:26,0.00037870,26.43000000
2018-02-22 12:45:26,0.00037880,26.37000000
2018-02-22 12:45:29,0.00037880,20.58000000
2018-02-22 12:45:30,0.00037830,165.81000000
2018-02-22 12:45:30,0.00037820,830.01000000
2018-02-22 12:45:33,0.00037880,13.19000000
2018-02-22 12:45:35,0.00037880,26.40000000
2018-02-22 12:45:36,0.00037850,180.40000000
2018-02-22 12:45:38,0.00037820,200.31000000
2018-02-22 12:45:42,0.00037820,99.97000000
2018-02-22 12:45:43,0.00037820,15.10000000
2018-02-22 12:45:44,0.00037820,35.66000000
2018-02-22 12:45:45,0.00037840,18.48000000
2018-02-22 12:45:46,0.00037820,15.21000000
2018-02-22 12:45:46,0.00037820,26.41000000
2018-02-22 12:45:46,0.00037820,26.41000000
2018-02-22 12:45:46,0.00037820,34.72000000
2018-02-22 12:45:48,0.00037820,258.83000000
2018-02-22 12:45:49,0.00037820,202.02000000
2018-02-22 12:45:51,0.00037840,52.00000000
2018-02-22 12:45:56,0.00037820,139.16000000
2018-02-22 12:45:56,0.00037810,42.69000000
2018-02-22 12:46:02,0.00037820,75.00000000
2018-02-22 12:46:02,0.00037810,1587.08000000
2018-02-22 12:46:02,0.00037800,7137.09000000
2018-02-22 12:46:04,0.00037810,50.00000000
2018-02-22 12:46:05,0.00037820,30.35000000
2018-02-22 12:46:06,0.00037810,50.09000000
2018-02-22 12:46:07,0.00037810,132.24000000
2018-02-22 12:46:07,0.00037810,392.72000000
2018-02-22 12:46:07,0.00037810,132.24000000
2018-02-22 12:46:07,0.00037810,79.26000000
2018-02-22 12:46:07,0.00037810,55.72000000
2018-02-22 12:46:08,0.00037810,12.96000000
2018-02-22 12:46:08,0.00037810,40.04000000
2018-02-22 12:46:08,0.00037800,92.02000000
2018-02-22 12:46:10,0.00037810,38.00000000
2018-02-22 12:46:14,0.00037810,53.00000000
2018-02-22 12:46:14,0.00037800,190.55000000
2018-02-22 12:46:15,0.00037830,228.42000000
2018-02-22 12:46:15,0.00037830,9.86000000
2018-02-22 12:46:16,0.00037810,101.09000000
2018-02-22 12:46:16,0.00037810,101.09000000
2018-02-22 12:46:16,0.00037800,1132.91000000
2018-02-22 12:46:17,0.00037810,33.84000000
2018-02-22 12:46:17,0.00037810,16.16000000
2018-02-22 12:46:22,0.00037830,24.85000000
2018-02-22 12:46:23,0.00037820,7.39000000
2018-02-22 12:46:23,0.00037810,25.00000000
2018-02-22 12:46:23,0.00037800,22.59000000
2018-02-22 12:46:24,0.00037830,260.12000000
2018-02-22 12:46:24,0.00037830,55.06000000
2018-02-22 12:46:25,0.00037830,21.65000000
2018-02-22 12:46:25,0.00037830,10.51000000
2018-02-22 12:46:25,0.00037830,389.53000000
2018-02-22 12:46:26,0.00037800,995.90000000
2018-02-22 12:46:27,0.00037800,1258.00000000
2018-02-22 12:46:31,0.00037800,102.47000000
2018-02-22 12:46:32,0.00037840,304.77000000
2018-02-22 12:46:33,0.00037800,462.73000000
2018-02-22 12:46:33,0.00037800,746.92000000
2018-02-22 12:46:38,0.00037830,79.25000000
2018-02-22 12:46:38,0.00037830,436.48000000
2018-02-22 12:46:38,0.00037830,20.89000000
2018-02-22 12:46:38,0.00037830,20.53000000
2018-02-22 12:46:38,0.00037800,20.53000000
2018-02-22 12:46:40,0.00037840,910.57000000
2018-02-22 12:46:41,0.00037800,6.00000000
2018-02-22 12:46:45,0.00037810,12.70000000
2018-02-22 12:46:45,0.00037810,12.70000000
2018-02-22 12:46:48,0.00037800,10.70000000
2018-02-22 12:46:48,0.00037800,62.03000000
2018-02-22 12:46:48,0.00037800,62.01000000
2018-02-22 12:46:51,0.00037800,444.00000000
2018-02-22 12:46:58,0.00037810,13.23000000
2018-02-22 12:47:02,0.00037810,733.31000000
2018-02-22 12:47:02,0.00037840,1567.88000000
2018-02-22 12:47:05,0.00037810,25.65000000
2018-02-22 12:47:06,0.00037840,462.67000000
2018-02-22 12:47:06,0.00037810,25.64000000
2018-02-22 12:47:08,0.00037810,305.24000000
2018-02-22 12:47:12,0.00037840,574.22000000
2018-02-22 12:47:14,0.00037820,20.10000000
2018-02-22 12:47:14,0.00037840,104.07000000
2018-02-22 12:47:14,0.00037840,91.76000000
2018-02-22 12:47:15,0.00037840,10.00000000
2018-02-22 12:47:16,0.00037840,10.58000000
2018-02-22 12:47:16,0.00037840,79.28000000
2018-02-22 12:47:16,0.00037840,15.88000000
2018-02-22 12:47:17,0.00037870,13.20000000
2018-02-22 12:47:17,0.00037840,6.00000000
2018-02-22 12:47:17,0.00037870,3.43000000
2018-02-22 12:47:19,0.00037840,16.10000000
2018-02-22 12:47:19,0.00037860,70.41000000
2018-02-22 12:47:19,0.00037860,70.41000000
2018-02-22 12:47:20,0.00037860,15.74000000
2018-02-22 12:47:24,0.00037870,9.81000000
2018-02-22 12:47:24,0.00037880,28.41000000
2018-02-22 12:47:25,0.00037940,76.91000000
2018-02-22 12:47:26,0.00037890,24.27000000
2018-02-22 12:47:26,0.00037910,6.59000000
2018-02-22 12:47:26,0.00037910,79.13000000
2018-02-22 12:47:26,0.00037910,153.91000000
2018-02-22 12:47:26,0.00037900,189.74000000
2018-02-22 12:47:26,0.00037890,12.53000000
2018-02-22 12:47:26,0.00037880,406.91000000
2018-02-22 12:47:27,0.00037880,257.07000000
2018-02-22 12:47:27,0.00037900,133.61000000
2018-02-22 12:47:27,0.00037880,42.00000000
2018-02-22 12:47:27,0.00037880,24.57000000
2018-02-22 12:47:27,0.00037900,130.29000000
2018-02-22 12:47:27,0.00037910,79.00000000
2018-02-22 12:47:28,0.00037890,7.89000000
2018-02-22 12:47:28,0.00037890,259.33000000
2018-02-22 12:47:28,0.00037940,36.85000000
2018-02-22 12:47:31,0.00037950,179.10000000
2018-02-22 12:47:31,0.00037960,32.97000000
2018-02-22 12:47:32,0.00037950,12.36000000
2018-02-22 12:47:32,0.00037950,17.39000000
2018-02-22 12:47:33,0.00037920,29.77000000
2018-02-22 12:47:33,0.00037940,6.26000000
2018-02-22 12:47:34,0.00037940,5.00000000
2018-02-22 12:47:34,0.00037990,6.56000000
2018-02-22 12:47:34,0.00037990,19.13000000
2018-02-22 12:47:34,0.00037940,19.13000000
2018-02-22 12:47:34,0.00037940,19.13000000
2018-02-22 12:47:34,0.00037940,26.26000000
2018-02-22 12:47:34,0.00037940,3.33000000
2018-02-22 12:47:36,0.00037960,10.64000000
2018-02-22 12:47:36,0.00037970,6.16000000
2018-02-22 12:47:36,0.00037990,25.69000000
2018-02-22 12:47:36,0.00038000,270.86000000
2018-02-22 12:47:36,0.00038010,2.75000000
2018-02-22 12:47:36,0.00038020,642.01000000
2018-02-22 12:47:41,0.00038020,6.58000000
2018-02-22 12:47:41,0.00038020,7.89000000
2018-02-22 12:47:42,0.00037960,21.41000000
2018-02-22 12:47:43,0.00038020,339.40000000
2018-02-22 12:47:43,0.00038030,120.95000000
2018-02-22 12:47:48,0.00038000,3.16000000
2018-02-22 12:47:50,0.00037960,7.67000000
2018-02-22 12:47:51,0.00037970,13.17000000
2018-02-22 12:47:51,0.00037960,1595.56000000
2018-02-22 12:47:51,0.00037960,35.59000000
2018-02-22 12:47:52,0.00038000,16.26000000
2018-02-22 12:47:52,0.00038020,30.36000000
2018-02-22 12:47:52,0.00038030,1470.99000000
2018-02-22 12:47:52,0.00038030,90.70000000
2018-02-22 12:47:52,0.00038030,104.43000000
2018-02-22 12:47:52,0.00038030,98.74000000
2018-02-22 12:47:52,0.00038030,94.24000000
2018-02-22 12:47:52,0.00038030,3.62000000
2018-02-22 12:47:52,0.00038030,21.32000000
2018-02-22 12:47:52,0.00038030,16.44000000
2018-02-22 12:47:53,0.00038030,32.91000000
2018-02-22 12:47:53,0.00038030,8.52000000
2018-02-22 12:47:56,0.00038030,1844.12000000
2018-02-22 12:47:58,0.00038030,168.15000000
2018-02-22 12:47:58,0.00038040,13.17000000
2018-02-22 12:47:58,0.00038050,339.81000000
2018-02-22 12:47:58,0.00038060,133.53000000
2018-02-22 12:47:58,0.00038070,1483.49000000
2018-02-22 12:47:59,0.00038060,5.05000000
2018-02-22 12:48:04,0.00038070,12.08000000
2018-02-22 12:48:06,0.00038070,21.23000000
2018-02-22 12:48:07,0.00038050,50.00000000
2018-02-22 12:48:07,0.00038070,353.20000000
2018-02-22 12:48:07,0.00038100,329.59000000
2018-02-22 12:48:07,0.00038100,20.00000000
2018-02-22 12:48:11,0.00038070,24.25000000
2018-02-22 12:48:12,0.00038050,476.38000000
2018-02-22 12:48:15,0.00038060,137.80000000
2018-02-22 12:48:15,0.00038070,366.11000000
2018-02-22 12:48:15,0.00038050,207.53000000
2018-02-22 12:48:15,0.00038050,8.43000000
2018-02-22 12:48:16,0.00038050,910.04000000
2018-02-22 12:48:16,0.00038070,178.82000000
2018-02-22 12:48:16,0.00038100,604.14000000
2018-02-22 12:48:20,0.00038030,26.29000000
2018-02-22 12:48:20,0.00038020,33.78000000
2018-02-22 12:48:20,0.00038100,167.52000000
2018-02-22 12:48:24,0.00038090,5.41000000
2018-02-22 12:48:46,0.00038030,2.08000000
2018-02-22 12:48:53,0.00038030,28.13000000
2018-02-22 12:48:55,0.00038040,20.88000000
2018-02-22 12:48:56,0.00038040,20.88000000
2018-02-22 12:48:56,0.00037980,151.19000000
2018-02-22 12:48:56,0.00037970,58.03000000
2018-02-22 12:48:56,0.00038030,56.57000000
2018-02-22 12:49:04,0.00038020,12.81000000
2018-02-22 12:49:05,0.00037970,13.17000000
2018-02-22 12:49:05,0.00037960,66.64000000
2018-02-22 12:49:05,0.00037950,191.21000000
2018-02-22 12:49:05,0.00038020,12.81000000
2018-02-22 12:49:05,0.00038020,12.81000000
2018-02-22 12:49:05,0.00038020,26.30000000
2018-02-22 12:49:05,0.00038020,12.81000000
2018-02-22 12:49:06,0.00037960,77.54000000
2018-02-22 12:49:06,0.00037950,172.46000000
2018-02-22 12:49:07,0.00037950,165.81000000
2018-02-22 12:49:10,0.00037960,13.18000000
2018-02-22 12:49:10,0.00037950,48.13000000
2018-02-22 12:49:10,0.00037950,21.32000000
2018-02-22 12:49:10,0.00037950,21.32000000
2018-02-22 12:49:10,0.00037950,21.32000000
2018-02-22 12:49:10,0.00037950,26.35000000
2018-02-22 12:49:10,0.00037950,16.61000000
2018-02-22 12:49:10,0.00037950,16.61000000
2018-02-22 12:49:10,0.00037940,21.32000000
2018-02-22 12:49:11,0.00037940,131.97000000
2018-02-22 12:49:14,0.00037950,6.73000000
2018-02-22 12:49:15,0.00037950,16.29000000
2018-02-22 12:49:18,0.00037950,8.43000000
2018-02-22 12:49:31,0.00037960,241.68000000
2018-02-22 12:49:31,0.00037950,1265.90000000
2018-02-22 12:49:32,0.00037980,40.36000000
2018-02-22 12:49:36,0.00037950,512.53000000
2018-02-22 12:49:37,0.00037950,214.09000000
2018-02-22 12:49:37,0.00037950,26.93000000
2018-02-22 12:49:38,0.00037950,20.00000000
2018-02-22 12:49:39,0.00037940,26.93000000
2018-02-22 12:49:39,0.00037950,339.67000000
2018-02-22 12:49:42,0.00037940,586.15000000
2018-02-22 12:50:00,0.00037940,42.38000000
2018-02-22 12:50:02,0.00037940,105.00000000
2018-02-22 12:50:02,0.00037940,51.02000000
2018-02-22 12:50:06,0.00037940,479.76000000
2018-02-22 12:50:09,0.00037940,2187.58000000
2018-02-22 12:50:10,0.00037940,461.37000000
2018-02-22 12:50:11,0.00037940,4.01000000
2018-02-22 12:50:16,0.00037940,1.29000000
2018-02-22 12:50:16,0.00037950,26.34000000
2018-02-22 12:50:16,0.00037960,2.37000000
2018-02-22 12:50:17,0.00037880,264.11000000
2018-02-22 12:50:17,0.00037870,29.27000000
2018-02-22 12:50:17,0.00037840,389.41000000
2018-02-22 12:50:18,0.00037890,19.78000000
2018-02-22 12:50:18,0.00037880,132.60000000
2018-02-22 12:50:18,0.00037870,405.68000000
2018-02-22 12:50:20,0.00037890,5.85000000
2018-02-22 12:50:21,0.00037870,258.26000000
2018-02-22 12:50:21,0.00037870,29.27000000
2018-02-22 12:50:23,0.00037870,79.60000000
2018-02-22 12:50:24,0.00037860,8.52000000
2018-02-22 12:50:24,0.00037860,2.77000000
2018-02-22 12:50:24,0.00037860,121.31000000
2018-02-22 12:50:25,0.00037860,30.20000000
2018-02-22 12:50:31,0.00037880,25.61000000
2018-02-22 12:50:31,0.00037870,26.40000000
2018-02-22 12:50:31,0.00037850,6.06000000
2018-02-22 12:50:31,0.00037830,15.00000000
2018-02-22 12:50:31,0.00037820,435.40000000
2018-02-22 12:50:31,0.00037810,304.60000000
2018-02-22 12:50:33,0.00037840,5.94000000
2018-02-22 12:50:38,0.00037840,47.06000000
2018-02-22 12:50:38,0.00037830,30.20000000
2018-02-22 12:50:40,0.00037830,156.13000000
2018-02-22 12:50:40,0.00037820,197.60000000
2018-02-22 12:50:42,0.00037830,13.22000000
2018-02-22 12:50:42,0.00037830,1.71000000
2018-02-22 12:50:44,0.00037830,6.07000000
2018-02-22 12:50:47,0.00037830,5.44000000
2018-02-22 12:50:49,0.00037830,26.94000000
2018-02-22 12:50:49,0.00037830,26.94000000
2018-02-22 12:50:49,0.00037830,20.00000000
2018-02-22 12:50:57,0.00037820,463.46000000
2018-02-22 12:50:57,0.00037800,136.93000000
2018-02-22 12:51:01,0.00037800,870.42000000
2018-02-22 12:51:07,0.00037830,49.50000000
2018-02-22 12:51:07,0.00037840,1450.50000000
2018-02-22 12:51:09,0.00037840,26.44000000
2018-02-22 12:51:11,0.00037830,59.47000000
2018-02-22 12:51:16,0.00037830,52.87000000
2018-02-22 12:51:16,0.00037830,165.49000000
2018-02-22 12:51:16,0.00037830,79.25000000
2018-02-22 12:51:21,0.00037830,57.29000000
2018-02-22 12:51:23,0.00037820,137.65000000
2018-02-22 12:51:23,0.00037800,254.91000000
2018-02-22 12:51:26,0.00037830,881.61000000
2018-02-22 12:51:26,0.00037830,279.09000000
2018-02-22 12:51:26,0.00037800,1360.16000000
2018-02-22 12:51:27,0.00037800,5.43000000
2018-02-22 12:51:27,0.00037830,480.15000000
2018-02-22 12:51:28,0.00037830,650.25000000
2018-02-22 12:51:29,0.00037800,5834.44000000
2018-02-22 12:51:29,0.00037750,1960.93000000
2018-02-22 12:51:29,0.00037750,28.02000000
2018-02-22 12:51:29,0.00037750,2108.77000000
2018-02-22 12:51:30,0.00037840,59.69000000
2018-02-22 12:51:30,0.00037890,26.40000000
2018-02-22 12:51:30,0.00037920,60.14000000
2018-02-22 12:51:30,0.00037930,876.44000000
2018-02-22 12:51:30,0.00037960,192.00000000
2018-02-22 12:51:30,0.00038010,339.81000000
2018-02-22 12:51:30,0.00038040,504.85000000
2018-02-22 12:51:30,0.00037870,10.64000000
2018-02-22 12:51:32,0.00037920,382.42000000
2018-02-22 12:51:32,0.00037980,10.64000000
2018-02-22 12:51:32,0.00038040,115.54000000
2018-02-22 12:51:32,0.00037810,264.72000000
2018-02-22 12:51:32,0.00037800,197.29000000
2018-02-22 12:51:34,0.00037870,9.99000000
2018-02-22 12:51:34,0.00038010,157.73000000
2018-02-22 12:51:35,0.00037830,417.68000000
2018-02-22 12:51:35,0.00037820,339.81000000
2018-02-22 12:51:35,0.00037810,59.51000000
2018-02-22 12:51:35,0.00037800,205.44000000
2018-02-22 12:51:36,0.00037780,6.07000000
2018-02-22 12:51:36,0.00037770,165.85000000
2018-02-22 12:51:37,0.00037770,26.94000000
2018-02-22 12:51:38,0.00037750,0.17000000
2018-02-22 12:51:38,0.00037750,157.37000000
2018-02-22 12:51:39,0.00037740,6.59000000
2018-02-22 12:51:42,0.00037750,56.14000000
2018-02-22 12:51:43,0.00037730,17.37000000
2018-02-22 12:51:46,0.00037750,240.75000000
2018-02-22 12:51:49,0.00037790,450.65000000
2018-02-22 12:51:49,0.00037800,904.02000000
2018-02-22 12:51:49,0.00037830,12.66000000
2018-02-22 12:51:49,0.00037980,339.81000000
2018-02-22 12:51:49,0.00037990,64.00000000
2018-02-22 12:51:49,0.00038010,9.24000000
2018-02-22 12:51:49,0.00038020,719.62000000
2018-02-22 12:51:49,0.00037810,26.94000000
2018-02-22 12:51:50,0.00037830,224.27000000
2018-02-22 12:51:51,0.00037840,19.70000000
2018-02-22 12:51:51,0.00037850,13.52000000
2018-02-22 12:51:51,0.00037840,6.72000000
2018-02-22 12:51:51,0.00037820,133.42000000
2018-02-22 12:51:51,0.00037820,30.20000000
2018-02-22 12:51:51,0.00037820,101.11000000
2018-02-22 12:51:51,0.00037830,163.09000000
2018-02-22 12:51:53,0.00037810,39.57000000
2018-02-22 12:51:54,0.00037810,33.07000000
2018-02-22 12:51:56,0.00037810,12.40000000
2018-02-22 12:51:56,0.00037820,122.52000000
2018-02-22 12:51:58,0.00037820,10.90000000
2018-02-22 12:51:58,0.00037820,264.20000000
2018-02-22 12:52:02,0.00037890,56.62000000
2018-02-22 12:52:02,0.00037900,39.57000000
2018-02-22 12:52:02,0.00037930,3.73000000
2018-02-22 12:52:02,0.00037850,26.95000000
2018-02-22 12:52:06,0.00037880,26.95000000
2018-02-22 12:52:06,0.00037890,13.16000000
2018-02-22 12:52:06,0.00037930,431.26000000
2018-02-22 12:52:06,0.00037980,45.47000000
2018-02-22 12:52:06,0.00038000,162.58000000
2018-02-22 12:52:08,0.00037890,15.00000000
2018-02-22 12:52:08,0.00037920,14.94000000
2018-02-22 12:52:08,0.00037930,3.73000000
2018-02-22 12:52:08,0.00038000,7.71000000
2018-02-22 12:52:09,0.00037910,26.42000000
2018-02-22 12:52:09,0.00037910,100.00000000
2018-02-22 12:52:10,0.00037910,263.75000000
2018-02-22 12:52:10,0.00037900,26.38000000
2018-02-22 12:52:10,0.00037890,21.98000000
2018-02-22 12:52:10,0.00037890,8.77000000
2018-02-22 12:52:10,0.00037900,26.37000000
2018-02-22 12:52:10,0.00037920,10.25000000
2018-02-22 12:52:10,0.00037890,100.38000000
2018-02-22 12:52:11,0.00037890,131.84000000
2018-02-22 12:52:11,0.00037890,132.05000000
2018-02-22 12:52:11,0.00037890,79.17000000
2018-02-22 12:52:11,0.00037890,26.37000000
2018-02-22 12:52:11,0.00037890,6.74000000
2018-02-22 12:52:11,0.00037900,180.12000000
2018-02-22 12:52:12,0.00037940,36.06000000
2018-02-22 12:52:13,0.00037940,161.07000000
2018-02-22 12:52:15,0.00037890,20.22000000
2018-02-22 12:52:16,0.00037900,25.00000000
2018-02-22 12:52:18,0.00037880,41.62000000
2018-02-22 12:52:19,0.00037890,72.16000000
2018-02-22 12:52:21,0.00037880,298.19000000
2018-02-22 12:52:22,0.00037820,56.80000000
2018-02-22 12:52:24,0.00037820,81.82000000
2018-02-22 12:52:24,0.00037820,3.18000000
2018-02-22 12:52:25,0.00037820,3.18000000
2018-02-22 12:52:25,0.00037810,198.93000000
2018-02-22 12:52:25,0.00037800,262.88000000
2018-02-22 12:52:25,0.00037810,53.00000000
2018-02-22 12:52:25,0.00037810,3.21000000
2018-02-22 12:52:25,0.00037810,3.19000000
2018-02-22 12:52:25,0.00037800,11.00000000
2018-02-22 12:52:26,0.00037800,412.27000000
2018-02-22 12:52:26,0.00037810,1.86000000
2018-02-22 12:52:27,0.00037810,164.88000000
2018-02-22 12:52:31,0.00037810,15.59000000
2018-02-22 12:52:36,0.00037810,24.24000000
2018-02-22 12:52:37,0.00037810,35.54000000
2018-02-22 12:52:40,0.00037810,57.96000000
2018-02-22 12:52:43,0.00037820,47.73000000
2018-02-22 12:52:50,0.00037820,86.75000000
2018-02-22 12:52:56,0.00037830,13.22000000
2018-02-22 12:52:56,0.00037820,205.01000000
2018-02-22 12:53:04,0.00037830,50.00000000
2018-02-22 12:53:04,0.00037820,24.48000000
2018-02-22 12:53:04,0.00037820,41.52000000
2018-02-22 12:53:04,0.00037860,98.48000000
2018-02-22 12:53:13,0.00037820,13.23000000
2018-02-22 12:53:13,0.00037820,30.30000000
2018-02-22 12:53:15,0.00037820,22.70000000
2018-02-22 12:53:15,0.00037810,6.92000000
2018-02-22 12:53:20,0.00037810,5405.89000000
2018-02-22 12:53:21,0.00037810,369.68000000
2018-02-22 12:53:36,0.00037830,22.27000000
2018-02-22 12:53:37,0.00037830,3.50000000
2018-02-22 12:53:39,0.00037830,34.50000000
2018-02-22 12:53:39,0.00037820,4.38000000
2018-02-22 12:53:48,0.00037820,392.62000000
2018-02-22 12:53:49,0.00037820,15.00000000
2018-02-22 12:53:49,0.00037810,3777.22000000
2018-02-22 12:53:51,0.00037810,48.13000000
2018-02-22 12:53:52,0.00037810,53.00000000
2018-02-22 12:53:52,0.00037810,53.00000000
2018-02-22 12:53:52,0.00037800,16.81000000
2018-02-22 12:53:56,0.00037800,12.50000000
2018-02-22 12:53:57,0.00037800,71.00000000
2018-02-22 12:53:59,0.00037810,5.84000000
2018-02-22 12:54:00,0.00037800,26.45000000
2018-02-22 12:54:01,0.00037810,13.22000000
2018-02-22 12:54:01,0.00037800,1500.00000000
2018-02-22 12:54:02,0.00037810,50.05000000
2018-02-22 12:54:03,0.00037800,85.16000000
2018-02-22 12:54:03,0.00037800,3000.00000000
2018-02-22 12:54:04,0.00037800,8077.07000000
2018-02-22 12:54:08,0.00037800,33.99000000
2018-02-22 12:54:09,0.00037800,25.93000000
2018-02-22 12:54:10,0.00037790,5.29000000
2018-02-22 12:54:11,0.00037790,16.03000000
2018-02-22 12:54:13,0.00037790,100.76000000
2018-02-22 12:54:17,0.00037790,98.00000000
2018-02-22 12:54:18,0.00037770,10.00000000
2018-02-22 12:54:20,0.00037790,31.89000000
2018-02-22 12:54:24,0.00037790,43.92000000
2018-02-22 12:54:24,0.00037790,27.97000000
2018-02-22 12:54:24,0.00037790,27.97000000
2018-02-22 12:54:24,0.00037790,5.27000000
2018-02-22 12:54:30,0.00037800,79.31000000
2018-02-22 12:54:30,0.00037800,132.28000000
2018-02-22 12:54:30,0.00037800,79.31000000
2018-02-22 12:54:30,0.00037800,24.51000000
2018-02-22 12:54:30,0.00037800,24.40000000
2018-02-22 12:54:30,0.00037800,0.11000000
2018-02-22 12:54:30,0.00037790,79.20000000
2018-02-22 12:54:32,0.00037810,15.48000000
2018-02-22 12:54:32,0.00037810,37.52000000
2018-02-22 12:54:32,0.00037800,77.12000000
2018-02-22 12:54:35,0.00037810,345.06000000
2018-02-22 12:54:35,0.00037800,222.88000000
2018-02-22 12:54:35,0.00037790,15.53000000
2018-02-22 12:54:35,0.00037760,294.41000000
2018-02-22 12:54:35,0.00037750,317.88000000
2018-02-22 12:54:35,0.00037740,304.24000000
2018-02-22 12:54:36,0.00037810,5.84000000
2018-02-22 12:54:36,0.00037810,5.84000000
2018-02-22 12:54:38,0.00037810,36.10000000
2018-02-22 12:54:40,0.00037790,12.83000000
2018-02-22 12:54:41,0.00037790,172.00000000
2018-02-22 12:54:48,0.00037790,156.63000000
2018-02-22 12:54:48,0.00037790,9.79000000
2018-02-22 12:54:48,0.00037810,9.40000000
2018-02-22 12:54:48,0.00037810,9.42000000
2018-02-22 12:54:48,0.00037810,13.22000000
2018-02-22 12:54:48,0.00037810,154.53000000
2018-02-22 12:54:49,0.00037830,79.17000000
2018-02-22 12:54:49,0.00037830,26.43000000
2018-02-22 12:54:49,0.00037830,123.25000000
2018-02-22 12:54:49,0.00037860,20.00000000
2018-02-22 12:54:51,0.00037830,68.80000000
2018-02-22 12:54:51,0.00037810,9.40000000
2018-02-22 12:54:51,0.00037800,38.48000000
2018-02-22 12:54:51,0.00037790,383.32000000
2018-02-22 12:54:54,0.00037860,6.00000000
2018-02-22 12:54:59,0.00037800,8.00000000
2018-02-22 12:55:00,0.00037860,260.00000000
2018-02-22 12:55:04,0.00037800,8.00000000
2018-02-22 12:55:04,0.00037800,216.06000000
2018-02-22 12:55:04,0.00037790,1524.25000000
2018-02-22 12:55:12,0.00037800,371.57000000
2018-02-22 12:55:12,0.00037810,4628.43000000
2018-02-22 12:55:16,0.00037740,294.57000000
2018-02-22 12:55:16,0.00037730,5.43000000
2018-02-22 12:55:18,0.00037740,76.43000000
2018-02-22 12:55:18,0.00037740,57.11000000
2018-02-22 12:55:19,0.00037740,4.74000000
2018-02-22 12:55:19,0.00037740,4.75000000
2018-02-22 12:55:19,0.00037740,19.53000000
2018-02-22 12:55:25,0.00037740,43.40000000
2018-02-22 12:55:25,0.00037740,12.19000000
2018-02-22 12:55:25,0.00037730,448.77000000
2018-02-22 12:55:26,0.00037780,100.00000000
2018-02-22 12:55:28,0.00037750,13.25000000
2018-02-22 12:55:28,0.00037740,3.39000000
2018-02-22 12:55:29,0.00037710,33.00000000
2018-02-22 12:55:29,0.00037730,12.39000000
2018-02-22 12:55:29,0.00037730,8.55000000
2018-02-22 12:55:30,0.00037740,4.19000000
2018-02-22 12:55:30,0.00037740,12.60000000
2018-02-22 12:55:36,0.00037760,339.81000000
2018-02-22 12:55:36,0.00037750,660.19000000
2018-02-22 12:55:47,0.00037750,8776.74000000
2018-02-22 12:55:48,0.00037750,400.23000000
2018-02-22 12:55:50,0.00037750,10402.32000000
2018-02-22 12:55:50,0.00037740,8.16000000
2018-02-22 12:55:50,0.00037750,50.49000000
2018-02-22 12:55:50,0.00037740,64.51000000
2018-02-22 12:55:50,0.00037720,134.19000000
2018-02-22 12:55:50,0.00037710,843.80000000
2018-02-22 12:55:50,0.00037700,1746.37000000
2018-02-22 12:55:50,0.00037700,214.59000000
2018-02-22 12:55:51,0.00037750,91.42000000
2018-02-22 12:55:51,0.00037750,180.94000000
2018-02-22 12:55:51,0.00037700,53.00000000
2018-02-22 12:55:52,0.00037690,54.40000000
2018-02-22 12:55:53,0.00037740,128.36000000
2018-02-22 12:55:53,0.00037740,6.22000000
2018-02-22 12:55:54,0.00037690,35.00000000
2018-02-22 12:55:55,0.00037730,26.50000000
2018-02-22 12:55:55,0.00037730,8.50000000
2018-02-22 12:55:59,0.00037740,365.91000000
2018-02-22 12:55:59,0.00037750,634.09000000
2018-02-22 12:56:07,0.00037740,66.34000000
2018-02-22 12:56:07,0.00037750,1933.66000000
2018-02-22 12:56:10,0.00037700,13.27000000
2018-02-22 12:56:10,0.00037700,33.03000000
2018-02-22 12:56:10,0.00037700,33.03000000
2018-02-22 12:56:10,0.00037700,79.50000000
2018-02-22 12:56:10,0.00037700,79.49000000
2018-02-22 12:56:10,0.00037700,47.59000000
2018-02-22 12:56:11,0.00037700,16.01000000
2018-02-22 12:56:11,0.00037690,79.49000000
2018-02-22 12:56:11,0.00037700,8.44000000
2018-02-22 12:56:11,0.00037700,8.44000000
2018-02-22 12:56:11,0.00037690,8.44000000
2018-02-22 12:56:11,0.00037700,13.26000000
2018-02-22 12:56:12,0.00037680,211.46000000
2018-02-22 12:56:13,0.00037680,61.40000000
2018-02-22 12:56:13,0.00037700,4.46000000
2018-02-22 12:56:14,0.00037680,185.00000000
2018-02-22 12:56:14,0.00037680,40.38000000
2018-02-22 12:56:16,0.00037680,198.37000000
2018-02-22 12:56:22,0.00037690,75.00000000
2018-02-22 12:56:22,0.00037700,1925.00000000
2018-02-22 12:56:23,0.00037680,6.89000000
2018-02-22 12:56:25,0.00037680,21.84000000
2018-02-22 12:56:25,0.00037680,5.93000000
2018-02-22 12:56:25,0.00037680,5.93000000
2018-02-22 12:56:25,0.00037680,37.04000000
2018-02-22 12:56:26,0.00037680,10.85000000
2018-02-22 12:56:26,0.00037680,76.83000000
2018-02-22 12:56:26,0.00037670,20.00000000
2018-02-22 12:56:26,0.00037660,15.00000000
2018-02-22 12:56:28,0.00037660,32.00000000
2018-02-22 12:56:31,0.00037680,76.19000000
2018-02-22 12:56:32,0.00037680,755.00000000
2018-02-22 12:56:33,0.00037660,300.00000000
2018-02-22 12:56:34,0.00037660,14.00000000
2018-02-22 12:56:37,0.00037660,172.07000000
2018-02-22 12:56:38,0.00037680,5.84000000
2018-02-22 12:56:41,0.00037680,310.75000000
2018-02-22 12:56:41,0.00037700,482.84000000
2018-02-22 12:56:41,0.00037700,435.01000000
2018-02-22 12:56:41,0.00037700,226.19000000
2018-02-22 12:56:41,0.00037700,114.70000000
2018-02-22 12:56:42,0.00037680,48.88000000
2018-02-22 12:56:42,0.00037700,667.25000000
2018-02-22 12:56:42,0.00037700,195.60000000
2018-02-22 12:56:45,0.00037680,117.80000000
2018-02-22 12:56:45,0.00037680,671.22000000
2018-02-22 12:56:45,0.00037680,117.83000000
2018-02-22 12:56:52,0.00037680,36.20000000
2018-02-22 12:56:53,0.00037700,138.65000000
2018-02-22 12:56:54,0.00037680,65.00000000
2018-02-22 12:56:58,0.00037680,347.20000000
2018-02-22 12:56:58,0.00037680,1000.00000000
2018-02-22 12:57:01,0.00037680,11895.33000000
2018-02-22 12:57:01,0.00037690,113.31000000
2018-02-22 12:57:01,0.00037700,1878.03000000
2018-02-22 12:57:05,0.00037700,1143.64000000
2018-02-22 12:57:14,0.00037710,8.16000000
2018-02-22 12:57:17,0.00037720,53.00000000
2018-02-22 12:57:17,0.00037710,98.75000000
2018-02-22 12:57:21,0.00037720,60.27000000
2018-02-22 12:57:21,0.00037710,60.26000000
2018-02-22 12:57:22,0.00037750,6.16000000
2018-02-22 12:57:32,0.00037750,546.52000000
2018-02-22 12:57:36,0.00037730,42.51000000
2018-02-22 12:57:38,0.00037730,172.64000000
2018-02-22 12:57:38,0.00037720,6.54000000
2018-02-22 12:57:46,0.00037760,42.51000000
2018-02-22 12:57:46,0.00037770,53.03000000
2018-02-22 12:57:48,0.00037770,12.85000000
2018-02-22 12:57:48,0.00037770,79.42000000
2018-02-22 12:57:48,0.00037770,119.41000000
2018-02-22 12:57:50,0.00037760,11.72000000
2018-02-22 12:57:52,0.00037720,334.20000000
2018-02-22 12:57:52,0.00037720,79.53000000
2018-02-22 12:57:52,0.00037720,79.53000000
2018-02-22 12:57:52,0.00037720,8.58000000
2018-02-22 12:57:52,0.00037720,79.53000000
2018-02-22 12:57:52,0.00037720,79.53000000
2018-02-22 12:57:52,0.00037720,79.53000000
2018-02-22 12:57:52,0.00037720,79.48000000
2018-02-22 12:57:53,0.00037720,79.53000000
2018-02-22 12:57:53,0.00037730,79.53000000
2018-02-22 12:57:53,0.00037730,79.51000000
2018-02-22 12:57:53,0.00037730,7.65000000
2018-02-22 12:57:53,0.00037720,77.26000000
2018-02-22 12:57:53,0.00037720,25.54000000
2018-02-22 12:57:56,0.00037720,79.53000000
2018-02-22 12:57:56,0.00037720,79.53000000
2018-02-22 12:57:56,0.00037720,79.52000000
2018-02-22 12:57:56,0.00037720,76.83000000
2018-02-22 12:57:56,0.00037720,79.52000000
2018-02-22 12:57:56,0.00037720,79.53000000
2018-02-22 12:57:56,0.00037720,64.70000000
2018-02-22 12:57:57,0.00037720,79.53000000
2018-02-22 12:57:57,0.00037720,176.15000000
2018-02-22 12:57:57,0.00037720,79.53000000
2018-02-22 12:57:57,0.00037720,26.11000000
2018-02-22 12:57:57,0.00037720,79.53000000
2018-02-22 12:57:57,0.00037720,36.02000000
2018-02-22 12:57:58,0.00037710,18.17000000
2018-02-22 12:57:59,0.00037720,13.26000000
2018-02-22 12:58:00,0.00037720,36.63000000
2018-02-22 12:58:00,0.00037710,79.55000000
2018-02-22 12:58:00,0.00037710,27.27000000
2018-02-22 12:58:01,0.00037710,30.00000000
2018-02-22 12:58:01,0.00037710,263.79000000
2018-02-22 12:58:02,0.00037720,1344.15000000
2018-02-22 12:58:02,0.00037720,36.63000000
2018-02-22 12:58:04,0.00037710,79.54000000
2018-02-22 12:58:08,0.00037710,19.78000000
2018-02-22 12:58:09,0.00037720,359.43000000
2018-02-22 12:58:10,0.00037720,3.00000000
2018-02-22 12:58:11,0.00037730,79.51000000
2018-02-22 12:58:11,0.00037760,253.37000000
2018-02-22 12:58:11,0.00037770,176.19000000
2018-02-22 12:58:14,0.00037720,355.37000000
2018-02-22 12:58:17,0.00037760,10.00000000
2018-02-22 12:58:18,0.00037730,3.00000000
2018-02-22 12:58:19,0.00037730,10.26000000
2018-02-22 12:58:21,0.00037740,13.25000000
2018-02-22 12:58:21,0.00037720,0.01000000
2018-02-22 12:58:21,0.00037720,13.26000000
2018-02-22 12:58:22,0.00037720,386.70000000
2018-02-22 12:58:24,0.00037720,49.09000000
2018-02-22 12:58:24,0.00037710,625.10000000
2018-02-22 12:58:31,0.00037710,24.13000000
2018-02-22 12:58:31,0.00037700,804.26000000
2018-02-22 12:58:35,0.00037700,3.00000000
2018-02-22 12:58:36,0.00037710,70.00000000
2018-02-22 12:58:36,0.00037700,926.28000000
2018-02-22 12:58:43,0.00037700,58.96000000
2018-02-22 12:58:45,0.00037700,50.00000000
2018-02-22 12:58:47,0.00037700,479.30000000
2018-02-22 12:58:50,0.00037720,136.57000000
2018-02-22 12:58:50,0.00037720,79.52000000
2018-02-22 12:58:50,0.00037720,79.52000000
2018-02-22 12:58:50,0.00037720,79.53000000
2018-02-22 12:58:50,0.00037720,17.18000000
2018-02-22 12:58:50,0.00037720,8.47000000
2018-02-22 12:58:52,0.00037720,8.81000000
2018-02-22 12:58:52,0.00037700,8.80000000
2018-02-22 12:58:56,0.00037700,34.44000000
2018-02-22 12:59:00,0.00037710,335.97000000
2018-02-22 12:59:00,0.00037700,3308.31000000
2018-02-22 12:59:02,0.00037700,50.00000000
2018-02-22 12:59:05,0.00037710,78.50000000
2018-02-22 12:59:05,0.00037710,8.36000000
2018-02-22 12:59:05,0.00037710,421.95000000
2018-02-22 12:59:08,0.00037710,61.60000000
2018-02-22 12:59:09,0.00037710,517.53000000
2018-02-22 12:59:10,0.00037710,134.52000000
2018-02-22 12:59:11,0.00037710,343.95000000
2018-02-22 12:59:13,0.00037720,100.00000000
2018-02-22 12:59:14,0.00037720,79.52000000
2018-02-22 12:59:14,0.00037720,50.48000000
2018-02-22 12:59:14,0.00037710,50.47000000
2018-02-22 12:59:16,0.00037710,79.55000000
2018-02-22 12:59:16,0.00037710,79.54000000
2018-02-22 12:59:16,0.00037710,5.09000000
2018-02-22 12:59:21,0.00037720,6.03000000
2018-02-22 12:59:22,0.00037730,312.98000000
2018-02-22 12:59:23,0.00037730,264.93000000
2018-02-22 12:59:23,0.00037730,40.56000000
2018-02-22 12:59:23,0.00037730,320.66000000
2018-02-22 12:59:23,0.00037730,335.44000000
2018-02-22 12:59:24,0.00037720,79.53000000
2018-02-22 12:59:25,0.00037720,67.07000000
2018-02-22 12:59:26,0.00037730,30.02000000
2018-02-22 12:59:31,0.00037730,140.00000000
2018-02-22 12:59:37,0.00037730,6.45000000
2018-02-22 12:59:37,0.00037730,79.51000000
2018-02-22 12:59:38,0.00037730,217.12000000
2018-02-22 12:59:38,0.00037730,79.51000000
2018-02-22 12:59:38,0.00037730,28.11000000
2018-02-22 12:59:39,0.00037730,79.39000000
2018-02-22 12:59:41,0.00037730,49.90000000
2018-02-22 12:59:42,0.00037730,34.13000000
2018-02-22 12:59:44,0.00037730,54.15000000
2018-02-22 12:59:44,0.00037730,20.36000000
2018-02-22 12:59:46,0.00037730,156.15000000
2018-02-22 12:59:46,0.00037730,79.51000000
2018-02-22 12:59:46,0.00037730,30.14000000
2018-02-22 12:59:46,0.00037730,79.51000000
2018-02-22 12:59:47,0.00037760,13.24000000
2018-02-22 12:59:52,0.00037730,365.81000000
2018-02-22 12:59:53,0.00037730,95.59000000
2018-02-22 12:59:54,0.00037730,41.67000000
2018-02-22 12:59:54,0.00037730,38.30000000
2018-02-22 12:59:55,0.00037770,1348.00000000
2018-02-22 12:59:55,0.00037730,367.08000000
