DATE,PRICE,VOLUME
2018-02-27 07:59:59,0.00038200,8.22000000
2018-02-27 08:00:04,0.00038230,127.00000000
2018-02-27 08:00:04,0.00038280,105.72000000
2018-02-27 08:00:04,0.00038290,73.28000000
2018-02-27 08:00:06,0.00038290,4.12000000
2018-02-27 08:00:12,0.00038210,326.00000000
2018-02-27 08:00:13,0.00038280,3.05000000
2018-02-27 08:00:20,0.00038270,35.05000000
2018-02-27 08:00:20,0.00038280,112.33000000
2018-02-27 08:00:20,0.00038280,150.11000000
2018-02-27 08:00:20,0.00038280,26.11000000
2018-02-27 08:00:21,0.00038280,1000.00000000
2018-02-27 08:00:21,0.00038280,50.95000000
2018-02-27 08:00:21,0.00038280,103.25000000
2018-02-27 08:00:22,0.00038280,3.06000000
2018-02-27 08:00:23,0.00038280,369.69000000
2018-02-27 08:00:27,0.00038230,6.54000000
2018-02-27 08:00:30,0.00038230,1430.48000000
2018-02-27 08:00:35,0.00038290,5.34000000
2018-02-27 08:00:35,0.00038290,91.41000000
2018-02-27 08:00:36,0.00038240,1638.88000000
2018-02-27 08:00:36,0.00038220,105.19000000
2018-02-27 08:00:36,0.00038210,160.81000000
2018-02-27 08:00:37,0.00038230,663.14000000
2018-02-27 08:00:37,0.00038290,906.03000000
2018-02-27 08:00:43,0.00038220,13.09000000
2018-02-27 08:00:43,0.00038210,39.74000000
2018-02-27 08:00:49,0.00038220,5.00000000
2018-02-27 08:00:50,0.00038220,8.09000000
2018-02-27 08:00:51,0.00038220,9.90000000
2018-02-27 08:00:52,0.00038230,26.15000000
2018-02-27 08:00:54,0.00038230,13.08000000
2018-02-27 08:00:56,0.00038220,16.45000000
2018-02-27 08:00:58,0.00038230,454.18000000
2018-02-27 08:01:02,0.00038240,13.08000000
2018-02-27 08:01:02,0.00038230,126.92000000
2018-02-27 08:01:06,0.00038240,13.08000000
2018-02-27 08:01:06,0.00038230,443.59000000
2018-02-27 08:01:06,0.00038220,55.33000000
2018-02-27 08:01:09,0.00038220,698.00000000
2018-02-27 08:01:13,0.00038290,6.53000000
2018-02-27 08:01:19,0.00038290,26.11000000
2018-02-27 08:01:25,0.00038290,0.70000000
2018-02-27 08:01:39,0.00038240,67.99000000
2018-02-27 08:01:39,0.00038230,976.39000000
2018-02-27 08:01:46,0.00038230,88.92000000
2018-02-27 08:01:48,0.00038230,129.19000000
2018-02-27 08:01:56,0.00038230,24.76000000
2018-02-27 08:01:56,0.00038230,17.41000000
2018-02-27 08:02:11,0.00038230,896.82000000
2018-02-27 08:02:18,0.00038240,24.66000000
2018-02-27 08:02:23,0.00038290,445.04000000
2018-02-27 08:02:28,0.00038240,135.30000000
2018-02-27 08:02:32,0.00038240,20.60000000
2018-02-27 08:02:34,0.00038240,24.16000000
2018-02-27 08:02:34,0.00038230,127.48000000
2018-02-27 08:02:34,0.00038220,13.78000000
2018-02-27 08:02:40,0.00038280,27.75000000
2018-02-27 08:02:40,0.00038290,72.25000000
2018-02-27 08:02:49,0.00038280,12.97000000
2018-02-27 08:02:49,0.00038280,16.67000000
2018-02-27 08:02:49,0.00038280,483.14000000
2018-02-27 08:02:49,0.00038230,68.62000000
2018-02-27 08:02:52,0.00038230,58.81000000
2018-02-27 08:02:52,0.00038220,112.19000000
2018-02-27 08:02:54,0.00038220,92.98000000
2018-02-27 08:03:02,0.00038220,29.82000000
2018-02-27 08:03:02,0.00038220,4.58000000
2018-02-27 08:03:03,0.00038220,6.33000000
2018-02-27 08:03:05,0.00038220,374.35000000
2018-02-27 08:03:05,0.00038220,305.86000000
2018-02-27 08:03:05,0.00038210,6.10000000
2018-02-27 08:03:05,0.00038210,12.97000000
2018-02-27 08:03:13,0.00038210,3000.91000000
2018-02-27 08:03:14,0.00038270,16.61000000
2018-02-27 08:03:17,0.00038270,20.00000000
2018-02-27 08:03:17,0.00038270,4.37000000
2018-02-27 08:03:18,0.00038270,159.27000000
2018-02-27 08:03:19,0.00038270,14.37000000
2018-02-27 08:03:21,0.00038210,50.00000000
2018-02-27 08:03:25,0.00038270,0.09000000
2018-02-27 08:03:26,0.00038260,4.37000000
2018-02-27 08:03:30,0.00038260,33.28000000
2018-02-27 08:03:34,0.00038260,6.04000000
2018-02-27 08:03:37,0.00038270,354.66000000
2018-02-27 08:03:38,0.00038260,0.02000000
2018-02-27 08:03:38,0.00038220,72.29000000
2018-02-27 08:03:38,0.00038210,1826.26000000
2018-02-27 08:03:39,0.00038210,99.90000000
2018-02-27 08:03:46,0.00038210,583.04000000
2018-02-27 08:03:56,0.00038260,5.56000000
2018-02-27 08:03:58,0.00038210,79.78000000
2018-02-27 08:04:11,0.00038250,18.48000000
2018-02-27 08:04:11,0.00038240,5.56000000
2018-02-27 08:04:11,0.00038220,5.96000000
2018-02-27 08:04:17,0.00038260,36.77000000
2018-02-27 08:04:23,0.00038250,84.73000000
2018-02-27 08:04:28,0.00038250,19.03000000
2018-02-27 08:04:28,0.00038250,326.26000000
2018-02-27 08:04:29,0.00038250,26.13000000
2018-02-27 08:04:37,0.00038220,76.00000000
2018-02-27 08:04:49,0.00038260,5.22000000
2018-02-27 08:05:00,0.00038220,425.00000000
2018-02-27 08:05:04,0.00038260,101.98000000
2018-02-27 08:05:04,0.00038260,21.07000000
2018-02-27 08:05:04,0.00038260,250.00000000
2018-02-27 08:05:16,0.00038220,362.68000000
2018-02-27 08:05:16,0.00038210,3366.17000000
2018-02-27 08:05:20,0.00038220,132.86000000
2018-02-27 08:05:27,0.00038250,15.82000000
2018-02-27 08:05:35,0.00038220,108.53000000
2018-02-27 08:06:03,0.00038220,179.34000000
2018-02-27 08:06:03,0.00038210,904.96000000
2018-02-27 08:06:03,0.00038230,2.62000000
2018-02-27 08:06:21,0.00038230,28.95000000
2018-02-27 08:06:23,0.00038230,13.08000000
2018-02-27 08:06:25,0.00038230,355.24000000
2018-02-27 08:06:26,0.00038220,182.79000000
2018-02-27 08:06:29,0.00038230,13.08000000
2018-02-27 08:06:30,0.00038230,140.00000000
2018-02-27 08:06:33,0.00038220,17.81000000
2018-02-27 08:06:34,0.00038220,9.05000000
2018-02-27 08:06:34,0.00038230,290.95000000
2018-02-27 08:06:37,0.00038230,91.00000000
2018-02-27 08:06:45,0.00038230,600.00000000
2018-02-27 08:06:45,0.00038220,13.09000000
2018-02-27 08:06:45,0.00038210,3084.18000000
2018-02-27 08:06:46,0.00038230,26.15000000
2018-02-27 08:06:46,0.00038230,13.08000000
2018-02-27 08:06:47,0.00038230,456.37000000
2018-02-27 08:06:50,0.00038240,29.76000000
2018-02-27 08:07:03,0.00038230,521.42000000
2018-02-27 08:07:08,0.00038220,4.00000000
2018-02-27 08:07:08,0.00038210,2206.29000000
2018-02-27 08:07:10,0.00038210,37.77000000
2018-02-27 08:07:10,0.00038220,65.00000000
2018-02-27 08:07:10,0.00038210,3277.67000000
2018-02-27 08:07:11,0.00038230,142.38000000
2018-02-27 08:07:17,0.00038230,50.38000000
2018-02-27 08:07:22,0.00038230,73.69000000
2018-02-27 08:07:37,0.00038220,20.46000000
2018-02-27 08:07:38,0.00038230,261.62000000
2018-02-27 08:07:38,0.00038230,38.92000000
2018-02-27 08:07:39,0.00038230,313.83000000
2018-02-27 08:07:40,0.00038230,57.82000000
2018-02-27 08:07:40,0.00038230,60.78000000
2018-02-27 08:07:46,0.00038220,79.54000000
2018-02-27 08:07:46,0.00038220,5.23000000
2018-02-27 08:07:48,0.00038220,3.85000000
2018-02-27 08:07:51,0.00038220,28.78000000
2018-02-27 08:07:51,0.00038210,33.00000000
2018-02-27 08:07:54,0.00038210,55.50000000
2018-02-27 08:07:56,0.00038230,8.08000000
2018-02-27 08:07:57,0.00038210,240.97000000
2018-02-27 08:07:58,0.00038210,0.05000000
2018-02-27 08:08:02,0.00038220,2.73000000
2018-02-27 08:08:03,0.00038210,427.66000000
2018-02-27 08:08:04,0.00038220,261.69000000
2018-02-27 08:08:04,0.00038220,27.78000000
2018-02-27 08:08:04,0.00038220,25.62000000
2018-02-27 08:08:06,0.00038210,16.56000000
2018-02-27 08:08:08,0.00038220,180.71000000
2018-02-27 08:08:10,0.00038210,289.48000000
2018-02-27 08:08:12,0.00038210,140.05000000
2018-02-27 08:08:17,0.00038210,25.75000000
2018-02-27 08:08:17,0.00038210,52.33000000
2018-02-27 08:08:22,0.00038210,620.72000000
2018-02-27 08:08:22,0.00038200,26.50000000
2018-02-27 08:08:22,0.00038220,81.31000000
2018-02-27 08:08:23,0.00038210,224.87000000
2018-02-27 08:08:24,0.00038220,19.26000000
2018-02-27 08:08:24,0.00038220,6.12000000
2018-02-27 08:08:25,0.00038220,109.31000000
2018-02-27 08:08:26,0.00038220,100.00000000
2018-02-27 08:08:27,0.00038220,51.81000000
2018-02-27 08:08:28,0.00038210,162.25000000
2018-02-27 08:08:33,0.00038210,100.00000000
2018-02-27 08:08:33,0.00038200,81.32000000
2018-02-27 08:08:34,0.00038210,37.59000000
2018-02-27 08:08:36,0.00038210,39.00000000
2018-02-27 08:08:36,0.00038210,38.64000000
2018-02-27 08:08:36,0.00038210,39.00000000
2018-02-27 08:08:37,0.00038210,250.00000000
2018-02-27 08:08:46,0.00038210,23.55000000
2018-02-27 08:08:47,0.00038200,3.09000000
2018-02-27 08:08:48,0.00038210,5.04000000
2018-02-27 08:08:53,0.00038210,171.50000000
2018-02-27 08:08:55,0.00038210,82.92000000
2018-02-27 08:08:57,0.00038210,13.74000000
2018-02-27 08:08:59,0.00038210,260.51000000
2018-02-27 08:08:59,0.00038210,28.05000000
2018-02-27 08:08:59,0.00038200,254.42000000
2018-02-27 08:09:02,0.00038210,196.87000000
2018-02-27 08:09:02,0.00038210,878.87000000
2018-02-27 08:09:02,0.00038220,196.84000000
2018-02-27 08:09:03,0.00038200,689.44000000
2018-02-27 08:09:06,0.00038220,261.83000000
2018-02-27 08:09:08,0.00038210,23.71000000
2018-02-27 08:09:09,0.00038210,32.96000000
2018-02-27 08:09:11,0.00038210,46.75000000
2018-02-27 08:09:11,0.00038210,180.15000000
2018-02-27 08:09:11,0.00038200,288.58000000
2018-02-27 08:09:11,0.00038210,4.91000000
2018-02-27 08:09:13,0.00038200,385.56000000
2018-02-27 08:09:14,0.00038200,24.17000000
2018-02-27 08:09:14,0.00038200,45.25000000
2018-02-27 08:09:15,0.00038200,114.20000000
2018-02-27 08:09:17,0.00038190,38.64000000
2018-02-27 08:09:19,0.00038200,8.15000000
2018-02-27 08:09:21,0.00038190,26.18000000
2018-02-27 08:09:21,0.00038190,26.18000000
2018-02-27 08:09:21,0.00038190,26.18000000
2018-02-27 08:09:21,0.00038190,26.18000000
2018-02-27 08:09:22,0.00038190,26.17000000
2018-02-27 08:09:22,0.00038190,26.18000000
2018-02-27 08:09:22,0.00038190,26.17000000
2018-02-27 08:09:23,0.00038190,254.42000000
2018-02-27 08:09:29,0.00038200,495.29000000
2018-02-27 08:09:29,0.00038220,1317.12000000
2018-02-27 08:09:29,0.00038230,6.92000000
2018-02-27 08:09:31,0.00038230,7.87000000
2018-02-27 08:09:31,0.00038230,26.15000000
2018-02-27 08:09:31,0.00038230,17.71000000
2018-02-27 08:09:31,0.00038230,26.14000000
2018-02-27 08:09:31,0.00038230,26.15000000
2018-02-27 08:09:31,0.00038230,26.14000000
2018-02-27 08:09:31,0.00038230,274.17000000
2018-02-27 08:09:31,0.00038190,26.14000000
2018-02-27 08:09:31,0.00038190,36.05000000
2018-02-27 08:09:31,0.00038190,300.87000000
2018-02-27 08:09:31,0.00038190,21.90000000
2018-02-27 08:09:31,0.00038190,16.62000000
2018-02-27 08:09:33,0.00038220,3.60000000
2018-02-27 08:09:35,0.00038220,0.10000000
2018-02-27 08:09:35,0.00038180,29.92000000
2018-02-27 08:09:39,0.00038180,15.55000000
2018-02-27 08:10:01,0.00038180,170.82000000
2018-02-27 08:10:01,0.00038170,26.04000000
2018-02-27 08:10:05,0.00038170,221.64000000
2018-02-27 08:10:06,0.00038170,4.61000000
2018-02-27 08:10:10,0.00038180,55.80000000
2018-02-27 08:10:10,0.00038220,244.20000000
2018-02-27 08:10:11,0.00038170,146.85000000
2018-02-27 08:10:14,0.00038220,2.62000000
2018-02-27 08:10:15,0.00038220,21.04000000
2018-02-27 08:10:21,0.00038220,6.54000000
2018-02-27 08:10:36,0.00038170,300.31000000
2018-02-27 08:10:43,0.00038210,2.00000000
2018-02-27 08:10:46,0.00038200,9.00000000
2018-02-27 08:10:54,0.00038210,7.66000000
2018-02-27 08:11:01,0.00038210,6.94000000
2018-02-27 08:11:01,0.00038210,3.00000000
2018-02-27 08:11:05,0.00038210,43.57000000
2018-02-27 08:11:06,0.00038180,2.00000000
2018-02-27 08:11:08,0.00038210,694.75000000
2018-02-27 08:11:08,0.00038220,797.11000000
2018-02-27 08:11:12,0.00038250,7.57000000
2018-02-27 08:11:19,0.00038240,14.67000000
2018-02-27 08:11:19,0.00038240,5.45000000
2018-02-27 08:11:22,0.00038240,41.13000000
2018-02-27 08:11:22,0.00038250,24.22000000
2018-02-27 08:11:28,0.00038250,300.08000000
2018-02-27 08:11:33,0.00038250,50.00000000
2018-02-27 08:11:33,0.00038250,116.49000000
2018-02-27 08:11:33,0.00038250,26.14000000
2018-02-27 08:11:34,0.00038250,214.50000000
2018-02-27 08:11:34,0.00038250,18.62000000
2018-02-27 08:11:36,0.00038250,97.12000000
2018-02-27 08:11:36,0.00038240,2.97000000
2018-02-27 08:11:40,0.00038250,221.69000000
2018-02-27 08:11:40,0.00038260,240.18000000
2018-02-27 08:11:41,0.00038260,33.90000000
2018-02-27 08:11:47,0.00038260,187.79000000
2018-02-27 08:11:50,0.00038250,17.01000000
2018-02-27 08:11:50,0.00038250,41.95000000
2018-02-27 08:11:54,0.00038280,19.25000000
2018-02-27 08:11:54,0.00038290,227.65000000
2018-02-27 08:11:56,0.00038300,7.39000000
2018-02-27 08:11:56,0.00038300,25.22000000
2018-02-27 08:11:57,0.00038300,1144.93000000
2018-02-27 08:11:57,0.00038310,44.55000000
2018-02-27 08:11:58,0.00038300,8.75000000
2018-02-27 08:11:59,0.00038310,137.23000000
2018-02-27 08:11:59,0.00038310,6.30000000
2018-02-27 08:12:00,0.00038310,54.58000000
2018-02-27 08:12:01,0.00038310,1389.43000000
2018-02-27 08:12:05,0.00038340,5.40000000
2018-02-27 08:12:07,0.00038340,128.13000000
2018-02-27 08:12:07,0.00038340,5.40000000
2018-02-27 08:12:07,0.00038310,60.88000000
2018-02-27 08:12:07,0.00038300,26.71000000
2018-02-27 08:12:08,0.00038300,26.26000000
2018-02-27 08:12:08,0.00038360,21.63000000
2018-02-27 08:12:08,0.00038300,3.28000000
2018-02-27 08:12:09,0.00038310,4.07000000
2018-02-27 08:12:10,0.00038320,70.23000000
2018-02-27 08:12:10,0.00038370,5755.95000000
2018-02-27 08:12:11,0.00038320,28.87000000
2018-02-27 08:12:12,0.00038320,62.57000000
2018-02-27 08:12:12,0.00038320,8.75000000
2018-02-27 08:12:13,0.00038320,28.00000000
2018-02-27 08:12:13,0.00038320,22.58000000
2018-02-27 08:12:14,0.00038310,36.35000000
2018-02-27 08:12:21,0.00038310,199.00000000
2018-02-27 08:12:37,0.00038360,5.00000000
2018-02-27 08:12:42,0.00038350,75.46000000
2018-02-27 08:12:43,0.00038340,216.00000000
2018-02-27 08:12:43,0.00038350,131.75000000
2018-02-27 08:12:43,0.00038360,8870.73000000
2018-02-27 08:12:43,0.00038320,31.11000000
2018-02-27 08:12:48,0.00038320,10.26000000
2018-02-27 08:12:51,0.00038320,12.97000000
2018-02-27 08:12:56,0.00038320,159.68000000
2018-02-27 08:12:56,0.00038320,26.09000000
2018-02-27 08:12:56,0.00038320,29.73000000
2018-02-27 08:12:56,0.00038310,14.83000000
2018-02-27 08:13:03,0.00038320,5.64000000
2018-02-27 08:13:03,0.00038350,523.07000000
2018-02-27 08:13:03,0.00038360,129.16000000
2018-02-27 08:13:04,0.00038310,30.82000000
2018-02-27 08:13:05,0.00038360,7.82000000
2018-02-27 08:13:13,0.00038340,28.12000000
2018-02-27 08:13:16,0.00038340,10.48000000
2018-02-27 08:13:16,0.00038350,117.62000000
2018-02-27 08:13:16,0.00038360,49.77000000
2018-02-27 08:13:19,0.00038310,249.99000000
2018-02-27 08:13:19,0.00038310,121.56000000
2018-02-27 08:13:19,0.00038310,122.15000000
2018-02-27 08:13:19,0.00038310,123.06000000
2018-02-27 08:13:19,0.00038310,78.00000000
2018-02-27 08:13:19,0.00038310,78.00000000
2018-02-27 08:13:19,0.00038310,26.09000000
2018-02-27 08:13:20,0.00038310,7.83000000
2018-02-27 08:13:20,0.00038350,12.97000000
2018-02-27 08:13:20,0.00038360,80.14000000
2018-02-27 08:13:23,0.00038350,12.97000000
2018-02-27 08:13:23,0.00038360,13.62000000
2018-02-27 08:13:32,0.00038320,13.05000000
2018-02-27 08:13:51,0.00038310,5.23000000
2018-02-27 08:13:52,0.00038330,7.65000000
2018-02-27 08:14:04,0.00038320,265.53000000
2018-02-27 08:14:04,0.00038310,355.05000000
2018-02-27 08:14:08,0.00038330,40.89000000
2018-02-27 08:14:10,0.00038330,180.96000000
2018-02-27 08:14:10,0.00038330,31.94000000
2018-02-27 08:14:10,0.00038330,103.70000000
2018-02-27 08:14:10,0.00038330,33.03000000
2018-02-27 08:14:12,0.00038330,213.96000000
2018-02-27 08:14:16,0.00038340,13.05000000
2018-02-27 08:14:18,0.00038320,6.82000000
2018-02-27 08:14:20,0.00038320,6.23000000
2018-02-27 08:14:26,0.00038310,5.47000000
2018-02-27 08:14:27,0.00038310,176.06000000
2018-02-27 08:14:29,0.00038350,16.00000000
2018-02-27 08:14:32,0.00038310,824.76000000
2018-02-27 08:14:33,0.00038310,26.10000000
2018-02-27 08:14:33,0.00038310,23.32000000
2018-02-27 08:14:33,0.00038310,89.67000000
2018-02-27 08:14:37,0.00038310,25.85000000
2018-02-27 08:14:39,0.00038310,0.01000000
2018-02-27 08:14:39,0.00038300,106.53000000
2018-02-27 08:14:39,0.00038300,80.37000000
2018-02-27 08:14:41,0.00038300,122.42000000
2018-02-27 08:14:41,0.00038300,20.00000000
2018-02-27 08:14:41,0.00038300,260.49000000
2018-02-27 08:14:41,0.00038300,120.95000000
2018-02-27 08:14:41,0.00038330,1.00000000
2018-02-27 08:14:41,0.00038300,47.67000000
2018-02-27 08:14:41,0.00038300,135.15000000
2018-02-27 08:14:42,0.00038300,218.96000000
2018-02-27 08:14:48,0.00038300,16.32000000
2018-02-27 08:14:53,0.00038310,13.06000000
2018-02-27 08:14:54,0.00038300,30.82000000
2018-02-27 08:14:55,0.00038300,24.71000000
2018-02-27 08:14:55,0.00038300,19.48000000
2018-02-27 08:14:55,0.00038300,11.35000000
2018-02-27 08:14:55,0.00038300,26.46000000
2018-02-27 08:14:56,0.00038300,8.96000000
2018-02-27 08:14:56,0.00038300,26.46000000
2018-02-27 08:14:57,0.00038300,4.58000000
2018-02-27 08:14:57,0.00038300,11.15000000
2018-02-27 08:14:58,0.00038310,13.06000000
2018-02-27 08:14:58,0.00038300,198.12000000
2018-02-27 08:15:01,0.00038300,34.15000000
2018-02-27 08:15:02,0.00038260,26.78000000
2018-02-27 08:15:13,0.00038260,6.12000000
2018-02-27 08:15:17,0.00038260,0.88000000
2018-02-27 08:15:17,0.00038250,21.57000000
2018-02-27 08:15:25,0.00038250,0.25000000
2018-02-27 08:15:25,0.00038240,0.01000000
2018-02-27 08:15:25,0.00038210,7.30000000
2018-02-27 08:15:31,0.00038310,4.75000000
2018-02-27 08:15:36,0.00038210,14.40000000
2018-02-27 08:15:36,0.00038200,71.47000000
2018-02-27 08:15:38,0.00038200,18.21000000
2018-02-27 08:15:43,0.00038300,7.30000000
2018-02-27 08:15:45,0.00038250,37.39000000
2018-02-27 08:15:46,0.00038250,32.78000000
2018-02-27 08:15:46,0.00038250,5.58000000
2018-02-27 08:15:48,0.00038290,12.97000000
2018-02-27 08:15:48,0.00038300,76.71000000
2018-02-27 08:16:02,0.00038290,12.97000000
2018-02-27 08:16:02,0.00038300,12.97000000
2018-02-27 08:16:02,0.00038300,20.55000000
2018-02-27 08:16:02,0.00038210,17.13000000
2018-02-27 08:16:03,0.00038210,20.55000000
2018-02-27 08:16:06,0.00038210,44.60000000
2018-02-27 08:16:07,0.00038250,12.97000000
2018-02-27 08:16:07,0.00038260,24.71000000
2018-02-27 08:16:10,0.00038220,5.66000000
2018-02-27 08:16:12,0.00038220,22.07000000
2018-02-27 08:16:12,0.00038220,22.26000000
2018-02-27 08:16:13,0.00038240,12.97000000
2018-02-27 08:16:17,0.00038300,5.74000000
2018-02-27 08:16:17,0.00038230,121.74000000
2018-02-27 08:16:18,0.00038230,0.10000000
2018-02-27 08:16:18,0.00038260,38.17000000
2018-02-27 08:16:18,0.00038300,11.76000000
2018-02-27 08:16:18,0.00038300,26.13000000
2018-02-27 08:16:18,0.00038220,0.01000000
2018-02-27 08:16:18,0.00038210,21.42000000
2018-02-27 08:16:19,0.00038210,6.99000000
2018-02-27 08:16:20,0.00038210,85.06000000
2018-02-27 08:16:21,0.00038210,16.39000000
2018-02-27 08:16:21,0.00038220,121.73000000
2018-02-27 08:16:21,0.00038210,1988.60000000
2018-02-27 08:16:22,0.00038220,34.99000000
2018-02-27 08:16:23,0.00038220,225.93000000
2018-02-27 08:16:23,0.00038220,28.64000000
2018-02-27 08:16:23,0.00038220,26.23000000
2018-02-27 08:16:23,0.00038250,11.97000000
2018-02-27 08:16:23,0.00038220,9.98000000
2018-02-27 08:16:24,0.00038240,50.00000000
2018-02-27 08:16:25,0.00038210,142.59000000
2018-02-27 08:16:25,0.00038210,99.51000000
2018-02-27 08:16:25,0.00038210,16.82000000
2018-02-27 08:16:25,0.00038210,30.82000000
2018-02-27 08:16:26,0.00038210,121.74000000
2018-02-27 08:16:27,0.00038210,568.46000000
2018-02-27 08:16:27,0.00038210,17.48000000
2018-02-27 08:16:27,0.00038210,134.93000000
2018-02-27 08:16:29,0.00038210,78.73000000
2018-02-27 08:16:29,0.00038210,30.62000000
2018-02-27 08:16:29,0.00038210,4.37000000
2018-02-27 08:16:32,0.00038210,148.71000000
2018-02-27 08:16:32,0.00038210,4.37000000
2018-02-27 08:16:32,0.00038210,4.37000000
2018-02-27 08:16:32,0.00038220,35.42000000
2018-02-27 08:16:33,0.00038220,9.68000000
2018-02-27 08:16:33,0.00038220,0.02000000
2018-02-27 08:16:33,0.00038210,7.03000000
2018-02-27 08:16:33,0.00038200,7.03000000
2018-02-27 08:16:34,0.00038200,40.56000000
2018-02-27 08:16:34,0.00038200,586.37000000
2018-02-27 08:16:35,0.00038200,41.53000000
2018-02-27 08:16:35,0.00038200,15.00000000
2018-02-27 08:16:35,0.00038200,25.14000000
2018-02-27 08:16:35,0.00038220,122.55000000
2018-02-27 08:16:36,0.00038200,1992.33000000
2018-02-27 08:16:39,0.00038200,332.06000000
2018-02-27 08:16:52,0.00038210,10.00000000
2018-02-27 08:16:52,0.00038200,2.97000000
2018-02-27 08:16:56,0.00038220,5.37000000
2018-02-27 08:17:03,0.00038220,50.00000000
2018-02-27 08:17:08,0.00038220,327.53000000
2018-02-27 08:17:08,0.00038230,204.00000000
2018-02-27 08:17:08,0.00038290,220.24000000
2018-02-27 08:17:08,0.00038300,230.42000000
2018-02-27 08:17:09,0.00038210,81.65000000
2018-02-27 08:17:09,0.00038300,325.77000000
2018-02-27 08:17:12,0.00038290,14.34000000
2018-02-27 08:17:13,0.00038250,4.37000000
2018-02-27 08:17:13,0.00038250,6.75000000
2018-02-27 08:17:13,0.00038250,4.37000000
2018-02-27 08:17:14,0.00038220,3.27000000
2018-02-27 08:17:14,0.00038250,204.75000000
2018-02-27 08:17:15,0.00038220,244.40000000
2018-02-27 08:17:16,0.00038220,33.71000000
2018-02-27 08:17:16,0.00038240,13.07000000
2018-02-27 08:17:23,0.00038230,13.08000000
2018-02-27 08:17:24,0.00038240,54.24000000
2018-02-27 08:17:24,0.00038250,0.20000000
2018-02-27 08:17:24,0.00038280,204.59000000
2018-02-27 08:17:24,0.00038310,59.64000000
2018-02-27 08:17:24,0.00038330,181.33000000
2018-02-27 08:17:25,0.00038230,16.32000000
2018-02-27 08:17:28,0.00038240,38.39000000
2018-02-27 08:17:31,0.00038240,3.27000000
2018-02-27 08:17:31,0.00038240,63.39000000
2018-02-27 08:17:32,0.00038240,630.21000000
2018-02-27 08:17:32,0.00038240,57.71000000
2018-02-27 08:17:32,0.00038240,7.41000000
2018-02-27 08:17:32,0.00038240,7.43000000
2018-02-27 08:17:33,0.00038240,53.49000000
2018-02-27 08:17:33,0.00038220,0.02000000
2018-02-27 08:17:33,0.00038200,19.65000000
2018-02-27 08:17:33,0.00038200,364.43000000
2018-02-27 08:17:37,0.00038230,14.99000000
2018-02-27 08:17:37,0.00038240,40.87000000
2018-02-27 08:17:37,0.00038250,495.34000000
2018-02-27 08:17:38,0.00038250,17.48000000
2018-02-27 08:17:38,0.00038250,28.64000000
2018-02-27 08:17:38,0.00038250,37.38000000
2018-02-27 08:17:38,0.00038250,12.98000000
2018-02-27 08:17:41,0.00038300,18.81000000
2018-02-27 08:17:41,0.00038300,0.19000000
2018-02-27 08:17:42,0.00038250,2.59000000
2018-02-27 08:17:42,0.00038250,17.41000000
2018-02-27 08:17:42,0.00038300,17.27000000
2018-02-27 08:17:42,0.00038310,12.97000000
2018-02-27 08:17:42,0.00038320,50.00000000
2018-02-27 08:17:42,0.00038330,1126.96000000
2018-02-27 08:17:42,0.00038340,217.39000000
2018-02-27 08:17:43,0.00038230,15.00000000
2018-02-27 08:17:44,0.00038240,26.16000000
2018-02-27 08:17:45,0.00038250,122.03000000
2018-02-27 08:17:49,0.00038260,122.03000000
2018-02-27 08:17:49,0.00038270,15.00000000
2018-02-27 08:17:49,0.00038300,47.54000000
2018-02-27 08:17:49,0.00038300,9.51000000
2018-02-27 08:17:49,0.00038200,47.54000000
2018-02-27 08:17:49,0.00038200,26.10000000
2018-02-27 08:18:01,0.00038270,100.00000000
2018-02-27 08:18:02,0.00038200,228.13000000
2018-02-27 08:18:04,0.00038200,122.43000000
2018-02-27 08:18:06,0.00038200,123.15000000
2018-02-27 08:18:06,0.00038270,34.00000000
2018-02-27 08:18:11,0.00038210,10.25000000
2018-02-27 08:18:16,0.00038270,48.92000000
2018-02-27 08:18:16,0.00038300,19.21000000
2018-02-27 08:18:16,0.00038330,247.37000000
2018-02-27 08:18:16,0.00038340,907.60000000
2018-02-27 08:18:16,0.00038350,404.90000000
2018-02-27 08:18:25,0.00038220,41.53000000
2018-02-27 08:18:31,0.00038220,4.37000000
2018-02-27 08:18:42,0.00038220,59.46000000
2018-02-27 08:18:43,0.00038220,32.78000000
2018-02-27 08:18:44,0.00038230,4.37000000
2018-02-27 08:18:44,0.00038250,128.00000000
2018-02-27 08:18:44,0.00038230,267.62000000
2018-02-27 08:18:44,0.00038230,128.00000000
2018-02-27 08:18:52,0.00038230,122.20000000
2018-02-27 08:18:57,0.00038270,30.90000000
2018-02-27 08:18:57,0.00038280,12.97000000
2018-02-27 08:18:57,0.00038310,13.67000000
2018-02-27 08:18:57,0.00038240,122.03000000
2018-02-27 08:18:58,0.00038240,13.66000000
2018-02-27 08:18:58,0.00038240,0.01000000
2018-02-27 08:18:58,0.00038230,0.02000000
2018-02-27 08:18:59,0.00038220,72.56000000
2018-02-27 08:18:59,0.00038220,122.03000000
2018-02-27 08:19:01,0.00038230,19.11000000
2018-02-27 08:19:04,0.00038220,33.87000000
2018-02-27 08:19:08,0.00038220,313.72000000
2018-02-27 08:19:09,0.00038220,141.00000000
2018-02-27 08:19:12,0.00038220,406.72000000
2018-02-27 08:19:14,0.00038220,12.00000000
2018-02-27 08:19:21,0.00038220,172.49000000
2018-02-27 08:19:23,0.00038220,225.40000000
2018-02-27 08:19:23,0.00038220,26.01000000
2018-02-27 08:19:24,0.00038220,4.58000000
2018-02-27 08:19:24,0.00038220,1516.00000000
2018-02-27 08:19:30,0.00038210,600.25000000
2018-02-27 08:19:32,0.00038210,156.75000000
2018-02-27 08:19:34,0.00038220,4.85000000
2018-02-27 08:19:38,0.00038210,393.07000000
2018-02-27 08:19:39,0.00038220,150.09000000
2018-02-27 08:19:39,0.00038210,188.15000000
2018-02-27 08:19:41,0.00038220,26.16000000
2018-02-27 08:19:41,0.00038220,100.00000000
2018-02-27 08:19:43,0.00038210,60.34000000
2018-02-27 08:19:45,0.00038210,297.55000000
2018-02-27 08:19:46,0.00038200,2161.78000000
2018-02-27 08:19:51,0.00038220,100.00000000
2018-02-27 08:19:52,0.00038200,12.97000000
2018-02-27 08:19:52,0.00038220,18.00000000
2018-02-27 08:19:58,0.00038200,26.16000000
2018-02-27 08:19:58,0.00038200,13.33000000
2018-02-27 08:19:58,0.00038200,458.69000000
2018-02-27 08:19:58,0.00038200,26.16000000
2018-02-27 08:19:58,0.00038200,92.24000000
2018-02-27 08:19:58,0.00038190,26.16000000
2018-02-27 08:20:03,0.00038200,0.08000000
2018-02-27 08:20:03,0.00038220,708.44000000
2018-02-27 08:20:03,0.00038230,2.82000000
2018-02-27 08:20:03,0.00038270,17.20000000
2018-02-27 08:20:03,0.00038330,0.83000000
2018-02-27 08:20:04,0.00038200,122.09000000
2018-02-27 08:20:04,0.00038190,56.99000000
2018-02-27 08:20:08,0.00038280,24.29000000
2018-02-27 08:20:12,0.00038190,1418.62000000
2018-02-27 08:20:15,0.00038190,19.99000000
2018-02-27 08:20:16,0.00038190,14.17000000
2018-02-27 08:20:21,0.00038190,172.49000000
2018-02-27 08:20:21,0.00038180,1627.51000000
2018-02-27 08:20:22,0.00038200,3.48000000
2018-02-27 08:20:30,0.00038180,22.97000000
2018-02-27 08:20:55,0.00038190,8.30000000
2018-02-27 08:21:03,0.00038190,4.79000000
2018-02-27 08:21:11,0.00038190,577.53000000
2018-02-27 08:21:11,0.00038180,719.99000000
2018-02-27 08:21:14,0.00038200,70.00000000
2018-02-27 08:21:16,0.00038200,232.07000000
2018-02-27 08:21:16,0.00038300,67.93000000
2018-02-27 08:21:17,0.00038290,15.00000000
2018-02-27 08:21:17,0.00038300,18.89000000
2018-02-27 08:21:18,0.00038200,122.68000000
2018-02-27 08:21:19,0.00038190,249.00000000
2018-02-27 08:21:20,0.00038190,70.33000000
2018-02-27 08:21:25,0.00038190,12.40000000
2018-02-27 08:21:26,0.00038190,110.28000000
2018-02-27 08:21:28,0.00038200,120.23000000
2018-02-27 08:21:29,0.00038200,50.00000000
2018-02-27 08:21:29,0.00038200,75.12000000
2018-02-27 08:21:29,0.00038200,0.01000000
2018-02-27 08:21:29,0.00038190,3.72000000
2018-02-27 08:21:37,0.00038190,187.42000000
2018-02-27 08:21:38,0.00038190,31.58000000
2018-02-27 08:21:38,0.00038180,245.36000000
2018-02-27 08:21:43,0.00038180,284.79000000
2018-02-27 08:21:44,0.00038180,80.44000000
2018-02-27 08:21:52,0.00038180,2020.99000000
2018-02-27 08:21:52,0.00038190,267.73000000
2018-02-27 08:21:56,0.00038180,15.10000000
2018-02-27 08:22:02,0.00038180,47.96000000
2018-02-27 08:22:02,0.00038180,41.38000000
2018-02-27 08:22:05,0.00038190,36.07000000
2018-02-27 08:22:08,0.00038190,448.81000000
2018-02-27 08:22:18,0.00038220,26.16000000
2018-02-27 08:22:28,0.00038220,100.00000000
2018-02-27 08:22:29,0.00038190,38.63000000
2018-02-27 08:22:33,0.00038220,7.80000000
2018-02-27 08:22:38,0.00038220,21.00000000
2018-02-27 08:23:02,0.00038210,6.99000000
2018-02-27 08:23:13,0.00038210,566.51000000
2018-02-27 08:23:13,0.00038220,105.04000000
2018-02-27 08:23:13,0.00038240,117.87000000
2018-02-27 08:23:13,0.00038250,5391.19000000
2018-02-27 08:23:20,0.00038250,12.56000000
2018-02-27 08:23:25,0.00038250,154.00000000
2018-02-27 08:23:32,0.00038250,415.43000000
2018-02-27 08:23:33,0.00038250,23.20000000
2018-02-27 08:23:37,0.00038200,25.01000000
2018-02-27 08:23:40,0.00038250,3132.69000000
2018-02-27 08:23:59,0.00038220,31.01000000
2018-02-27 08:24:04,0.00038250,987.39000000
2018-02-27 08:24:04,0.00038220,121.98000000
2018-02-27 08:24:08,0.00038220,694.75000000
2018-02-27 08:24:26,0.00038240,13.09000000
2018-02-27 08:24:26,0.00038250,1702.91000000
2018-02-27 08:24:42,0.00038200,2.96000000
2018-02-27 08:24:47,0.00038210,12.00000000
2018-02-27 08:24:50,0.00038220,23.27000000
2018-02-27 08:24:51,0.00038210,5.39000000
2018-02-27 08:25:07,0.00038210,0.93000000
2018-02-27 08:25:07,0.00038200,70.26000000
2018-02-27 08:25:13,0.00038220,16.71000000
2018-02-27 08:25:13,0.00038250,31.33000000
2018-02-27 08:25:15,0.00038200,922.00000000
2018-02-27 08:25:29,0.00038210,39.39000000
2018-02-27 08:25:29,0.00038210,4.58000000
2018-02-27 08:25:29,0.00038210,4.04000000
2018-02-27 08:25:29,0.00038210,8.75000000
2018-02-27 08:25:29,0.00038220,12.97000000
2018-02-27 08:25:29,0.00038220,8.75000000
2018-02-27 08:25:29,0.00038210,0.01000000
2018-02-27 08:25:30,0.00038210,828.28000000
2018-02-27 08:25:30,0.00038210,5.47000000
2018-02-27 08:25:30,0.00038210,4.37000000
2018-02-27 08:25:31,0.00038210,129.85000000
2018-02-27 08:25:32,0.00038210,25.96000000
2018-02-27 08:25:39,0.00038210,0.01000000
2018-02-27 08:25:45,0.00038220,13.09000000
2018-02-27 08:25:45,0.00038210,13.09000000
2018-02-27 08:25:45,0.00038210,42.79000000
2018-02-27 08:25:46,0.00038210,12.97000000
2018-02-27 08:25:49,0.00038220,13.08000000
2018-02-27 08:25:50,0.00038220,0.01000000
2018-02-27 08:25:50,0.00038210,34.91000000
2018-02-27 08:25:51,0.00038210,768.04000000
2018-02-27 08:26:06,0.00038230,26.15000000
2018-02-27 08:26:09,0.00038220,3.48000000
2018-02-27 08:26:09,0.00038230,26.15000000
2018-02-27 08:26:15,0.00038220,23.62000000
2018-02-27 08:26:17,0.00038220,0.26000000
2018-02-27 08:26:28,0.00038220,6.62000000
2018-02-27 08:26:30,0.00038220,229.11000000
2018-02-27 08:26:30,0.00038210,389.87000000
2018-02-27 08:26:41,0.00038210,50.00000000
2018-02-27 08:26:43,0.00038230,10.20000000
2018-02-27 08:26:47,0.00038210,101.56000000
2018-02-27 08:26:52,0.00038230,0.10000000
2018-02-27 08:26:56,0.00038230,16.92000000
2018-02-27 08:27:01,0.00038230,30.92000000
2018-02-27 08:27:04,0.00038240,102.00000000
2018-02-27 08:27:16,0.00038230,41.88000000
2018-02-27 08:27:16,0.00038210,58.12000000
2018-02-27 08:27:18,0.00038210,400.00000000
2018-02-27 08:27:36,0.00038210,284.80000000
2018-02-27 08:28:06,0.00038230,61.74000000
2018-02-27 08:28:10,0.00038230,0.01000000
2018-02-27 08:28:20,0.00038240,0.44000000
2018-02-27 08:28:35,0.00038240,10.00000000
2018-02-27 08:28:38,0.00038230,50.00000000
2018-02-27 08:28:38,0.00038210,46.23000000
2018-02-27 08:28:38,0.00038200,570.47000000
2018-02-27 08:28:38,0.00038190,297.30000000
2018-02-27 08:29:20,0.00038220,3.10000000
2018-02-27 08:29:20,0.00038220,52.90000000
2018-02-27 08:29:20,0.00038230,85.50000000
2018-02-27 08:29:21,0.00038190,148.00000000
2018-02-27 08:29:22,0.00038190,49.03000000
2018-02-27 08:29:24,0.00038190,0.03000000
2018-02-27 08:29:24,0.00038190,231.43000000
2018-02-27 08:29:24,0.00038190,4.37000000
2018-02-27 08:29:24,0.00038190,22.06000000
2018-02-27 08:29:25,0.00038200,13.41000000
2018-02-27 08:29:35,0.00038210,39.27000000
2018-02-27 08:29:35,0.00038220,180.99000000
2018-02-27 08:29:36,0.00038220,5.47000000
2018-02-27 08:29:50,0.00038220,6.45000000
2018-02-27 08:29:57,0.00038220,24.48000000
2018-02-27 08:30:05,0.00038230,1.45000000
2018-02-27 08:30:05,0.00038250,135.15000000
2018-02-27 08:30:06,0.00038220,28.13000000
2018-02-27 08:30:06,0.00038220,16.39000000
2018-02-27 08:30:07,0.00038220,12.97000000
2018-02-27 08:30:24,0.00038250,100.00000000
2018-02-27 08:30:31,0.00038220,1267.27000000
2018-02-27 08:30:31,0.00038200,221.59000000
2018-02-27 08:30:31,0.00038190,1007.55000000
2018-02-27 08:30:31,0.00038180,15482.91000000
2018-02-27 08:30:32,0.00038220,217.32000000
2018-02-27 08:30:38,0.00038220,439.87000000
2018-02-27 08:30:38,0.00038220,292.73000000
2018-02-27 08:30:38,0.00038190,220.00000000
2018-02-27 08:30:38,0.00038180,1698.27000000
2018-02-27 08:30:41,0.00038180,81.04000000
2018-02-27 08:30:41,0.00038210,223.00000000
2018-02-27 08:30:41,0.00038220,145.06000000
2018-02-27 08:30:41,0.00038230,16.36000000
2018-02-27 08:30:41,0.00038250,488.30000000
2018-02-27 08:30:43,0.00038250,378.70000000
2018-02-27 08:30:48,0.00038220,83.61000000
2018-02-27 08:31:14,0.00038210,4.30000000
2018-02-27 08:31:19,0.00038190,7.23000000
2018-02-27 08:31:25,0.00038190,30.00000000
2018-02-27 08:31:29,0.00038190,175.77000000
2018-02-27 08:31:30,0.00038190,5.47000000
2018-02-27 08:31:34,0.00038190,38.67000000
2018-02-27 08:31:35,0.00038210,227.15000000
2018-02-27 08:31:59,0.00038190,51.90000000
2018-02-27 08:31:59,0.00038190,91.60000000
2018-02-27 08:31:59,0.00038180,2901.79000000
2018-02-27 08:32:00,0.00038200,100.00000000
2018-02-27 08:32:05,0.00038200,100.00000000
2018-02-27 08:32:14,0.00038200,7.56000000
2018-02-27 08:32:17,0.00038200,29.00000000
2018-02-27 08:32:20,0.00038200,133.83000000
2018-02-27 08:32:37,0.00038180,442.39000000
2018-02-27 08:32:38,0.00038190,13.10000000
2018-02-27 08:32:38,0.00038180,4784.90000000
2018-02-27 08:32:40,0.00038200,24.68000000
2018-02-27 08:32:45,0.00038200,233.06000000
2018-02-27 08:32:45,0.00038200,193.72000000
2018-02-27 08:32:45,0.00038200,26.12000000
2018-02-27 08:32:45,0.00038200,5.37000000
2018-02-27 08:32:45,0.00038200,12.97000000
2018-02-27 08:32:52,0.00038200,261.78000000
2018-02-27 08:33:08,0.00038200,166.95000000
2018-02-27 08:33:08,0.00038210,15.63000000
2018-02-27 08:33:32,0.00038210,20.00000000
2018-02-27 08:33:39,0.00038190,1.00000000
2018-02-27 08:33:42,0.00038210,33.44000000
2018-02-27 08:33:44,0.00038210,2.00000000
2018-02-27 08:33:50,0.00038190,83.04000000
2018-02-27 08:34:30,0.00038200,13.09000000
2018-02-27 08:34:30,0.00038190,91.72000000
2018-02-27 08:34:36,0.00038190,13.10000000
2018-02-27 08:34:39,0.00038180,873.00000000
2018-02-27 08:34:42,0.00038180,1.60000000
2018-02-27 08:34:44,0.00038180,5.18000000
2018-02-27 08:34:47,0.00038180,71.95000000
2018-02-27 08:34:51,0.00038190,163.94000000
2018-02-27 08:34:51,0.00038190,32.79000000
2018-02-27 08:34:51,0.00038210,22.07000000
2018-02-27 08:34:52,0.00038210,12.97000000
2018-02-27 08:34:52,0.00038180,182.00000000
2018-02-27 08:34:54,0.00038180,442.40000000
2018-02-27 08:35:11,0.00038180,3.99000000
2018-02-27 08:35:13,0.00038210,9.20000000
2018-02-27 08:35:19,0.00038180,34.00000000
2018-02-27 08:35:29,0.00038210,3.00000000
2018-02-27 08:35:29,0.00038180,296.80000000
2018-02-27 08:35:39,0.00038190,136.89000000
2018-02-27 08:35:44,0.00038190,100.76000000
2018-02-27 08:35:49,0.00038190,10.00000000
2018-02-27 08:35:58,0.00038190,6.63000000
2018-02-27 08:35:58,0.00038210,58.37000000
2018-02-27 08:36:10,0.00038210,20.00000000
2018-02-27 08:36:12,0.00038180,121.88000000
2018-02-27 08:36:15,0.00038210,10.58000000
2018-02-27 08:36:37,0.00038200,39.98000000
2018-02-27 08:36:37,0.00038210,20.02000000
2018-02-27 08:36:38,0.00038180,99.00000000
2018-02-27 08:36:48,0.00038180,30.11000000
2018-02-27 08:36:49,0.00038210,9.40000000
2018-02-27 08:36:51,0.00038210,1539.25000000
2018-02-27 08:37:25,0.00038180,120.61000000
2018-02-27 08:37:25,0.00038170,17.65000000
2018-02-27 08:37:27,0.00038190,16.20000000
2018-02-27 08:37:27,0.00038210,120.91000000
2018-02-27 08:37:29,0.00038210,40.16000000
2018-02-27 08:38:14,0.00038180,24.98000000
2018-02-27 08:38:19,0.00038180,14.99000000
2018-02-27 08:38:29,0.00038190,2.73000000
2018-02-27 08:38:30,0.00038180,10.03000000
2018-02-27 08:38:30,0.00038170,7.54000000
2018-02-27 08:38:35,0.00038190,43.86000000
2018-02-27 08:38:39,0.00038190,90.16000000
2018-02-27 08:38:39,0.00038200,360.84000000
2018-02-27 08:38:53,0.00038200,1272.94000000
2018-02-27 08:39:00,0.00038170,0.03000000
2018-02-27 08:39:01,0.00038200,500.00000000
2018-02-27 08:39:16,0.00038200,2000.31000000
2018-02-27 08:39:16,0.00038200,240.77000000
2018-02-27 08:39:22,0.00038200,13.33000000
2018-02-27 08:39:22,0.00038200,28.64000000
2018-02-27 08:39:27,0.00038210,320.75000000
2018-02-27 08:39:27,0.00038220,1176.39000000
2018-02-27 08:39:27,0.00038250,1002.86000000
2018-02-27 08:39:33,0.00038250,12.35000000
2018-02-27 08:39:33,0.00038240,12.97000000
2018-02-27 08:39:33,0.00038250,2997.17000000
2018-02-27 08:39:36,0.00038250,128.10000000
2018-02-27 08:39:58,0.00038180,2394.28000000
2018-02-27 08:40:04,0.00038240,235.00000000
2018-02-27 08:40:04,0.00038250,2158.37000000
2018-02-27 08:40:08,0.00038190,220.00000000
2018-02-27 08:40:08,0.00038180,84.84000000
2018-02-27 08:40:15,0.00038180,288.20000000
2018-02-27 08:40:25,0.00038180,92.90000000
2018-02-27 08:40:32,0.00038220,5.03000000
2018-02-27 08:40:32,0.00038220,5.04000000
2018-02-27 08:40:39,0.00038240,86.00000000
2018-02-27 08:40:43,0.00038230,26.15000000
2018-02-27 08:40:49,0.00038180,48.48000000
2018-02-27 08:41:00,0.00038180,28.44000000
2018-02-27 08:41:16,0.00038230,12.10000000
2018-02-27 08:41:29,0.00038230,13.07000000
2018-02-27 08:41:55,0.00038180,367.78000000
2018-02-27 08:41:55,0.00038170,1948.07000000
2018-02-27 08:41:55,0.00038160,23989.35000000
2018-02-27 08:41:56,0.00038160,64.29000000
2018-02-27 08:42:01,0.00038160,328.46000000
2018-02-27 08:42:01,0.00038160,6.75000000
2018-02-27 08:42:06,0.00038160,166.84000000
2018-02-27 08:42:06,0.00038150,5039.94000000
2018-02-27 08:42:06,0.00038140,85.95000000
2018-02-27 08:42:06,0.00038130,10589.58000000
2018-02-27 08:42:12,0.00038130,11.16000000
2018-02-27 08:42:14,0.00038140,29.48000000
2018-02-27 08:42:19,0.00038130,2812.19000000
2018-02-27 08:42:19,0.00038140,61.61000000
2018-02-27 08:42:24,0.00038130,1416.43000000
2018-02-27 08:42:26,0.00038130,500.00000000
2018-02-27 08:42:31,0.00038130,991.32000000
2018-02-27 08:42:32,0.00038130,1452.55000000
2018-02-27 08:42:38,0.00038140,147.10000000
2018-02-27 08:42:38,0.00038150,6.68000000
2018-02-27 08:42:38,0.00038130,1439.08000000
2018-02-27 08:42:39,0.00038130,300.00000000
2018-02-27 08:42:42,0.00038130,49.34000000
2018-02-27 08:42:48,0.00038130,103.89000000
2018-02-27 08:42:54,0.00038130,3007.13000000
2018-02-27 08:42:54,0.00038140,7.76000000
2018-02-27 08:42:54,0.00038130,23.16000000
2018-02-27 08:42:59,0.00038150,5.07000000
2018-02-27 08:43:02,0.00038230,19.09000000
2018-02-27 08:43:06,0.00038230,53.50000000
2018-02-27 08:43:06,0.00038230,24.61000000
2018-02-27 08:43:22,0.00038220,25.12000000
2018-02-27 08:43:26,0.00038150,37.11000000
2018-02-27 08:43:26,0.00038140,962.89000000
2018-02-27 08:43:32,0.00038140,25.00000000
2018-02-27 08:43:33,0.00038220,26.16000000
2018-02-27 08:43:34,0.00038220,95.67000000
2018-02-27 08:43:34,0.00038220,4.37000000
2018-02-27 08:43:34,0.00038220,4.91000000
2018-02-27 08:43:35,0.00038220,262.92000000
2018-02-27 08:43:35,0.00038220,50.00000000
2018-02-27 08:43:38,0.00038220,141.51000000
2018-02-27 08:43:39,0.00038220,4.37000000
2018-02-27 08:43:39,0.00038220,33.00000000
2018-02-27 08:43:39,0.00038220,33.00000000
2018-02-27 08:43:40,0.00038220,15.50000000
2018-02-27 08:43:41,0.00038220,1003.16000000
2018-02-27 08:43:42,0.00038220,398.96000000
2018-02-27 08:43:42,0.00038230,1000.00000000
2018-02-27 08:43:42,0.00038220,313.29000000
2018-02-27 08:43:43,0.00038220,96.06000000
2018-02-27 08:43:58,0.00038220,143.28000000
2018-02-27 08:44:01,0.00038220,7.84000000
2018-02-27 08:44:06,0.00038200,100.00000000
2018-02-27 08:44:09,0.00038190,48.40000000
2018-02-27 08:44:19,0.00038190,5.64000000
2018-02-27 08:44:20,0.00038190,41.00000000
2018-02-27 08:44:20,0.00038200,16.00000000
2018-02-27 08:44:22,0.00038140,892.44000000
2018-02-27 08:44:40,0.00038140,24.76000000
2018-02-27 08:44:59,0.00038140,15.00000000
2018-02-27 08:44:59,0.00038140,1000.00000000
2018-02-27 08:45:05,0.00038140,31.90000000
2018-02-27 08:45:08,0.00038130,68.73000000
2018-02-27 08:45:11,0.00038130,88.93000000
2018-02-27 08:45:11,0.00038130,304.80000000
2018-02-27 08:45:16,0.00038130,384.81000000
2018-02-27 08:45:19,0.00038130,398.96000000
2018-02-27 08:45:21,0.00038130,79.00000000
2018-02-27 08:45:24,0.00038140,7.45000000
2018-02-27 08:45:25,0.00038140,13.11000000
2018-02-27 08:45:31,0.00038130,110.00000000
2018-02-27 08:45:31,0.00038140,13.11000000
2018-02-27 08:45:36,0.00038130,884.00000000
2018-02-27 08:45:37,0.00038130,603.22000000
2018-02-27 08:45:37,0.00038140,13.11000000
2018-02-27 08:45:39,0.00038140,44.47000000
2018-02-27 08:45:39,0.00038130,7.80000000
2018-02-27 08:45:44,0.00038130,30.00000000
2018-02-27 08:45:51,0.00038130,108.03000000
2018-02-27 08:45:56,0.00038140,20.00000000
2018-02-27 08:45:59,0.00038130,19.98000000
2018-02-27 08:46:33,0.00038140,7.88000000
2018-02-27 08:46:36,0.00038130,39.33000000
2018-02-27 08:46:37,0.00038140,1079.45000000
2018-02-27 08:46:37,0.00038150,12.60000000
2018-02-27 08:46:37,0.00038180,807.95000000
2018-02-27 08:46:37,0.00038180,31.50000000
2018-02-27 08:46:42,0.00038180,10.02000000
2018-02-27 08:47:02,0.00038180,12.00000000
2018-02-27 08:47:09,0.00038160,54.68000000
2018-02-27 08:47:10,0.00038140,10.00000000
2018-02-27 08:47:11,0.00038140,41.22000000
2018-02-27 08:47:11,0.00038130,1173.83000000
2018-02-27 08:47:11,0.00038120,1150.60000000
2018-02-27 08:47:11,0.00038110,155.54000000
2018-02-27 08:47:11,0.00038110,45.45000000
2018-02-27 08:47:14,0.00038160,10.91000000
2018-02-27 08:47:24,0.00038160,18.46000000
2018-02-27 08:47:25,0.00038160,353.69000000
2018-02-27 08:47:33,0.00038150,26.20000000
2018-02-27 08:47:46,0.00038150,7.36000000
2018-02-27 08:47:46,0.00038150,3.21000000
2018-02-27 08:47:57,0.00038140,220.60000000
2018-02-27 08:48:10,0.00038140,136.90000000
2018-02-27 08:48:11,0.00038140,422.69000000
2018-02-27 08:48:28,0.00038130,57.00000000
2018-02-27 08:48:34,0.00038140,26.21000000
2018-02-27 08:48:34,0.00038140,4.37000000
2018-02-27 08:48:34,0.00038140,4.37000000
2018-02-27 08:48:38,0.00038140,21.00000000
2018-02-27 08:48:39,0.00038140,510.97000000
2018-02-27 08:48:39,0.00038130,10.00000000
2018-02-27 08:48:40,0.00038140,954.83000000
2018-02-27 08:49:03,0.00038140,23.00000000
2018-02-27 08:49:03,0.00038130,7.75000000
2018-02-27 08:49:15,0.00038130,162.52000000
2018-02-27 08:49:15,0.00038110,1133.60000000
2018-02-27 08:49:15,0.00038110,189.44000000
2018-02-27 08:49:17,0.00038140,13.11000000
2018-02-27 08:49:18,0.00038130,27.06000000
2018-02-27 08:49:18,0.00038150,213.37000000
2018-02-27 08:49:18,0.00038160,144.38000000
2018-02-27 08:49:22,0.00038160,23.92000000
2018-02-27 08:49:34,0.00038160,97.83000000
2018-02-27 08:49:34,0.00038100,869.80000000
2018-02-27 08:49:40,0.00038100,33.18000000
2018-02-27 08:49:42,0.00038170,10.00000000
2018-02-27 08:49:48,0.00038170,7.00000000
2018-02-27 08:49:54,0.00038170,128.20000000
2018-02-27 08:49:55,0.00038170,182.32000000
2018-02-27 08:50:11,0.00038120,13.12000000
2018-02-27 08:50:11,0.00038110,86.88000000
2018-02-27 08:50:16,0.00038160,2.50000000
2018-02-27 08:50:24,0.00038160,10.00000000
2018-02-27 08:50:25,0.00038110,12.85000000
2018-02-27 08:50:33,0.00038110,2.95000000
2018-02-27 08:50:35,0.00038110,117.92000000
2018-02-27 08:50:35,0.00038100,5075.61000000
2018-02-27 08:50:39,0.00038100,30.00000000
2018-02-27 08:50:41,0.00038110,100.00000000
2018-02-27 08:50:41,0.00038100,603.00000000
2018-02-27 08:50:41,0.00038100,1567.60000000
2018-02-27 08:50:44,0.00038100,5.00000000
2018-02-27 08:50:48,0.00038100,202.99000000
2018-02-27 08:51:05,0.00038110,13.12000000
2018-02-27 08:51:12,0.00038100,13.15000000
2018-02-27 08:51:14,0.00038110,96.29000000
2018-02-27 08:51:15,0.00038110,59.28000000
2018-02-27 08:51:16,0.00038110,5.24000000
2018-02-27 08:51:17,0.00038110,10.00000000
2018-02-27 08:51:17,0.00038110,4.37000000
2018-02-27 08:51:18,0.00038110,4.37000000
2018-02-27 08:51:24,0.00038110,26.16000000
2018-02-27 08:51:24,0.00038110,68.71000000
2018-02-27 08:51:24,0.00038140,26.02000000
2018-02-27 08:51:24,0.00038150,128.87000000
2018-02-27 08:51:24,0.00038170,413.68000000
2018-02-27 08:51:27,0.00038180,4.58000000
2018-02-27 08:51:28,0.00038180,5.45000000
2018-02-27 08:51:29,0.00038180,10.55000000
2018-02-27 08:51:36,0.00038170,17.62000000
2018-02-27 08:51:47,0.00038170,10.00000000
2018-02-27 08:51:47,0.00038150,5.50000000
2018-02-27 08:52:00,0.00038160,10.00000000
2018-02-27 08:52:02,0.00038150,89.97000000
2018-02-27 08:52:07,0.00038160,28.80000000
2018-02-27 08:52:07,0.00038170,20.39000000
2018-02-27 08:52:16,0.00038170,0.05000000
2018-02-27 08:52:18,0.00038170,1207.58000000
2018-02-27 08:52:18,0.00038170,14.51000000
2018-02-27 08:52:21,0.00038120,12.25000000
2018-02-27 08:52:21,0.00038110,125.13000000
2018-02-27 08:52:21,0.00038100,12.56000000
2018-02-27 08:52:24,0.00038150,62.48000000
2018-02-27 08:52:24,0.00038150,0.01000000
2018-02-27 08:52:24,0.00038170,6.11000000
2018-02-27 08:52:24,0.00038170,12.97000000
2018-02-27 08:52:25,0.00038170,4.36000000
2018-02-27 08:52:25,0.00038170,328.04000000
2018-02-27 08:52:25,0.00038180,4.36000000
2018-02-27 08:52:27,0.00038180,424.06000000
2018-02-27 08:52:27,0.00038180,52.38000000
2018-02-27 08:52:42,0.00038170,78.50000000
2018-02-27 08:52:42,0.00038150,5.23000000
2018-02-27 08:52:42,0.00038110,431.38000000
2018-02-27 08:52:42,0.00038110,989.22000000
2018-02-27 08:52:43,0.00038110,93.67000000
2018-02-27 08:52:44,0.00038170,176.33000000
2018-02-27 08:52:45,0.00038170,14.00000000
2018-02-27 08:53:03,0.00038170,20.49000000
2018-02-27 08:53:11,0.00038170,388.69000000
2018-02-27 08:53:13,0.00038170,34.11000000
2018-02-27 08:53:19,0.00038160,0.19000000
2018-02-27 08:53:36,0.00038160,92.00000000
2018-02-27 08:53:37,0.00038130,13.10000000
2018-02-27 08:53:41,0.00038130,0.02000000
2018-02-27 08:53:41,0.00038120,193.62000000
2018-02-27 08:53:41,0.00038110,26.15000000
2018-02-27 08:53:41,0.00038100,181.90000000
2018-02-27 08:53:51,0.00038160,27.00000000
2018-02-27 08:54:00,0.00038110,13.12000000
2018-02-27 08:54:00,0.00038100,116.94000000
2018-02-27 08:54:06,0.00038110,13.12000000
2018-02-27 08:54:06,0.00038100,78.56000000
2018-02-27 08:54:07,0.00038100,392.55000000
2018-02-27 08:54:14,0.00038150,3.23000000
2018-02-27 08:54:15,0.00038150,6.44000000
2018-02-27 08:54:18,0.00038100,9.25000000
2018-02-27 08:54:25,0.00038150,140.00000000
2018-02-27 08:54:26,0.00038150,100.00000000
2018-02-27 08:54:26,0.00038090,344.00000000
2018-02-27 08:54:31,0.00038090,5.00000000
2018-02-27 08:54:33,0.00038090,20.15000000
2018-02-27 08:54:40,0.00038150,56.07000000
2018-02-27 08:54:40,0.00038160,303.93000000
2018-02-27 08:54:41,0.00038090,197.98000000
2018-02-27 08:54:41,0.00038080,100.00000000
2018-02-27 08:54:41,0.00038070,50.00000000
2018-02-27 08:54:41,0.00038060,2449.08000000
2018-02-27 08:54:41,0.00038050,3496.64000000
2018-02-27 08:54:49,0.00038080,12.97000000
2018-02-27 08:54:49,0.00038080,30.82000000
2018-02-27 08:54:49,0.00038080,6.16000000
2018-02-27 08:54:50,0.00038090,28.17000000
2018-02-27 08:54:52,0.00038130,10.72000000
2018-02-27 08:54:58,0.00038080,12.97000000
2018-02-27 08:54:58,0.00038060,0.03000000
2018-02-27 08:55:13,0.00038070,12.29000000
2018-02-27 08:55:19,0.00038080,12.97000000
2018-02-27 08:55:19,0.00038070,10.00000000
2018-02-27 08:55:19,0.00038060,881.94000000
2018-02-27 08:55:19,0.00038050,1592.59000000
2018-02-27 08:55:20,0.00038060,457.95000000
2018-02-27 08:55:22,0.00038120,39.36000000
2018-02-27 08:55:22,0.00038130,12.64000000
2018-02-27 08:55:24,0.00038060,12.97000000
2018-02-27 08:55:24,0.00038050,437.03000000
2018-02-27 08:55:28,0.00038130,39.64000000
2018-02-27 08:55:48,0.00038130,40.84000000
2018-02-27 08:56:02,0.00038150,15.00000000
2018-02-27 08:56:06,0.00038160,20.95000000
2018-02-27 08:56:07,0.00038130,4.25000000
2018-02-27 08:56:07,0.00038130,26.25000000
2018-02-27 08:56:07,0.00038130,425.32000000
2018-02-27 08:56:18,0.00038130,0.02000000
2018-02-27 08:56:18,0.00038160,0.73000000
2018-02-27 08:56:18,0.00038090,28.12000000
2018-02-27 08:56:18,0.00038080,5.48000000
2018-02-27 08:56:32,0.00038160,34.00000000
2018-02-27 08:56:34,0.00038160,37.39000000
2018-02-27 08:56:38,0.00038090,26.23000000
2018-02-27 08:56:38,0.00038080,201.94000000
2018-02-27 08:56:42,0.00038090,55.34000000
2018-02-27 08:56:44,0.00038150,55.34000000
2018-02-27 08:56:50,0.00038150,20.26000000
2018-02-27 08:56:50,0.00038150,117.50000000
2018-02-27 08:56:51,0.00038150,65.84000000
2018-02-27 08:56:51,0.00038140,5.98000000
2018-02-27 08:56:58,0.00038140,200.00000000
2018-02-27 08:57:02,0.00038150,1063.02000000
2018-02-27 08:57:08,0.00038150,13.10000000
2018-02-27 08:57:14,0.00038140,7.60000000
2018-02-27 08:57:17,0.00038140,71.89000000
2018-02-27 08:57:21,0.00038140,96.51000000
2018-02-27 08:57:24,0.00038140,31.57000000
2018-02-27 08:57:24,0.00038140,11.66000000
2018-02-27 08:57:37,0.00038140,5.24000000
2018-02-27 08:57:39,0.00038140,3.93000000
2018-02-27 08:57:41,0.00038140,265.05000000
2018-02-27 08:57:47,0.00038140,26.16000000
2018-02-27 08:57:47,0.00038140,127.30000000
2018-02-27 08:57:47,0.00038150,3409.64000000
2018-02-27 08:57:47,0.00038170,379.71000000
2018-02-27 08:57:53,0.00038190,17.40000000
2018-02-27 08:57:53,0.00038190,10.34000000
2018-02-27 08:58:10,0.00038190,0.18000000
2018-02-27 08:58:20,0.00038190,104.80000000
2018-02-27 08:58:23,0.00038200,48.58000000
2018-02-27 08:58:35,0.00038200,62.12000000
2018-02-27 08:58:37,0.00038190,6.17000000
2018-02-27 08:58:42,0.00038190,261.47000000
2018-02-27 08:58:45,0.00038190,5.23000000
2018-02-27 08:58:56,0.00038160,0.30000000
2018-02-27 08:58:58,0.00038160,1166.32000000
2018-02-27 08:59:10,0.00038160,44.32000000
2018-02-27 08:59:10,0.00038190,0.08000000
2018-02-27 08:59:10,0.00038160,35.57000000
2018-02-27 08:59:11,0.00038190,1044.81000000
2018-02-27 08:59:14,0.00038190,347.17000000
2018-02-27 08:59:26,0.00038160,0.01000000
2018-02-27 08:59:39,0.00038180,51.60000000
2018-02-27 08:59:49,0.00038180,10.00000000
2018-02-27 08:59:52,0.00038180,96.00000000
