DATE,PRICE,VOLUME
2018-02-26 18:00:09,0.00039050,285.10000000
2018-02-26 18:00:11,0.00039090,6.00000000
2018-02-26 18:00:45,0.00039060,11.13000000
2018-02-26 18:00:45,0.00039050,133.31000000
2018-02-26 18:00:51,0.00039050,236.34000000
2018-02-26 18:00:51,0.00039080,225.37000000
2018-02-26 18:00:52,0.00039090,25.96000000
2018-02-26 18:01:10,0.00039090,0.01000000
2018-02-26 18:01:10,0.00039120,1952.77000000
2018-02-26 18:01:10,0.00039120,133.05000000
2018-02-26 18:01:16,0.00039120,4.33000000
2018-02-26 18:01:17,0.00039120,486.70000000
2018-02-26 18:01:22,0.00039050,11.65000000
2018-02-26 18:01:24,0.00039060,5.06000000
2018-02-26 18:01:24,0.00039120,66.45000000
2018-02-26 18:01:24,0.00039130,33.55000000
2018-02-26 18:01:24,0.00039130,121.89000000
2018-02-26 18:01:28,0.00039130,5.10000000
2018-02-26 18:01:41,0.00039120,48.78000000
2018-02-26 18:01:45,0.00039060,19.03000000
2018-02-26 18:01:45,0.00039060,23.67000000
2018-02-26 18:02:01,0.00039120,6.00000000
2018-02-26 18:02:01,0.00039130,34.00000000
2018-02-26 18:02:06,0.00039130,25.65000000
2018-02-26 18:02:15,0.00039060,17.36000000
2018-02-26 18:02:42,0.00039130,3.09000000
2018-02-26 18:02:47,0.00039060,201.23000000
2018-02-26 18:02:48,0.00039050,60.01000000
2018-02-26 18:02:48,0.00039030,40.09000000
2018-02-26 18:02:48,0.00039060,81.00000000
2018-02-26 18:02:48,0.00039060,61.23000000
2018-02-26 18:02:49,0.00039060,0.04000000
2018-02-26 18:02:53,0.00039060,20.01000000
2018-02-26 18:02:54,0.00039060,35.51000000
2018-02-26 18:03:09,0.00039060,34.70000000
2018-02-26 18:03:10,0.00039120,51.00000000
2018-02-26 18:03:18,0.00039050,25.00000000
2018-02-26 18:03:39,0.00039110,3.04000000
2018-02-26 18:03:48,0.00039060,39.29000000
2018-02-26 18:03:48,0.00039050,320.71000000
2018-02-26 18:03:49,0.00039110,23.92000000
2018-02-26 18:03:57,0.00039110,50.00000000
2018-02-26 18:03:59,0.00039110,59.58000000
2018-02-26 18:03:59,0.00039120,225.04000000
2018-02-26 18:03:59,0.00039130,5081.30000000
2018-02-26 18:04:07,0.00039130,3.82000000
2018-02-26 18:04:10,0.00039130,137.00000000
2018-02-26 18:04:16,0.00039130,3125.25000000
2018-02-26 18:04:46,0.00039130,29.00000000
2018-02-26 18:04:47,0.00039090,9.94000000
2018-02-26 18:04:51,0.00039090,2.86000000
2018-02-26 18:04:51,0.00039080,73.55000000
2018-02-26 18:04:51,0.00039130,9.33000000
2018-02-26 18:04:53,0.00039130,3990.49000000
2018-02-26 18:04:59,0.00039130,2559.00000000
2018-02-26 18:05:01,0.00039130,372.86000000
2018-02-26 18:05:02,0.00039130,95.31000000
2018-02-26 18:05:03,0.00039130,43.68000000
2018-02-26 18:05:04,0.00039130,1598.60000000
2018-02-26 18:05:06,0.00039150,48.82000000
2018-02-26 18:05:08,0.00039150,48.85000000
2018-02-26 18:05:08,0.00039190,250.00000000
2018-02-26 18:05:08,0.00039200,1.15000000
2018-02-26 18:05:16,0.00039140,301.47000000
2018-02-26 18:05:16,0.00039140,0.27000000
2018-02-26 18:05:17,0.00039200,5.01000000
2018-02-26 18:05:19,0.00039130,2.00000000
2018-02-26 18:05:22,0.00039140,236.50000000
2018-02-26 18:05:26,0.00039200,10.00000000
2018-02-26 18:05:30,0.00039140,20.92000000
2018-02-26 18:05:31,0.00039200,112.88000000
2018-02-26 18:05:31,0.00039140,2.83000000
2018-02-26 18:05:34,0.00039150,24.00000000
2018-02-26 18:05:34,0.00039150,38.32000000
2018-02-26 18:05:35,0.00039130,6.08000000
2018-02-26 18:05:35,0.00039130,17.62000000
2018-02-26 18:05:37,0.00039150,12.58000000
2018-02-26 18:05:37,0.00039150,0.02000000
2018-02-26 18:05:37,0.00039130,288.40000000
2018-02-26 18:05:38,0.00039200,466.04000000
2018-02-26 18:05:39,0.00039190,12.74000000
2018-02-26 18:05:39,0.00039200,431.75000000
2018-02-26 18:05:39,0.00039210,5.00000000
2018-02-26 18:05:39,0.00039230,678.08000000
2018-02-26 18:05:40,0.00039230,115.68000000
2018-02-26 18:05:42,0.00039230,38.44000000
2018-02-26 18:05:51,0.00039140,61.07000000
2018-02-26 18:05:51,0.00039140,3.70000000
2018-02-26 18:05:52,0.00039150,4.33000000
2018-02-26 18:05:54,0.00039150,281.93000000
2018-02-26 18:05:54,0.00039150,4.57000000
2018-02-26 18:05:55,0.00039150,65.50000000
2018-02-26 18:06:05,0.00039140,25.54000000
2018-02-26 18:06:05,0.00039140,25.54000000
2018-02-26 18:06:05,0.00039140,25.54000000
2018-02-26 18:06:08,0.00039140,52.67000000
2018-02-26 18:06:09,0.00039140,31.35000000
2018-02-26 18:06:12,0.00039140,280.62000000
2018-02-26 18:06:13,0.00039140,19.14000000
2018-02-26 18:06:15,0.00039140,4.57000000
2018-02-26 18:06:16,0.00039140,587.85000000
2018-02-26 18:06:16,0.00039140,157.46000000
2018-02-26 18:06:18,0.00039140,830.28000000
2018-02-26 18:06:22,0.00039140,613.84000000
2018-02-26 18:06:22,0.00039150,711.10000000
2018-02-26 18:06:23,0.00039140,49.85000000
2018-02-26 18:06:23,0.00039140,226.86000000
2018-02-26 18:06:24,0.00039140,7.83000000
2018-02-26 18:06:25,0.00039140,20.46000000
2018-02-26 18:06:25,0.00039140,48.10000000
2018-02-26 18:06:26,0.00039140,126.86000000
2018-02-26 18:06:28,0.00039130,10.00000000
2018-02-26 18:06:29,0.00039130,25.55000000
2018-02-26 18:06:34,0.00039140,326.82000000
2018-02-26 18:06:34,0.00039130,41.35000000
2018-02-26 18:06:34,0.00039130,170.45000000
2018-02-26 18:06:36,0.00039130,21.01000000
2018-02-26 18:06:41,0.00039140,735.57000000
2018-02-26 18:06:41,0.00039130,76.97000000
2018-02-26 18:06:52,0.00039130,130.00000000
2018-02-26 18:06:56,0.00039130,96.14000000
2018-02-26 18:06:58,0.00039130,549.58000000
2018-02-26 18:06:58,0.00039150,5173.84000000
2018-02-26 18:06:58,0.00039150,3041.04000000
2018-02-26 18:06:58,0.00039080,25.54000000
2018-02-26 18:07:01,0.00039130,12.77000000
2018-02-26 18:07:02,0.00039130,510.98000000
2018-02-26 18:07:02,0.00039130,3.00000000
2018-02-26 18:07:08,0.00039110,39.17000000
2018-02-26 18:07:08,0.00039110,39.17000000
2018-02-26 18:07:09,0.00039100,41.57000000
2018-02-26 18:07:09,0.00039100,6.04000000
2018-02-26 18:07:17,0.00039130,6.69000000
2018-02-26 18:07:17,0.00039190,224.00000000
2018-02-26 18:07:17,0.00039200,80.40000000
2018-02-26 18:07:17,0.00039090,80.40000000
2018-02-26 18:07:17,0.00039090,25.51000000
2018-02-26 18:07:17,0.00039100,26.87000000
2018-02-26 18:07:19,0.00039170,12.74000000
2018-02-26 18:07:19,0.00039180,28.26000000
2018-02-26 18:07:24,0.00039090,19.35000000
2018-02-26 18:07:26,0.00039090,80.40000000
2018-02-26 18:07:31,0.00039100,41.46000000
2018-02-26 18:07:33,0.00039100,49.03000000
2018-02-26 18:07:34,0.00039100,224.02000000
2018-02-26 18:07:34,0.00039090,8.49000000
2018-02-26 18:07:37,0.00039090,626.23000000
2018-02-26 18:07:54,0.00039090,23.89000000
2018-02-26 18:08:11,0.00039090,1.26000000
2018-02-26 18:08:31,0.00039070,179.11000000
2018-02-26 18:08:31,0.00039060,18.49000000
2018-02-26 18:08:31,0.00039050,100.00000000
2018-02-26 18:08:31,0.00039030,327.60000000
2018-02-26 18:08:31,0.00039020,128.13000000
2018-02-26 18:08:31,0.00039010,1227.78000000
2018-02-26 18:08:35,0.00039010,30.00000000
2018-02-26 18:08:50,0.00039010,185.19000000
2018-02-26 18:08:50,0.00039000,7706.75000000
2018-02-26 18:08:50,0.00038990,414.37000000
2018-02-26 18:08:50,0.00038980,338.67000000
2018-02-26 18:08:50,0.00038970,146.34000000
2018-02-26 18:08:50,0.00038960,135.00000000
2018-02-26 18:08:50,0.00038950,343.50000000
2018-02-26 18:08:50,0.00038950,175.55000000
2018-02-26 18:08:50,0.00038950,43.68000000
2018-02-26 18:08:50,0.00038950,1042.94000000
2018-02-26 18:08:50,0.00038950,99.15000000
2018-02-26 18:08:50,0.00038950,500.00000000
2018-02-26 18:08:50,0.00038950,51.39000000
2018-02-26 18:08:50,0.00038960,20.00000000
2018-02-26 18:08:50,0.00038960,21.90000000
2018-02-26 18:08:50,0.00038960,19.80000000
2018-02-26 18:08:50,0.00038960,525.12000000
2018-02-26 18:08:50,0.00038960,113.18000000
2018-02-26 18:08:50,0.00038990,5.82000000
2018-02-26 18:08:54,0.00038990,3.45000000
2018-02-26 18:08:58,0.00038950,2223.79000000
2018-02-26 18:09:12,0.00038970,4.74000000
2018-02-26 18:09:24,0.00038950,246.75000000
2018-02-26 18:09:28,0.00038950,8.07000000
2018-02-26 18:09:32,0.00038950,35.48000000
2018-02-26 18:09:34,0.00038960,224.00000000
2018-02-26 18:09:35,0.00038960,12.74000000
2018-02-26 18:09:37,0.00038960,87.62000000
2018-02-26 18:09:40,0.00038960,14.88000000
2018-02-26 18:09:41,0.00038960,12.90000000
2018-02-26 18:09:41,0.00038950,99.09000000
2018-02-26 18:09:43,0.00038960,7.20000000
2018-02-26 18:09:45,0.00038970,20.02000000
2018-02-26 18:09:45,0.00038960,8.70000000
2018-02-26 18:09:59,0.00038960,20.46000000
2018-02-26 18:10:01,0.00038960,21.40000000
2018-02-26 18:10:04,0.00038960,4.77000000
2018-02-26 18:10:05,0.00038960,20.23000000
2018-02-26 18:10:05,0.00038960,6.89000000
2018-02-26 18:10:10,0.00038960,243.69000000
2018-02-26 18:10:12,0.00038970,910.07000000
2018-02-26 18:10:12,0.00038990,181.12000000
2018-02-26 18:10:12,0.00039000,787.36000000
2018-02-26 18:10:16,0.00039000,19.64000000
2018-02-26 18:10:16,0.00039000,10.02000000
2018-02-26 18:10:17,0.00039000,28.12000000
2018-02-26 18:10:17,0.00039000,18.92000000
2018-02-26 18:10:18,0.00039000,6.28000000
2018-02-26 18:10:18,0.00039000,8.81000000
2018-02-26 18:10:29,0.00038960,36.35000000
2018-02-26 18:10:30,0.00038960,23.07000000
2018-02-26 18:10:34,0.00039000,2.01000000
2018-02-26 18:10:34,0.00039040,6.95000000
2018-02-26 18:10:37,0.00039040,3.75000000
2018-02-26 18:10:41,0.00039040,5.33000000
2018-02-26 18:10:42,0.00039040,14.74000000
2018-02-26 18:10:45,0.00038960,431.32000000
2018-02-26 18:10:47,0.00038960,0.02000000
2018-02-26 18:10:50,0.00038950,163.55000000
2018-02-26 18:10:52,0.00038960,32.48000000
2018-02-26 18:10:52,0.00039030,12.74000000
2018-02-26 18:10:52,0.00039040,21.17000000
2018-02-26 18:10:52,0.00039040,806.72000000
2018-02-26 18:10:52,0.00038950,7.31000000
2018-02-26 18:10:52,0.00038950,174.17000000
2018-02-26 18:10:52,0.00038950,25.61000000
2018-02-26 18:11:02,0.00038950,47.24000000
2018-02-26 18:11:07,0.00038940,75.95000000
2018-02-26 18:11:07,0.00038930,34.49000000
2018-02-26 18:11:07,0.00038920,89.56000000
2018-02-26 18:11:17,0.00038930,57.60000000
2018-02-26 18:11:18,0.00038930,75.00000000
2018-02-26 18:11:20,0.00038930,20.94000000
2018-02-26 18:11:23,0.00038930,875.20000000
2018-02-26 18:11:25,0.00038930,8.48000000
2018-02-26 18:11:27,0.00038920,1422.22000000
2018-02-26 18:11:39,0.00038920,60.00000000
2018-02-26 18:11:43,0.00038930,100.00000000
2018-02-26 18:11:46,0.00038920,944.11000000
2018-02-26 18:11:51,0.00038920,129.31000000
2018-02-26 18:12:00,0.00038920,460.00000000
2018-02-26 18:12:03,0.00038920,599.40000000
2018-02-26 18:12:05,0.00038930,75.00000000
2018-02-26 18:12:08,0.00038920,1165.70000000
2018-02-26 18:12:08,0.00038920,13.44000000
2018-02-26 18:12:08,0.00038910,12.74000000
2018-02-26 18:12:08,0.00038920,0.01000000
2018-02-26 18:12:08,0.00038930,0.14000000
2018-02-26 18:12:19,0.00038910,265.76000000
2018-02-26 18:12:19,0.00038910,255.96000000
2018-02-26 18:12:19,0.00038900,12.74000000
2018-02-26 18:12:19,0.00038900,508.14000000
2018-02-26 18:12:19,0.00038890,91.40000000
2018-02-26 18:12:21,0.00038890,597.79000000
2018-02-26 18:12:21,0.00038880,3181.29000000
2018-02-26 18:12:21,0.00038870,150.00000000
2018-02-26 18:12:21,0.00038870,24.50000000
2018-02-26 18:12:21,0.00038860,11.47000000
2018-02-26 18:12:22,0.00038870,6.57000000
2018-02-26 18:12:22,0.00038860,747.58000000
2018-02-26 18:12:22,0.00038850,100.11000000
2018-02-26 18:12:22,0.00038850,255.00000000
2018-02-26 18:12:22,0.00038850,57.93000000
2018-02-26 18:12:22,0.00038840,12.66000000
2018-02-26 18:12:22,0.00038830,10.00000000
2018-02-26 18:12:22,0.00038820,369.41000000
2018-02-26 18:12:24,0.00038840,54.79000000
2018-02-26 18:12:26,0.00038840,57.35000000
2018-02-26 18:12:28,0.00038820,18.22000000
2018-02-26 18:12:31,0.00038840,36.41000000
2018-02-26 18:12:44,0.00038840,24.57000000
2018-02-26 18:12:52,0.00038840,5.51000000
2018-02-26 18:12:52,0.00038860,24.76000000
2018-02-26 18:12:52,0.00038860,107.42000000
2018-02-26 18:12:53,0.00038860,21.57000000
2018-02-26 18:12:54,0.00038890,4.04000000
2018-02-26 18:12:54,0.00038890,3.29000000
2018-02-26 18:12:56,0.00038880,74.70000000
2018-02-26 18:12:56,0.00038890,226.29000000
2018-02-26 18:12:56,0.00038900,87.35000000
2018-02-26 18:13:00,0.00038890,6.07000000
2018-02-26 18:13:00,0.00038890,6.67000000
2018-02-26 18:13:00,0.00038900,2.18000000
2018-02-26 18:13:01,0.00038860,16.28000000
2018-02-26 18:13:03,0.00038890,5.56000000
2018-02-26 18:13:05,0.00038890,7.71000000
2018-02-26 18:13:05,0.00038890,25.00000000
2018-02-26 18:13:09,0.00038890,25.89000000
2018-02-26 18:13:09,0.00038890,25.57000000
2018-02-26 18:13:09,0.00038890,83.48000000
2018-02-26 18:13:10,0.00038860,0.01000000
2018-02-26 18:13:10,0.00038850,233.62000000
2018-02-26 18:13:10,0.00038840,104.41000000
2018-02-26 18:13:12,0.00038840,4.14000000
2018-02-26 18:13:13,0.00038820,923.88000000
2018-02-26 18:13:13,0.00038810,15.00000000
2018-02-26 18:13:13,0.00038800,2290.83000000
2018-02-26 18:13:13,0.00038790,5.36000000
2018-02-26 18:13:13,0.00038800,246.00000000
2018-02-26 18:13:13,0.00038790,184.32000000
2018-02-26 18:13:13,0.00038780,75.68000000
2018-02-26 18:13:13,0.00038800,220.00000000
2018-02-26 18:13:13,0.00038780,12.56000000
2018-02-26 18:13:13,0.00038780,85.39000000
2018-02-26 18:13:13,0.00038770,539.65000000
2018-02-26 18:13:13,0.00038770,563.77000000
2018-02-26 18:13:13,0.00038770,106.70000000
2018-02-26 18:13:13,0.00038760,435.86000000
2018-02-26 18:13:13,0.00038750,37.07000000
2018-02-26 18:13:13,0.00038750,25.74000000
2018-02-26 18:13:13,0.00038750,25.75000000
2018-02-26 18:13:13,0.00038750,73.88000000
2018-02-26 18:13:13,0.00038750,51.81000000
2018-02-26 18:13:13,0.00038790,73.88000000
2018-02-26 18:13:14,0.00038790,6.53000000
2018-02-26 18:13:14,0.00038790,139.30000000
2018-02-26 18:13:14,0.00038750,22.14000000
2018-02-26 18:13:14,0.00038750,75.00000000
2018-02-26 18:13:14,0.00038750,12.90000000
2018-02-26 18:13:14,0.00038740,5.16000000
2018-02-26 18:13:14,0.00038730,4.56000000
2018-02-26 18:13:14,0.00038740,150.72000000
2018-02-26 18:13:14,0.00038750,25.63000000
2018-02-26 18:13:15,0.00038740,25.00000000
2018-02-26 18:13:15,0.00038750,7.60000000
2018-02-26 18:13:15,0.00038740,36.82000000
2018-02-26 18:13:15,0.00038750,12.74000000
2018-02-26 18:13:16,0.00038750,5.95000000
2018-02-26 18:13:16,0.00038740,117.46000000
2018-02-26 18:13:16,0.00038730,9.17000000
2018-02-26 18:13:16,0.00038750,8.85000000
2018-02-26 18:13:17,0.00038750,100.00000000
2018-02-26 18:13:17,0.00038750,4.37000000
2018-02-26 18:13:18,0.00038750,8.51000000
2018-02-26 18:13:18,0.00038790,60.54000000
2018-02-26 18:13:18,0.00038730,575.03000000
2018-02-26 18:13:18,0.00038710,51.01000000
2018-02-26 18:13:20,0.00038790,14.65000000
2018-02-26 18:13:20,0.00038830,10.38000000
2018-02-26 18:13:20,0.00038720,286.82000000
2018-02-26 18:13:20,0.00038710,1509.05000000
2018-02-26 18:13:20,0.00038700,594.45000000
2018-02-26 18:13:20,0.00038690,36.32000000
2018-02-26 18:13:21,0.00038700,25.77000000
2018-02-26 18:13:21,0.00038700,12.92000000
2018-02-26 18:13:21,0.00038700,25.78000000
2018-02-26 18:13:22,0.00038700,25.78000000
2018-02-26 18:13:22,0.00038700,25.79000000
2018-02-26 18:13:22,0.00038700,25.78000000
2018-02-26 18:13:22,0.00038700,10.38000000
2018-02-26 18:13:22,0.00038700,67.46000000
2018-02-26 18:13:22,0.00038700,8.45000000
2018-02-26 18:13:22,0.00038690,25.78000000
2018-02-26 18:13:22,0.00038700,3.48000000
2018-02-26 18:13:22,0.00038700,50.00000000
2018-02-26 18:13:22,0.00038700,50.00000000
2018-02-26 18:13:22,0.00038700,41.67000000
2018-02-26 18:13:22,0.00038700,20.00000000
2018-02-26 18:13:23,0.00038700,99.45000000
2018-02-26 18:13:23,0.00038700,9.13000000
2018-02-26 18:13:23,0.00038690,12.00000000
2018-02-26 18:13:26,0.00038700,23.51000000
2018-02-26 18:13:27,0.00038700,30.03000000
2018-02-26 18:13:28,0.00038700,4.37000000
2018-02-26 18:13:31,0.00038690,536.78000000
2018-02-26 18:13:32,0.00038690,5.25000000
2018-02-26 18:13:32,0.00038680,12.86000000
2018-02-26 18:13:32,0.00038690,260.00000000
2018-02-26 18:13:32,0.00038690,25.83000000
2018-02-26 18:13:32,0.00038690,3.94000000
2018-02-26 18:13:33,0.00038690,175.19000000
2018-02-26 18:13:34,0.00038690,349.47000000
2018-02-26 18:13:34,0.00038690,15.85000000
2018-02-26 18:13:35,0.00038690,0.02000000
2018-02-26 18:13:35,0.00038700,226.40000000
2018-02-26 18:13:35,0.00038700,3217.59000000
2018-02-26 18:13:36,0.00038700,53.00000000
2018-02-26 18:13:37,0.00038700,256.03000000
2018-02-26 18:13:39,0.00038680,119.15000000
2018-02-26 18:13:39,0.00038670,20.00000000
2018-02-26 18:13:39,0.00038660,55.00000000
2018-02-26 18:13:39,0.00038650,1908.00000000
2018-02-26 18:13:39,0.00038650,293.92000000
2018-02-26 18:13:39,0.00038700,297.56000000
2018-02-26 18:13:40,0.00038700,9.87000000
2018-02-26 18:13:42,0.00038710,12.55000000
2018-02-26 18:13:43,0.00038710,0.01000000
2018-02-26 18:13:45,0.00038790,7.43000000
2018-02-26 18:13:45,0.00038790,13.36000000
2018-02-26 18:13:46,0.00038790,24.27000000
2018-02-26 18:13:46,0.00038790,4.74000000
2018-02-26 18:13:47,0.00038790,6.84000000
2018-02-26 18:13:47,0.00038790,12.89000000
2018-02-26 18:13:47,0.00038790,58.60000000
2018-02-26 18:13:48,0.00038800,12.61000000
2018-02-26 18:13:48,0.00038800,7.19000000
2018-02-26 18:13:51,0.00038790,12.56000000
2018-02-26 18:13:52,0.00038830,50.53000000
2018-02-26 18:13:52,0.00038830,6.22000000
2018-02-26 18:13:53,0.00038830,12.88000000
2018-02-26 18:13:53,0.00038790,56.90000000
2018-02-26 18:13:53,0.00038720,12.74000000
2018-02-26 18:13:53,0.00038710,12.54000000
2018-02-26 18:13:53,0.00038700,224.75000000
2018-02-26 18:13:54,0.00038830,12.58000000
2018-02-26 18:13:54,0.00038830,133.11000000
2018-02-26 18:13:54,0.00038820,12.52000000
2018-02-26 18:13:55,0.00038820,11.92000000
2018-02-26 18:13:55,0.00038820,6.44000000
2018-02-26 18:13:55,0.00038820,7.21000000
2018-02-26 18:13:56,0.00038820,5.07000000
2018-02-26 18:13:57,0.00038820,30.08000000
2018-02-26 18:13:59,0.00038740,28.79000000
2018-02-26 18:13:59,0.00038740,77.28000000
2018-02-26 18:14:00,0.00038740,208.35000000
2018-02-26 18:14:00,0.00038760,6.97000000
2018-02-26 18:14:00,0.00038720,5.36000000
2018-02-26 18:14:00,0.00038700,126.27000000
2018-02-26 18:14:04,0.00038770,25.28000000
2018-02-26 18:14:05,0.00038770,7.58000000
2018-02-26 18:14:06,0.00038770,37.14000000
2018-02-26 18:14:06,0.00038770,97.00000000
2018-02-26 18:14:06,0.00038770,8.20000000
2018-02-26 18:14:10,0.00038700,52.20000000
2018-02-26 18:14:10,0.00038690,12.74000000
2018-02-26 18:14:10,0.00038680,436.00000000
2018-02-26 18:14:10,0.00038670,12.95000000
2018-02-26 18:14:10,0.00038660,301.47000000
2018-02-26 18:14:10,0.00038650,11.37000000
2018-02-26 18:14:10,0.00038640,39.88000000
2018-02-26 18:14:10,0.00038630,149.46000000
2018-02-26 18:14:10,0.00038620,20.00000000
2018-02-26 18:14:10,0.00038620,200.00000000
2018-02-26 18:14:10,0.00038620,84.11000000
2018-02-26 18:14:10,0.00038620,52.91000000
2018-02-26 18:14:10,0.00038620,44.09000000
2018-02-26 18:14:10,0.00038620,52.91000000
2018-02-26 18:14:10,0.00038620,566.51000000
2018-02-26 18:14:10,0.00038770,41.00000000
2018-02-26 18:14:10,0.00038630,15.00000000
2018-02-26 18:14:10,0.00038620,47.19000000
2018-02-26 18:14:10,0.00038610,53.41000000
2018-02-26 18:14:11,0.00038700,5.96000000
2018-02-26 18:14:11,0.00038760,11.43000000
2018-02-26 18:14:12,0.00038700,3.57000000
2018-02-26 18:14:13,0.00038700,4.59000000
2018-02-26 18:14:14,0.00038770,77.55000000
2018-02-26 18:14:15,0.00038770,0.04000000
2018-02-26 18:14:15,0.00038770,77.51000000
2018-02-26 18:14:17,0.00038770,12.94000000
2018-02-26 18:14:21,0.00038770,14.19000000
2018-02-26 18:14:22,0.00038710,226.22000000
2018-02-26 18:14:22,0.00038700,56.06000000
2018-02-26 18:14:22,0.00038610,395.52000000
2018-02-26 18:14:22,0.00038600,1822.20000000
2018-02-26 18:14:22,0.00038600,57.78000000
2018-02-26 18:14:22,0.00038600,510.70000000
2018-02-26 18:14:22,0.00038590,1025.84000000
2018-02-26 18:14:22,0.00038580,1938.77000000
2018-02-26 18:14:22,0.00038580,46.95000000
2018-02-26 18:14:22,0.00038760,14.82000000
2018-02-26 18:14:25,0.00038750,114.98000000
2018-02-26 18:14:26,0.00038620,4.65000000
2018-02-26 18:14:26,0.00038610,71.30000000
2018-02-26 18:14:26,0.00038590,215.00000000
2018-02-26 18:14:28,0.00038660,15.00000000
2018-02-26 18:14:28,0.00038670,9.82000000
2018-02-26 18:14:28,0.00038730,0.18000000
2018-02-26 18:14:29,0.00038630,5.34000000
2018-02-26 18:14:29,0.00038630,13.35000000
2018-02-26 18:14:29,0.00038620,1.20000000
2018-02-26 18:14:46,0.00038690,28.56000000
2018-02-26 18:14:47,0.00038690,34.09000000
2018-02-26 18:14:49,0.00038710,5.95000000
2018-02-26 18:14:49,0.00038740,34.67000000
2018-02-26 18:14:49,0.00038690,12.00000000
2018-02-26 18:14:53,0.00038740,7.62000000
2018-02-26 18:14:54,0.00038690,71.62000000
2018-02-26 18:14:55,0.00038720,25.82000000
2018-02-26 18:14:55,0.00038720,3.29000000
2018-02-26 18:15:00,0.00038740,6.30000000
2018-02-26 18:15:01,0.00038740,26.07000000
2018-02-26 18:15:02,0.00038740,6.33000000
2018-02-26 18:15:04,0.00038700,92.24000000
2018-02-26 18:15:06,0.00038730,4.74000000
2018-02-26 18:15:07,0.00038730,1138.87000000
2018-02-26 18:15:07,0.00038730,20.39000000
2018-02-26 18:15:07,0.00038730,29.53000000
2018-02-26 18:15:11,0.00038740,3.00000000
2018-02-26 18:15:15,0.00038730,2286.53000000
2018-02-26 18:15:17,0.00038740,542.41000000
2018-02-26 18:15:17,0.00038790,40.00000000
2018-02-26 18:15:17,0.00038810,14.00000000
2018-02-26 18:15:17,0.00038830,17.95000000
2018-02-26 18:15:17,0.00038730,0.01000000
2018-02-26 18:15:23,0.00038740,22.96000000
2018-02-26 18:15:24,0.00038820,12.88000000
2018-02-26 18:15:24,0.00038820,37.69000000
2018-02-26 18:15:25,0.00038820,3.08000000
2018-02-26 18:15:26,0.00038820,6.44000000
2018-02-26 18:15:27,0.00038810,12.45000000
2018-02-26 18:15:28,0.00038810,0.29000000
2018-02-26 18:15:30,0.00038820,3.09000000
2018-02-26 18:15:32,0.00038820,39.51000000
2018-02-26 18:15:33,0.00038820,8.00000000
2018-02-26 18:15:36,0.00038820,6.44000000
2018-02-26 18:15:38,0.00038820,68.09000000
2018-02-26 18:15:41,0.00038800,48.81000000
2018-02-26 18:15:43,0.00038770,17.95000000
2018-02-26 18:15:43,0.00038750,441.73000000
2018-02-26 18:15:47,0.00038800,11.19000000
2018-02-26 18:15:49,0.00038800,211.51000000
2018-02-26 18:15:53,0.00038820,3.09000000
2018-02-26 18:15:57,0.00038820,5.54000000
2018-02-26 18:16:05,0.00038820,39.66000000
2018-02-26 18:16:08,0.00038820,48.41000000
2018-02-26 18:16:08,0.00038830,40.81000000
2018-02-26 18:16:08,0.00038840,491.30000000
2018-02-26 18:16:11,0.00038820,3.91000000
2018-02-26 18:16:19,0.00038820,12.74000000
2018-02-26 18:16:23,0.00038820,300.37000000
2018-02-26 18:16:26,0.00038840,191.52000000
2018-02-26 18:16:30,0.00038860,7.53000000
2018-02-26 18:16:33,0.00038840,89.36000000
2018-02-26 18:16:34,0.00038840,178.59000000
2018-02-26 18:16:37,0.00038860,57.06000000
2018-02-26 18:16:40,0.00038840,60.67000000
2018-02-26 18:16:42,0.00038840,11.11000000
2018-02-26 18:16:44,0.00038840,15.49000000
2018-02-26 18:16:44,0.00038840,56.06000000
2018-02-26 18:16:44,0.00038840,6.80000000
2018-02-26 18:16:50,0.00038840,354.48000000
2018-02-26 18:16:53,0.00038860,100.07000000
2018-02-26 18:16:57,0.00038900,18.39000000
2018-02-26 18:16:59,0.00038900,5.91000000
2018-02-26 18:16:59,0.00038860,46.32000000
2018-02-26 18:17:01,0.00038840,184.00000000
2018-02-26 18:17:01,0.00038820,625.14000000
2018-02-26 18:17:13,0.00038810,38.15000000
2018-02-26 18:17:16,0.00038820,5.87000000
2018-02-26 18:17:17,0.00038810,130.19000000
2018-02-26 18:17:17,0.00038820,21.91000000
2018-02-26 18:17:17,0.00038820,11.33000000
2018-02-26 18:17:25,0.00038820,12.74000000
2018-02-26 18:17:25,0.00038810,16.08000000
2018-02-26 18:17:33,0.00038860,3.00000000
2018-02-26 18:17:44,0.00038810,300.00000000
2018-02-26 18:17:45,0.00038810,210.03000000
2018-02-26 18:17:46,0.00038810,3.19000000
2018-02-26 18:17:48,0.00038730,2.59000000
2018-02-26 18:17:52,0.00038810,150.01000000
2018-02-26 18:17:56,0.00038740,12.74000000
2018-02-26 18:17:56,0.00038730,35.96000000
2018-02-26 18:17:58,0.00038810,78.50000000
2018-02-26 18:18:09,0.00038810,101.56000000
2018-02-26 18:18:11,0.00038810,25.12000000
2018-02-26 18:18:11,0.00038820,6.00000000
2018-02-26 18:18:15,0.00038810,113.76000000
2018-02-26 18:18:27,0.00038810,2.64000000
2018-02-26 18:18:54,0.00038810,63.37000000
2018-02-26 18:18:57,0.00038810,1200.00000000
2018-02-26 18:18:59,0.00038810,104.61000000
2018-02-26 18:19:01,0.00038810,600.80000000
2018-02-26 18:19:03,0.00038820,1.00000000
2018-02-26 18:19:12,0.00038820,437.43000000
2018-02-26 18:19:12,0.00038820,17.25000000
2018-02-26 18:19:15,0.00038820,3.83000000
2018-02-26 18:19:16,0.00038820,59.81000000
2018-02-26 18:19:17,0.00038820,10.97000000
2018-02-26 18:19:21,0.00038820,3.72000000
2018-02-26 18:19:22,0.00038820,35.96000000
2018-02-26 18:19:25,0.00038820,187.84000000
2018-02-26 18:19:31,0.00038820,66.12000000
2018-02-26 18:19:33,0.00038880,7.00000000
2018-02-26 18:19:51,0.00038830,196.23000000
2018-02-26 18:19:57,0.00038870,10.89000000
2018-02-26 18:19:57,0.00038880,17.54000000
2018-02-26 18:19:57,0.00038890,11.57000000
2018-02-26 18:20:03,0.00038890,116.44000000
2018-02-26 18:20:04,0.00038880,10.92000000
2018-02-26 18:20:05,0.00038890,10.03000000
2018-02-26 18:20:06,0.00038880,1.08000000
2018-02-26 18:20:06,0.00038840,3.26000000
2018-02-26 18:20:06,0.00038840,6.78000000
2018-02-26 18:20:20,0.00038870,6.75000000
2018-02-26 18:20:29,0.00038890,10.00000000
2018-02-26 18:20:29,0.00038900,313.98000000
2018-02-26 18:20:37,0.00038870,131.29000000
2018-02-26 18:20:37,0.00038860,41.68000000
2018-02-26 18:20:37,0.00038840,276.27000000
2018-02-26 18:20:37,0.00038830,750.76000000
2018-02-26 18:20:47,0.00038880,12.85000000
2018-02-26 18:20:56,0.00038890,40.00000000
2018-02-26 18:20:57,0.00038880,0.02000000
2018-02-26 18:20:57,0.00038830,34.45000000
2018-02-26 18:20:57,0.00038810,162.93000000
2018-02-26 18:21:17,0.00038830,48.73000000
2018-02-26 18:21:28,0.00038890,376.59000000
2018-02-26 18:21:28,0.00038900,595.35000000
2018-02-26 18:21:33,0.00038900,34.00000000
2018-02-26 18:21:36,0.00038840,249.74000000
2018-02-26 18:21:36,0.00038830,37.13000000
2018-02-26 18:21:39,0.00038830,18.23000000
2018-02-26 18:21:58,0.00038870,3.58000000
2018-02-26 18:22:03,0.00038870,223.42000000
2018-02-26 18:22:14,0.00038850,11.62000000
2018-02-26 18:22:14,0.00038850,23.21000000
2018-02-26 18:22:19,0.00038880,128.80000000
2018-02-26 18:22:20,0.00038880,41.07000000
2018-02-26 18:22:23,0.00038900,405.75000000
2018-02-26 18:22:26,0.00038890,12.87000000
2018-02-26 18:22:26,0.00038900,165.46000000
2018-02-26 18:22:29,0.00038900,147.98000000
2018-02-26 18:22:34,0.00038880,412.34000000
2018-02-26 18:22:34,0.00038850,108.64000000
2018-02-26 18:22:34,0.00038880,0.36000000
2018-02-26 18:22:34,0.00038900,4.14000000
2018-02-26 18:22:40,0.00038900,9.97000000
2018-02-26 18:22:40,0.00038850,1690.59000000
2018-02-26 18:22:44,0.00038850,454.67000000
2018-02-26 18:22:45,0.00038840,227.00000000
2018-02-26 18:23:01,0.00038830,49.90000000
2018-02-26 18:23:01,0.00038830,7.73000000
2018-02-26 18:23:04,0.00038840,6.08000000
2018-02-26 18:23:05,0.00038840,6.71000000
2018-02-26 18:23:07,0.00038830,25.75000000
2018-02-26 18:23:20,0.00038830,435.04000000
2018-02-26 18:23:22,0.00038840,74.61000000
2018-02-26 18:23:24,0.00038840,7.87000000
2018-02-26 18:23:34,0.00038850,0.46000000
2018-02-26 18:23:34,0.00038850,12.41000000
2018-02-26 18:23:38,0.00038850,42.02000000
2018-02-26 18:23:38,0.00038850,105.81000000
2018-02-26 18:23:38,0.00038840,174.52000000
2018-02-26 18:23:41,0.00038860,4.08000000
2018-02-26 18:23:43,0.00038830,35.50000000
2018-02-26 18:23:45,0.00038830,5015.21000000
2018-02-26 18:23:51,0.00038830,34.70000000
2018-02-26 18:23:51,0.00038830,310.65000000
2018-02-26 18:23:55,0.00038830,22.10000000
2018-02-26 18:23:55,0.00038750,100.07000000
2018-02-26 18:23:58,0.00038830,7.19000000
2018-02-26 18:24:04,0.00038840,61.17000000
2018-02-26 18:24:04,0.00038840,10.88000000
2018-02-26 18:24:04,0.00038840,792.94000000
2018-02-26 18:24:06,0.00038840,125.62000000
2018-02-26 18:24:07,0.00038840,636.80000000
2018-02-26 18:24:08,0.00038840,100.56000000
2018-02-26 18:24:09,0.00038840,72.50000000
2018-02-26 18:24:10,0.00038840,194.65000000
2018-02-26 18:24:31,0.00038840,0.01000000
2018-02-26 18:24:31,0.00038770,16.12000000
2018-02-26 18:24:31,0.00038750,603.41000000
2018-02-26 18:24:40,0.00038750,100.00000000
2018-02-26 18:24:48,0.00038760,54.00000000
2018-02-26 18:24:48,0.00038750,51.05000000
2018-02-26 18:25:06,0.00038750,95.92000000
2018-02-26 18:25:19,0.00038810,3.09000000
2018-02-26 18:25:22,0.00038760,16.61000000
2018-02-26 18:25:25,0.00038820,22.97000000
2018-02-26 18:25:25,0.00038840,256.26000000
2018-02-26 18:25:27,0.00038840,74.22000000
2018-02-26 18:25:29,0.00038840,15.44000000
2018-02-26 18:25:33,0.00038830,12.44000000
2018-02-26 18:25:33,0.00038840,137.34000000
2018-02-26 18:25:34,0.00038850,27.00000000
2018-02-26 18:25:55,0.00038840,15.41000000
2018-02-26 18:25:56,0.00038850,34.09000000
2018-02-26 18:25:58,0.00038840,50.46000000
2018-02-26 18:26:06,0.00038840,164.84000000
2018-02-26 18:26:09,0.00038840,8.80000000
2018-02-26 18:26:14,0.00038850,80.99000000
2018-02-26 18:26:25,0.00038850,24.69000000
2018-02-26 18:26:25,0.00038840,83.23000000
2018-02-26 18:26:30,0.00038840,68.12000000
2018-02-26 18:26:32,0.00038840,2.20000000
2018-02-26 18:26:32,0.00038870,115.80000000
2018-02-26 18:26:43,0.00038850,6.23000000
2018-02-26 18:26:44,0.00038850,96.29000000
2018-02-26 18:26:59,0.00038850,23.08000000
2018-02-26 18:27:00,0.00038850,65.42000000
2018-02-26 18:27:05,0.00038780,170.42000000
2018-02-26 18:27:05,0.00038770,91.52000000
2018-02-26 18:27:11,0.00038850,78.00000000
2018-02-26 18:27:18,0.00038850,0.98000000
2018-02-26 18:27:18,0.00038860,620.62000000
2018-02-26 18:27:19,0.00038850,15.00000000
2018-02-26 18:27:19,0.00038860,235.00000000
2018-02-26 18:27:20,0.00038860,12.74000000
2018-02-26 18:27:20,0.00038780,15.00000000
2018-02-26 18:27:20,0.00038770,161.00000000
2018-02-26 18:27:21,0.00038770,73.52000000
2018-02-26 18:27:21,0.00038770,12.37000000
2018-02-26 18:27:22,0.00038780,3.35000000
2018-02-26 18:27:22,0.00038760,16.97000000
2018-02-26 18:27:24,0.00038770,15.00000000
2018-02-26 18:27:24,0.00038760,15.00000000
2018-02-26 18:27:26,0.00038760,495.51000000
2018-02-26 18:27:31,0.00038830,76.30000000
2018-02-26 18:27:32,0.00038830,15.70000000
2018-02-26 18:27:32,0.00038840,30.00000000
2018-02-26 18:27:32,0.00038850,21.45000000
2018-02-26 18:27:43,0.00038840,39.25000000
2018-02-26 18:27:46,0.00038840,2.68000000
2018-02-26 18:27:47,0.00038850,112.69000000
2018-02-26 18:27:47,0.00038860,1787.31000000
2018-02-26 18:27:51,0.00038840,23.30000000
2018-02-26 18:27:53,0.00038850,12.90000000
2018-02-26 18:27:53,0.00038860,60.31000000
2018-02-26 18:27:53,0.00038870,26.79000000
2018-02-26 18:28:00,0.00038840,17.34000000
2018-02-26 18:28:01,0.00038790,21.45000000
2018-02-26 18:28:01,0.00038790,6.54000000
2018-02-26 18:28:02,0.00038790,15.00000000
2018-02-26 18:28:08,0.00038770,9.97000000
2018-02-26 18:28:09,0.00038790,4.33000000
2018-02-26 18:28:11,0.00038790,7.11000000
2018-02-26 18:28:16,0.00038770,9.66000000
2018-02-26 18:28:17,0.00038790,7.74000000
2018-02-26 18:28:17,0.00038840,5.00000000
2018-02-26 18:28:23,0.00038840,5.79000000
2018-02-26 18:28:24,0.00038840,122.32000000
2018-02-26 18:28:24,0.00038860,227.47000000
2018-02-26 18:28:31,0.00038860,94.91000000
2018-02-26 18:28:41,0.00038870,2031.08000000
2018-02-26 18:28:47,0.00038860,67.95000000
2018-02-26 18:28:49,0.00038870,42.06000000
2018-02-26 18:28:51,0.00038870,39.58000000
2018-02-26 18:28:52,0.00038860,12.65000000
2018-02-26 18:28:54,0.00038860,182.66000000
2018-02-26 18:28:54,0.00038810,227.47000000
2018-02-26 18:28:54,0.00038770,40.24000000
2018-02-26 18:28:54,0.00038760,157.51000000
2018-02-26 18:28:54,0.00038750,256.51000000
2018-02-26 18:28:54,0.00038740,87.54000000
2018-02-26 18:28:54,0.00038730,13.73000000
2018-02-26 18:28:54,0.00038720,129.13000000
2018-02-26 18:28:54,0.00038710,337.48000000
2018-02-26 18:28:54,0.00038700,1116.38000000
2018-02-26 18:29:11,0.00038850,12.90000000
2018-02-26 18:29:21,0.00038850,482.03000000
2018-02-26 18:29:23,0.00038850,52.58000000
2018-02-26 18:29:23,0.00038820,7.72000000
2018-02-26 18:29:25,0.00038810,54.00000000
2018-02-26 18:29:25,0.00038810,32.50000000
2018-02-26 18:29:30,0.00038810,4.12000000
2018-02-26 18:29:34,0.00038810,75.00000000
2018-02-26 18:29:45,0.00038770,165.62000000
2018-02-26 18:29:45,0.00038760,28.80000000
2018-02-26 18:29:48,0.00038720,26.85000000
2018-02-26 18:29:50,0.00038810,235.19000000
2018-02-26 18:30:07,0.00038810,12.91000000
2018-02-26 18:30:08,0.00038870,25.00000000
2018-02-26 18:30:09,0.00038820,59.84000000
2018-02-26 18:30:10,0.00038870,118.99000000
2018-02-26 18:30:10,0.00038900,1981.36000000
2018-02-26 18:30:11,0.00038900,12.10000000
2018-02-26 18:30:28,0.00038890,113.34000000
2018-02-26 18:30:35,0.00038890,10.20000000
2018-02-26 18:30:41,0.00038900,19.52000000
2018-02-26 18:30:45,0.00038890,15.36000000
2018-02-26 18:30:48,0.00038890,14.64000000
2018-02-26 18:30:52,0.00038890,312.72000000
2018-02-26 18:31:01,0.00038890,21.97000000
2018-02-26 18:31:03,0.00038890,348.00000000
2018-02-26 18:31:06,0.00038890,5.49000000
2018-02-26 18:31:06,0.00038890,120.00000000
2018-02-26 18:31:18,0.00038890,295.70000000
2018-02-26 18:31:20,0.00038890,31.21000000
2018-02-26 18:31:21,0.00038890,457.30000000
2018-02-26 18:31:21,0.00038900,4888.35000000
2018-02-26 18:31:42,0.00038890,70.00000000
2018-02-26 18:31:43,0.00038890,44.61000000
2018-02-26 18:31:43,0.00038900,302.21000000
2018-02-26 18:31:51,0.00038920,48.95000000
2018-02-26 18:31:53,0.00038950,57.01000000
2018-02-26 18:31:53,0.00038960,9.43000000
2018-02-26 18:31:53,0.00038990,3.17000000
2018-02-26 18:31:53,0.00039000,94.74000000
2018-02-26 18:31:55,0.00038990,54.42000000
2018-02-26 18:31:57,0.00038990,0.01000000
2018-02-26 18:31:57,0.00038930,15.00000000
2018-02-26 18:32:07,0.00038940,26.03000000
2018-02-26 18:32:08,0.00038940,379.49000000
2018-02-26 18:32:08,0.00038930,825.10000000
2018-02-26 18:32:08,0.00038890,12.90000000
2018-02-26 18:32:08,0.00038820,217.49000000
2018-02-26 18:32:08,0.00038760,667.81000000
2018-02-26 18:32:21,0.00038930,109.18000000
2018-02-26 18:32:22,0.00038940,2.15000000
2018-02-26 18:32:24,0.00038930,4.12000000
2018-02-26 18:32:31,0.00038920,332.19000000
2018-02-26 18:32:31,0.00038930,38.92000000
2018-02-26 18:32:33,0.00038900,12.54000000
2018-02-26 18:32:47,0.00038780,16.17000000
2018-02-26 18:33:21,0.00038800,24.25000000
2018-02-26 18:33:21,0.00038790,11.37000000
2018-02-26 18:33:22,0.00038770,15.00000000
2018-02-26 18:33:22,0.00038780,30.19000000
2018-02-26 18:33:22,0.00038780,0.01000000
2018-02-26 18:33:29,0.00038780,3.00000000
2018-02-26 18:33:35,0.00038780,25.73000000
2018-02-26 18:33:35,0.00038780,25.73000000
2018-02-26 18:33:35,0.00038780,25.73000000
2018-02-26 18:33:35,0.00038780,25.73000000
2018-02-26 18:33:35,0.00038780,25.72000000
2018-02-26 18:33:35,0.00038780,25.73000000
2018-02-26 18:33:35,0.00038780,25.73000000
2018-02-26 18:33:35,0.00038780,15.96000000
2018-02-26 18:33:35,0.00038780,15.97000000
2018-02-26 18:33:36,0.00038730,10.54000000
2018-02-26 18:33:36,0.00038720,5.43000000
2018-02-26 18:33:36,0.00038770,10.75000000
2018-02-26 18:33:37,0.00038780,72.15000000
2018-02-26 18:33:38,0.00038780,27.94000000
2018-02-26 18:33:38,0.00038780,354.47000000
2018-02-26 18:33:40,0.00038780,4.33000000
2018-02-26 18:33:42,0.00038780,9.52000000
2018-02-26 18:33:45,0.00038780,281.19000000
2018-02-26 18:33:48,0.00038780,0.02000000
2018-02-26 18:33:56,0.00038780,7.11000000
2018-02-26 18:33:56,0.00038740,12.92000000
2018-02-26 18:33:56,0.00038720,20.96000000
2018-02-26 18:34:03,0.00038820,5.95000000
2018-02-26 18:34:15,0.00038820,149.85000000
2018-02-26 18:34:15,0.00038820,25.00000000
2018-02-26 18:34:17,0.00038820,245.40000000
2018-02-26 18:34:23,0.00038820,18.58000000
2018-02-26 18:34:30,0.00038820,61.17000000
2018-02-26 18:34:30,0.00038780,202.28000000
2018-02-26 18:34:30,0.00038730,5.92000000
2018-02-26 18:34:30,0.00038720,228.86000000
2018-02-26 18:34:43,0.00038730,2.59000000
2018-02-26 18:34:57,0.00038760,2.48000000
2018-02-26 18:34:58,0.00038720,20.03000000
2018-02-26 18:35:00,0.00038720,0.11000000
2018-02-26 18:35:00,0.00038720,15.02000000
2018-02-26 18:35:21,0.00038720,24.99000000
2018-02-26 18:35:32,0.00038790,4.33000000
2018-02-26 18:35:32,0.00038790,8.56000000
2018-02-26 18:35:32,0.00038800,23.28000000
2018-02-26 18:35:34,0.00038800,234.72000000
2018-02-26 18:35:34,0.00038810,45.28000000
2018-02-26 18:35:45,0.00038810,182.19000000
2018-02-26 18:35:45,0.00038820,344.03000000
2018-02-26 18:35:49,0.00038820,607.85000000
2018-02-26 18:35:50,0.00038820,95.81000000
2018-02-26 18:36:07,0.00038840,5.66000000
2018-02-26 18:36:10,0.00038840,2.06000000
2018-02-26 18:36:12,0.00038840,21.39000000
2018-02-26 18:36:12,0.00038830,68.98000000
2018-02-26 18:36:17,0.00038850,44.84000000
2018-02-26 18:36:24,0.00038830,14.14000000
2018-02-26 18:36:26,0.00038830,1409.16000000
2018-02-26 18:36:26,0.00038820,2581.33000000
2018-02-26 18:37:09,0.00038830,50.43000000
2018-02-26 18:37:13,0.00038840,50.00000000
2018-02-26 18:37:13,0.00038830,200.00000000
2018-02-26 18:37:14,0.00038830,51.57000000
2018-02-26 18:37:17,0.00038830,10.11000000
2018-02-26 18:37:21,0.00038830,250.49000000
2018-02-26 18:37:23,0.00038840,11.98000000
2018-02-26 18:37:33,0.00038840,7.37000000
2018-02-26 18:37:45,0.00038850,69.80000000
2018-02-26 18:37:52,0.00038850,80.00000000
2018-02-26 18:37:54,0.00038830,3.72000000
2018-02-26 18:38:08,0.00038830,2.58000000
2018-02-26 18:38:18,0.00038830,50.86000000
2018-02-26 18:38:32,0.00038840,27.50000000
2018-02-26 18:38:32,0.00038840,28.28000000
2018-02-26 18:38:36,0.00038840,0.01000000
2018-02-26 18:38:39,0.00038840,7.87000000
2018-02-26 18:38:48,0.00038840,33.14000000
2018-02-26 18:38:57,0.00038850,3.16000000
2018-02-26 18:39:02,0.00038850,260.00000000
2018-02-26 18:39:09,0.00038850,12.74000000
2018-02-26 18:39:09,0.00038840,17.39000000
2018-02-26 18:39:17,0.00038840,500.00000000
2018-02-26 18:39:20,0.00038850,80.43000000
2018-02-26 18:39:22,0.00038900,68.76000000
2018-02-26 18:39:24,0.00038910,35.97000000
2018-02-26 18:39:26,0.00038940,10.53000000
2018-02-26 18:39:28,0.00038870,5.83000000
2018-02-26 18:39:28,0.00038870,216.11000000
2018-02-26 18:39:31,0.00038910,13.25000000
2018-02-26 18:39:33,0.00038950,24.19000000
2018-02-26 18:39:35,0.00038870,7.99000000
2018-02-26 18:39:37,0.00038870,30.50000000
2018-02-26 18:39:37,0.00038870,433.85000000
2018-02-26 18:40:16,0.00038930,3.47000000
2018-02-26 18:40:16,0.00038930,25.67000000
2018-02-26 18:40:19,0.00038930,341.31000000
2018-02-26 18:40:20,0.00038930,98.93000000
2018-02-26 18:40:20,0.00038950,227.47000000
2018-02-26 18:40:28,0.00038870,2.58000000
2018-02-26 18:40:37,0.00038950,3.00000000
2018-02-26 18:40:39,0.00038870,6.00000000
2018-02-26 18:40:49,0.00038900,13.81000000
2018-02-26 18:40:50,0.00038900,12.84000000
2018-02-26 18:41:01,0.00038900,312.41000000
2018-02-26 18:41:03,0.00038940,10.00000000
2018-02-26 18:41:04,0.00038940,26.39000000
2018-02-26 18:41:10,0.00038940,14.50000000
2018-02-26 18:41:10,0.00038910,0.07000000
2018-02-26 18:41:27,0.00038940,269.32000000
2018-02-26 18:41:27,0.00038950,11.34000000
2018-02-26 18:41:32,0.00038980,277.88000000
2018-02-26 18:41:32,0.00038990,554.25000000
2018-02-26 18:41:32,0.00039000,1365.40000000
2018-02-26 18:41:38,0.00038960,11.12000000
2018-02-26 18:41:40,0.00038960,1223.12000000
2018-02-26 18:41:43,0.00038960,74.39000000
2018-02-26 18:41:44,0.00038960,11.02000000
2018-02-26 18:42:11,0.00039000,8.10000000
2018-02-26 18:42:14,0.00039000,9.15000000
2018-02-26 18:42:14,0.00039000,9.14000000
2018-02-26 18:42:26,0.00039000,13.61000000
2018-02-26 18:42:28,0.00039000,2.79000000
2018-02-26 18:42:30,0.00038970,6.96000000
2018-02-26 18:42:30,0.00038960,344.83000000
2018-02-26 18:42:37,0.00039000,187.60000000
2018-02-26 18:42:41,0.00039000,12.58000000
2018-02-26 18:42:41,0.00038970,117.59000000
2018-02-26 18:42:41,0.00038970,25.66000000
2018-02-26 18:42:41,0.00038970,18.56000000
2018-02-26 18:42:41,0.00038970,61.28000000
2018-02-26 18:42:42,0.00038960,134.12000000
2018-02-26 18:42:43,0.00038960,113.68000000
2018-02-26 18:42:43,0.00038960,3.47000000
2018-02-26 18:42:43,0.00038990,12.58000000
2018-02-26 18:42:43,0.00038990,5.48000000
2018-02-26 18:42:43,0.00038990,343.33000000
2018-02-26 18:42:44,0.00038990,4.90000000
2018-02-26 18:42:48,0.00038990,384.47000000
2018-02-26 18:42:50,0.00039000,10.87000000
2018-02-26 18:42:52,0.00039020,4.56000000
2018-02-26 18:42:52,0.00039080,4.97000000
2018-02-26 18:42:52,0.00039110,215.03000000
2018-02-26 18:42:52,0.00039120,185.29000000
2018-02-26 18:42:52,0.00039140,30.97000000
2018-02-26 18:42:52,0.00039150,129.09000000
2018-02-26 18:42:52,0.00039160,524.51000000
2018-02-26 18:42:57,0.00039040,4.20000000
2018-02-26 18:42:57,0.00039040,37.34000000
2018-02-26 18:42:57,0.00039020,26.00000000
2018-02-26 18:43:05,0.00039040,86.45000000
2018-02-26 18:43:06,0.00039130,41.54000000
2018-02-26 18:43:06,0.00039140,38.84000000
2018-02-26 18:43:06,0.00039140,250.19000000
2018-02-26 18:43:08,0.00039010,48.57000000
2018-02-26 18:43:10,0.00039110,74.05000000
2018-02-26 18:43:10,0.00039120,20.86000000
2018-02-26 18:43:10,0.00039020,11.00000000
2018-02-26 18:43:11,0.00039120,92.89000000
2018-02-26 18:43:11,0.00039120,29.99000000
2018-02-26 18:43:12,0.00039120,25.55000000
2018-02-26 18:43:12,0.00039120,8.51000000
2018-02-26 18:43:12,0.00039030,8.51000000
2018-02-26 18:43:12,0.00039030,11.34000000
2018-02-26 18:43:19,0.00039090,11.00000000
2018-02-26 18:43:19,0.00039100,89.68000000
2018-02-26 18:43:19,0.00039110,8.51000000
2018-02-26 18:43:19,0.00039120,17.49000000
2018-02-26 18:43:19,0.00039150,584.60000000
2018-02-26 18:43:19,0.00039150,177.69000000
2018-02-26 18:43:21,0.00039150,7.74000000
2018-02-26 18:43:21,0.00039150,24.23000000
2018-02-26 18:43:22,0.00039150,6.91000000
2018-02-26 18:43:22,0.00039150,167.11000000
2018-02-26 18:43:22,0.00039050,6.91000000
2018-02-26 18:43:22,0.00039040,25.54000000
2018-02-26 18:43:23,0.00039060,3.18000000
2018-02-26 18:43:25,0.00039050,5.71000000
2018-02-26 18:43:27,0.00039140,30.18000000
2018-02-26 18:43:27,0.00039150,34.70000000
2018-02-26 18:43:27,0.00039060,23.51000000
2018-02-26 18:43:28,0.00039050,5.07000000
2018-02-26 18:43:40,0.00039050,200.38000000
2018-02-26 18:43:40,0.00039050,59.94000000
2018-02-26 18:43:40,0.00039050,3.06000000
2018-02-26 18:44:04,0.00039050,2.57000000
2018-02-26 18:44:16,0.00039080,219.68000000
2018-02-26 18:44:28,0.00039090,10.69000000
2018-02-26 18:44:37,0.00039080,44.73000000
2018-02-26 18:44:39,0.00039080,3.29000000
2018-02-26 18:44:39,0.00039090,12.56000000
2018-02-26 18:44:42,0.00039090,0.26000000
2018-02-26 18:44:42,0.00039100,231.74000000
2018-02-26 18:44:42,0.00039100,0.98000000
2018-02-26 18:44:42,0.00039110,465.67000000
2018-02-26 18:44:44,0.00039120,10.00000000
2018-02-26 18:44:44,0.00039120,95.70000000
2018-02-26 18:44:48,0.00039140,4.95000000
2018-02-26 18:44:51,0.00039140,10.05000000
2018-02-26 18:44:51,0.00039150,12.91000000
2018-02-26 18:44:52,0.00039150,10.82000000
2018-02-26 18:44:56,0.00039150,86.50000000
2018-02-26 18:44:57,0.00039150,10.38000000
2018-02-26 18:44:58,0.00039150,86.50000000
2018-02-26 18:44:59,0.00039150,16.32000000
2018-02-26 18:44:59,0.00039150,25.00000000
2018-02-26 18:44:59,0.00039170,106.00000000
2018-02-26 18:45:00,0.00039170,5.36000000
2018-02-26 18:45:00,0.00039180,4.38000000
2018-02-26 18:45:00,0.00039190,2.30000000
2018-02-26 18:45:01,0.00039190,10.03000000
2018-02-26 18:45:03,0.00039190,7.52000000
2018-02-26 18:45:04,0.00039190,2.51000000
2018-02-26 18:45:05,0.00039190,236.27000000
2018-02-26 18:45:05,0.00039190,220.00000000
2018-02-26 18:45:05,0.00039190,12.69000000
2018-02-26 18:45:05,0.00039200,230.12000000
2018-02-26 18:45:06,0.00039200,34.82000000
2018-02-26 18:45:06,0.00039200,19.12000000
2018-02-26 18:45:09,0.00039200,8.93000000
2018-02-26 18:45:10,0.00039200,150.46000000
2018-02-26 18:45:10,0.00039200,60.00000000
2018-02-26 18:45:12,0.00039200,19.32000000
2018-02-26 18:45:13,0.00039200,31.47000000
2018-02-26 18:45:19,0.00039210,5.91000000
2018-02-26 18:45:19,0.00039230,19.02000000
2018-02-26 18:45:20,0.00039200,21.47000000
2018-02-26 18:45:22,0.00039230,72.92000000
2018-02-26 18:45:22,0.00039240,50.00000000
2018-02-26 18:45:22,0.00039250,370.29000000
2018-02-26 18:45:22,0.00039200,19.81000000
2018-02-26 18:45:24,0.00039230,4.29000000
2018-02-26 18:45:26,0.00039220,443.88000000
2018-02-26 18:45:26,0.00039230,2.72000000
2018-02-26 18:45:36,0.00039250,341.36000000
2018-02-26 18:45:37,0.00039250,50.00000000
2018-02-26 18:45:40,0.00039260,4.14000000
2018-02-26 18:45:40,0.00039270,6.44000000
2018-02-26 18:45:40,0.00039300,44.33000000
2018-02-26 18:45:48,0.00039300,35.20000000
2018-02-26 18:45:51,0.00039250,18.57000000
2018-02-26 18:45:55,0.00039290,28.62000000
2018-02-26 18:45:57,0.00039260,29.06000000
2018-02-26 18:45:59,0.00039290,116.06000000
2018-02-26 18:45:59,0.00039290,429.51000000
2018-02-26 18:46:01,0.00039290,152.71000000
2018-02-26 18:46:01,0.00039290,2100.72000000
2018-02-26 18:46:01,0.00039260,19.89000000
2018-02-26 18:46:03,0.00039290,405.45000000
2018-02-26 18:46:04,0.00039260,51.03000000
2018-02-26 18:46:29,0.00039260,0.02000000
2018-02-26 18:46:31,0.00039250,18.59000000
2018-02-26 18:46:32,0.00039250,4.87000000
2018-02-26 18:46:32,0.00039250,24.18000000
2018-02-26 18:46:35,0.00039250,3602.86000000
2018-02-26 18:46:43,0.00039230,25.00000000
2018-02-26 18:46:48,0.00039230,11.39000000
2018-02-26 18:46:53,0.00039230,1.76000000
2018-02-26 18:46:53,0.00039220,1575.58000000
2018-02-26 18:46:53,0.00039220,25.85000000
2018-02-26 18:46:54,0.00039220,4.29000000
2018-02-26 18:46:54,0.00039220,111.78000000
2018-02-26 18:46:55,0.00039220,15.26000000
2018-02-26 18:46:55,0.00039200,8.19000000
2018-02-26 18:46:57,0.00039200,26.07000000
2018-02-26 18:46:58,0.00039200,257.74000000
2018-02-26 18:46:58,0.00039200,128.35000000
2018-02-26 18:46:59,0.00039200,141.62000000
2018-02-26 18:46:59,0.00039200,114.39000000
2018-02-26 18:47:06,0.00039200,7.92000000
2018-02-26 18:47:07,0.00039150,69.82000000
2018-02-26 18:47:08,0.00039200,3.46000000
2018-02-26 18:47:10,0.00039150,98.45000000
2018-02-26 18:47:10,0.00039150,0.06000000
2018-02-26 18:47:14,0.00039200,54.11000000
2018-02-26 18:47:16,0.00039200,3.91000000
2018-02-26 18:47:37,0.00039160,352.67000000
2018-02-26 18:47:37,0.00039160,210.92000000
2018-02-26 18:47:43,0.00039150,78.38000000
2018-02-26 18:47:49,0.00039150,2.92000000
2018-02-26 18:47:54,0.00039150,175.34000000
2018-02-26 18:47:59,0.00039160,0.01000000
2018-02-26 18:47:59,0.00039190,146.80000000
2018-02-26 18:47:59,0.00039190,19.00000000
2018-02-26 18:48:07,0.00039150,100.57000000
2018-02-26 18:48:07,0.00039150,494.50000000
2018-02-26 18:48:07,0.00039150,25.05000000
2018-02-26 18:48:10,0.00039150,38.36000000
2018-02-26 18:48:11,0.00039140,34.95000000
2018-02-26 18:48:11,0.00039140,9.50000000
2018-02-26 18:48:11,0.00039140,4.29000000
2018-02-26 18:48:15,0.00039120,44.97000000
2018-02-26 18:48:24,0.00039060,12.81000000
2018-02-26 18:48:24,0.00039050,436.06000000
2018-02-26 18:48:36,0.00039110,3.45000000
2018-02-26 18:48:36,0.00039110,21.55000000
2018-02-26 18:48:36,0.00039120,29.98000000
2018-02-26 18:48:48,0.00039060,11.29000000
2018-02-26 18:48:48,0.00039050,54.24000000
2018-02-26 18:48:50,0.00039060,28.77000000
2018-02-26 18:48:50,0.00039050,3.73000000
2018-02-26 18:48:51,0.00039050,12.37000000
2018-02-26 18:49:07,0.00039120,1.00000000
2018-02-26 18:49:12,0.00039060,186.81000000
2018-02-26 18:49:12,0.00039050,91.10000000
2018-02-26 18:49:22,0.00039060,54.00000000
2018-02-26 18:49:29,0.00039060,1.00000000
2018-02-26 18:49:40,0.00039120,77.77000000
2018-02-26 18:49:41,0.00039120,31.07000000
2018-02-26 18:49:41,0.00039070,9.66000000
2018-02-26 18:49:53,0.00039120,52.70000000
2018-02-26 18:49:57,0.00039120,30.56000000
2018-02-26 18:49:58,0.00039120,116.74000000
2018-02-26 18:50:01,0.00039120,30.55000000
2018-02-26 18:50:04,0.00039120,0.01000000
2018-02-26 18:50:19,0.00039070,14.04000000
2018-02-26 18:50:23,0.00039070,182.23000000
2018-02-26 18:50:24,0.00039070,49.86000000
2018-02-26 18:50:25,0.00039120,5.00000000
2018-02-26 18:50:51,0.00039090,94.82000000
2018-02-26 18:50:52,0.00039090,40.61000000
2018-02-26 18:51:04,0.00039120,5.00000000
2018-02-26 18:51:06,0.00039090,44.64000000
2018-02-26 18:51:13,0.00039090,11.29000000
2018-02-26 18:51:17,0.00039120,6.40000000
2018-02-26 18:51:26,0.00039090,202.82000000
2018-02-26 18:51:26,0.00039080,28.00000000
2018-02-26 18:51:26,0.00039070,269.18000000
2018-02-26 18:51:45,0.00039080,6.66000000
2018-02-26 18:51:46,0.00039080,10.85000000
2018-02-26 18:51:46,0.00039080,6.66000000
2018-02-26 18:51:46,0.00039080,6.65000000
2018-02-26 18:51:46,0.00039080,17.00000000
2018-02-26 18:51:47,0.00039080,64.44000000
2018-02-26 18:51:47,0.00039070,1985.12000000
2018-02-26 18:51:47,0.00039060,2272.07000000
2018-02-26 18:51:47,0.00039050,3235.85000000
2018-02-26 18:51:49,0.00039050,255.66000000
2018-02-26 18:51:52,0.00039010,4.54000000
2018-02-26 18:51:53,0.00039050,25.86000000
2018-02-26 18:51:54,0.00039010,18.26000000
2018-02-26 18:51:58,0.00039020,12.82000000
2018-02-26 18:51:58,0.00039010,492.50000000
2018-02-26 18:51:58,0.00039000,40.17000000
2018-02-26 18:52:05,0.00039000,691.66000000
2018-02-26 18:52:05,0.00039000,450.53000000
2018-02-26 18:52:05,0.00039000,274.52000000
2018-02-26 18:52:05,0.00039000,159.36000000
2018-02-26 18:52:05,0.00039000,61.35000000
2018-02-26 18:52:05,0.00038980,100.40000000
2018-02-26 18:52:05,0.00038980,65.42000000
2018-02-26 18:52:13,0.00039040,41.99000000
2018-02-26 18:52:16,0.00038980,50.90000000
2018-02-26 18:52:47,0.00039030,12.85000000
2018-02-26 18:52:47,0.00039040,27.15000000
2018-02-26 18:52:47,0.00039000,50.53000000
2018-02-26 18:52:54,0.00039000,50.40000000
2018-02-26 18:52:58,0.00039000,49.07000000
2018-02-26 18:52:58,0.00038990,13.47000000
2018-02-26 18:52:59,0.00038990,26.00000000
2018-02-26 18:53:16,0.00038990,65.91000000
2018-02-26 18:53:18,0.00038980,50.00000000
2018-02-26 18:53:20,0.00038990,10.39000000
2018-02-26 18:53:22,0.00038990,35.91000000
2018-02-26 18:53:23,0.00038990,20.82000000
2018-02-26 18:53:23,0.00038990,41.78000000
2018-02-26 18:53:27,0.00038990,342.12000000
2018-02-26 18:53:28,0.00038990,27.96000000
2018-02-26 18:53:32,0.00038990,14.14000000
2018-02-26 18:53:38,0.00039000,202.28000000
2018-02-26 18:53:38,0.00039080,11.32000000
2018-02-26 18:53:38,0.00039090,5.15000000
2018-02-26 18:53:38,0.00039100,10.30000000
2018-02-26 18:53:38,0.00039110,225.27000000
2018-02-26 18:53:38,0.00038990,73.07000000
2018-02-26 18:53:45,0.00039040,483.09000000
2018-02-26 18:53:51,0.00039050,209.85000000
2018-02-26 18:53:58,0.00039110,5.11000000
2018-02-26 18:53:58,0.00039110,2.79000000
2018-02-26 18:53:59,0.00039050,15.42000000
2018-02-26 18:53:59,0.00039040,13.40000000
2018-02-26 18:54:14,0.00039100,0.02000000
2018-02-26 18:54:25,0.00039070,7.73000000
2018-02-26 18:54:32,0.00039070,30.82000000
2018-02-26 18:54:38,0.00039070,63.72000000
2018-02-26 18:54:41,0.00039070,895.33000000
2018-02-26 18:54:42,0.00039070,59.06000000
2018-02-26 18:54:42,0.00039070,173.13000000
2018-02-26 18:54:46,0.00039070,25.00000000
2018-02-26 18:54:59,0.00039060,23.44000000
2018-02-26 18:54:59,0.00039070,96.56000000
2018-02-26 18:55:08,0.00039070,46.22000000
2018-02-26 18:55:13,0.00039040,257.91000000
2018-02-26 18:55:17,0.00039040,12.74000000
2018-02-26 18:55:30,0.00039040,38.98000000
2018-02-26 18:55:30,0.00039060,53.84000000
2018-02-26 18:55:35,0.00039040,498.44000000
2018-02-26 18:55:40,0.00039040,111.66000000
2018-02-26 18:55:49,0.00039070,10.00000000
2018-02-26 18:55:49,0.00039040,2499.11000000
2018-02-26 18:55:57,0.00039030,20.00000000
2018-02-26 18:56:01,0.00039030,33.84000000
2018-02-26 18:56:01,0.00039020,50.00000000
2018-02-26 18:56:01,0.00039000,288.27000000
2018-02-26 18:56:08,0.00039000,5.00000000
2018-02-26 18:56:17,0.00039000,6.75000000
2018-02-26 18:56:19,0.00039000,20.00000000
2018-02-26 18:56:23,0.00039000,28.62000000
2018-02-26 18:56:24,0.00039000,4.33000000
2018-02-26 18:56:26,0.00039000,4.33000000
2018-02-26 18:56:27,0.00039000,15.66000000
2018-02-26 18:56:37,0.00039000,676.47000000
2018-02-26 18:56:38,0.00039000,34.37000000
2018-02-26 18:56:42,0.00039000,7.09000000
2018-02-26 18:56:49,0.00039000,8.77000000
2018-02-26 18:56:51,0.00039000,10.28000000
2018-02-26 18:56:58,0.00039000,38.15000000
2018-02-26 18:56:58,0.00039000,2.57000000
2018-02-26 18:57:00,0.00039000,28.37000000
2018-02-26 18:57:14,0.00038990,286.93000000
2018-02-26 18:57:20,0.00038990,62.95000000
2018-02-26 18:57:25,0.00038990,21.00000000
2018-02-26 18:57:38,0.00038990,414.68000000
2018-02-26 18:57:39,0.00038990,12.25000000
2018-02-26 18:57:39,0.00038970,3.30000000
2018-02-26 18:57:40,0.00038970,246.70000000
2018-02-26 18:57:40,0.00038960,807.91000000
2018-02-26 18:57:42,0.00038960,145.25000000
2018-02-26 18:57:42,0.00038950,260.26000000
2018-02-26 18:57:42,0.00038940,12.84000000
2018-02-26 18:57:42,0.00038910,82.84000000
2018-02-26 18:57:42,0.00038900,553.42000000
2018-02-26 18:57:44,0.00039000,200.42000000
2018-02-26 18:57:44,0.00039020,94.95000000
2018-02-26 18:57:49,0.00039010,2.80000000
2018-02-26 18:57:53,0.00038990,23.60000000
2018-02-26 18:57:53,0.00039000,126.20000000
2018-02-26 18:57:53,0.00039030,400.00000000
2018-02-26 18:57:53,0.00039070,76.37000000
2018-02-26 18:57:53,0.00039080,301.47000000
2018-02-26 18:57:53,0.00039100,7.11000000
2018-02-26 18:57:53,0.00039110,500.00000000
2018-02-26 18:57:53,0.00039120,678.69000000
2018-02-26 18:58:09,0.00038970,15.00000000
2018-02-26 18:58:09,0.00038960,12.83000000
2018-02-26 18:58:09,0.00038950,94.95000000
2018-02-26 18:58:09,0.00038920,124.73000000
2018-02-26 18:58:10,0.00039070,0.07000000
2018-02-26 18:58:23,0.00039040,29.93000000
2018-02-26 18:58:23,0.00039050,12.83000000
2018-02-26 18:58:23,0.00039060,277.81000000
2018-02-26 18:58:23,0.00039070,302.60000000
2018-02-26 18:58:41,0.00039060,15.00000000
2018-02-26 18:58:41,0.00039070,14.92000000
2018-02-26 18:58:52,0.00039070,576.48000000
2018-02-26 18:58:52,0.00039070,181.31000000
2018-02-26 18:58:52,0.00039070,10.06000000
2018-02-26 18:58:54,0.00039070,5.95000000
2018-02-26 18:59:03,0.00039090,20.00000000
2018-02-26 18:59:08,0.00039070,0.01000000
2018-02-26 18:59:10,0.00039080,1.96000000
2018-02-26 18:59:26,0.00039070,2.67000000
2018-02-26 18:59:27,0.00039000,15.00000000
2018-02-26 18:59:27,0.00038990,2.77000000
2018-02-26 18:59:27,0.00038980,6.89000000
2018-02-26 18:59:30,0.00039020,0.29000000
2018-02-26 18:59:42,0.00039020,20.31000000
2018-02-26 18:59:42,0.00039020,20.30000000
2018-02-26 18:59:49,0.00039060,9.22000000
2018-02-26 18:59:49,0.00039070,66.98000000
2018-02-26 18:59:53,0.00039020,69.80000000
