DATE,PRICE,VOLUME
2018-02-23 11:00:05,0.00039330,8.73000000
2018-02-23 11:00:08,0.00039350,6.27000000
2018-02-23 11:00:09,0.00039330,11.23000000
2018-02-23 11:00:09,0.00039330,7.49000000
2018-02-23 11:00:15,0.00039330,80.22000000
2018-02-23 11:00:19,0.00039330,25.00000000
2018-02-23 11:00:33,0.00039330,10.00000000
2018-02-23 11:00:36,0.00039330,41.00000000
2018-02-23 11:01:12,0.00039350,5.08000000
2018-02-23 11:01:17,0.00039350,25.41000000
2018-02-23 11:01:23,0.00039340,4.35000000
2018-02-23 11:01:23,0.00039340,20.41000000
2018-02-23 11:01:24,0.00039340,59.38000000
2018-02-23 11:01:25,0.00039340,6.83000000
2018-02-23 11:01:26,0.00039340,20.22000000
2018-02-23 11:01:35,0.00039340,11.00000000
2018-02-23 11:01:37,0.00039340,2.69000000
2018-02-23 11:01:45,0.00039340,6.36000000
2018-02-23 11:01:45,0.00039330,20.00000000
2018-02-23 11:01:50,0.00039340,80.07000000
2018-02-23 11:01:50,0.00039340,102.41000000
2018-02-23 11:01:50,0.00039350,157.32000000
2018-02-23 11:01:52,0.00039340,65.01000000
2018-02-23 11:01:52,0.00039340,25.41000000
2018-02-23 11:01:53,0.00039340,65.01000000
2018-02-23 11:01:53,0.00039340,274.03000000
2018-02-23 11:01:54,0.00039340,177.31000000
2018-02-23 11:01:56,0.00039350,44.76000000
2018-02-23 11:01:56,0.00039360,3.52000000
2018-02-23 11:01:56,0.00039360,254.06000000
2018-02-23 11:01:56,0.00039360,159.14000000
2018-02-23 11:01:56,0.00039400,48.28000000
2018-02-23 11:02:02,0.00039400,79.94000000
2018-02-23 11:02:02,0.00039400,52.56000000
2018-02-23 11:02:04,0.00039400,64.95000000
2018-02-23 11:02:06,0.00039400,31.13000000
2018-02-23 11:02:06,0.00039410,20.00000000
2018-02-23 11:02:08,0.00039440,39.60000000
2018-02-23 11:02:08,0.00039420,12.63000000
2018-02-23 11:02:10,0.00039440,48.03000000
2018-02-23 11:02:10,0.00039440,126.83000000
2018-02-23 11:02:10,0.00039440,76.01000000
2018-02-23 11:02:10,0.00039440,25.35000000
2018-02-23 11:02:10,0.00039440,23.99000000
2018-02-23 11:02:12,0.00039450,3.31000000
2018-02-23 11:02:12,0.00039490,3.24000000
2018-02-23 11:02:12,0.00039460,13.57000000
2018-02-23 11:02:13,0.00039490,40.02000000
2018-02-23 11:02:13,0.00039490,40.04000000
2018-02-23 11:02:13,0.00039490,22.03000000
2018-02-23 11:02:14,0.00039490,3.24000000
2018-02-23 11:02:14,0.00039450,3.24000000
2018-02-23 11:02:14,0.00039440,41.37000000
2018-02-23 11:02:14,0.00039440,21.96000000
2018-02-23 11:02:19,0.00039480,5.64000000
2018-02-23 11:02:20,0.00039430,28.79000000
2018-02-23 11:02:21,0.00039420,6.40000000
2018-02-23 11:02:24,0.00039420,12.78000000
2018-02-23 11:02:26,0.00039420,20.42000000
2018-02-23 11:02:26,0.00039410,36.57000000
2018-02-23 11:02:26,0.00039450,5.00000000
2018-02-23 11:02:27,0.00039440,196.59000000
2018-02-23 11:02:31,0.00039450,12.68000000
2018-02-23 11:02:31,0.00039440,703.41000000
2018-02-23 11:02:31,0.00039410,133.75000000
2018-02-23 11:02:31,0.00039400,21.64000000
2018-02-23 11:02:32,0.00039370,7.16000000
2018-02-23 11:02:34,0.00039390,11.11000000
2018-02-23 11:02:34,0.00039400,12.78000000
2018-02-23 11:02:35,0.00039380,6.35000000
2018-02-23 11:02:36,0.00039370,7.17000000
2018-02-23 11:02:36,0.00039380,38.53000000
2018-02-23 11:02:36,0.00039370,24.88000000
2018-02-23 11:02:36,0.00039380,12.70000000
2018-02-23 11:02:37,0.00039370,7.16000000
2018-02-23 11:02:38,0.00039370,6.40000000
2018-02-23 11:02:38,0.00039380,49.42000000
2018-02-23 11:02:40,0.00039400,1.00000000
2018-02-23 11:02:42,0.00039390,13.45000000
2018-02-23 11:02:42,0.00039390,13.45000000
2018-02-23 11:02:42,0.00039390,13.47000000
2018-02-23 11:02:42,0.00039390,25.38000000
2018-02-23 11:02:42,0.00039390,13.45000000
2018-02-23 11:02:42,0.00039390,13.45000000
2018-02-23 11:02:42,0.00039390,13.45000000
2018-02-23 11:02:42,0.00039390,12.70000000
2018-02-23 11:02:42,0.00039380,13.45000000
2018-02-23 11:02:44,0.00039390,66.30000000
2018-02-23 11:02:45,0.00039380,3.33000000
2018-02-23 11:02:46,0.00039390,24.93000000
2018-02-23 11:02:50,0.00039400,1663.81000000
2018-02-23 11:02:56,0.00039400,100.00000000
2018-02-23 11:02:56,0.00039390,4.00000000
2018-02-23 11:02:59,0.00039390,584.38000000
2018-02-23 11:03:01,0.00039400,115.00000000
2018-02-23 11:03:01,0.00039400,41.05000000
2018-02-23 11:03:09,0.00039440,40.00000000
2018-02-23 11:03:16,0.00039410,247.44000000
2018-02-23 11:03:16,0.00039400,5852.91000000
2018-02-23 11:03:17,0.00039400,50.00000000
2018-02-23 11:03:19,0.00039400,987.96000000
2018-02-23 11:03:20,0.00039400,30.66000000
2018-02-23 11:03:21,0.00039430,648.76000000
2018-02-23 11:03:21,0.00039440,297.92000000
2018-02-23 11:03:26,0.00039440,7.08000000
2018-02-23 11:03:38,0.00039400,753.88000000
2018-02-23 11:03:42,0.00039390,57.78000000
2018-02-23 11:03:42,0.00039360,42.19000000
2018-02-23 11:03:47,0.00039360,8.61000000
2018-02-23 11:03:47,0.00039360,200.08000000
2018-02-23 11:03:50,0.00039360,200.00000000
2018-02-23 11:03:57,0.00039360,74.92000000
2018-02-23 11:03:57,0.00039360,74.96000000
2018-02-23 11:04:02,0.00039360,12.71000000
2018-02-23 11:04:04,0.00039350,11.94000000
2018-02-23 11:04:04,0.00039340,92.47000000
2018-02-23 11:04:06,0.00039340,161.72000000
2018-02-23 11:04:08,0.00039340,7.10000000
2018-02-23 11:04:08,0.00039310,77.00000000
2018-02-23 11:04:08,0.00039300,43.19000000
2018-02-23 11:04:08,0.00039270,292.55000000
2018-02-23 11:04:08,0.00039250,645.54000000
2018-02-23 11:04:08,0.00039240,487.61000000
2018-02-23 11:04:08,0.00039340,7.11000000
2018-02-23 11:04:08,0.00039230,194.29000000
2018-02-23 11:04:08,0.00039340,11.26000000
2018-02-23 11:04:09,0.00039340,14.15000000
2018-02-23 11:04:11,0.00039250,159.42000000
2018-02-23 11:04:12,0.00039260,33.60000000
2018-02-23 11:04:12,0.00039250,7.60000000
2018-02-23 11:04:12,0.00039310,5.98000000
2018-02-23 11:04:13,0.00039290,5.99000000
2018-02-23 11:04:14,0.00039280,27.67000000
2018-02-23 11:04:14,0.00039280,19.43000000
2018-02-23 11:04:14,0.00039180,64.00000000
2018-02-23 11:04:14,0.00039180,53.00000000
2018-02-23 11:04:14,0.00039180,5.98000000
2018-02-23 11:04:14,0.00039180,25.52000000
2018-02-23 11:04:14,0.00039180,5.98000000
2018-02-23 11:04:14,0.00039180,4.65000000
2018-02-23 11:04:14,0.00039180,5.98000000
2018-02-23 11:04:14,0.00039180,19.20000000
2018-02-23 11:04:14,0.00039180,4.65000000
2018-02-23 11:04:14,0.00039180,19.20000000
2018-02-23 11:04:14,0.00039180,19.25000000
2018-02-23 11:04:14,0.00039180,19.20000000
2018-02-23 11:04:14,0.00039180,16.00000000
2018-02-23 11:04:14,0.00039180,16.00000000
2018-02-23 11:04:14,0.00039180,25.52000000
2018-02-23 11:04:14,0.00039180,12.68000000
2018-02-23 11:04:14,0.00039180,41.52000000
2018-02-23 11:04:14,0.00039170,70.80000000
2018-02-23 11:04:21,0.00039180,5.98000000
2018-02-23 11:04:22,0.00039180,6.70000000
2018-02-23 11:04:22,0.00039170,56.81000000
2018-02-23 11:04:22,0.00039160,1632.04000000
2018-02-23 11:04:24,0.00039170,23.28000000
2018-02-23 11:04:24,0.00039180,12.50000000
2018-02-23 11:04:28,0.00039280,4.07000000
2018-02-23 11:04:29,0.00039270,12.71000000
2018-02-23 11:04:29,0.00039280,21.28000000
2018-02-23 11:04:29,0.00039200,7.09000000
2018-02-23 11:04:31,0.00039220,21.81000000
2018-02-23 11:04:31,0.00039280,7.09000000
2018-02-23 11:04:33,0.00039230,29.24000000
2018-02-23 11:04:33,0.00039190,3.65000000
2018-02-23 11:04:33,0.00039180,69.92000000
2018-02-23 11:04:33,0.00039170,235.83000000
2018-02-23 11:04:36,0.00039250,6.37000000
2018-02-23 11:04:39,0.00039230,19.55000000
2018-02-23 11:04:52,0.00039170,59.24000000
2018-02-23 11:04:56,0.00039180,45.51000000
2018-02-23 11:04:56,0.00039170,17.76000000
2018-02-23 11:04:56,0.00039170,638.74000000
2018-02-23 11:05:00,0.00039190,12.76000000
2018-02-23 11:05:00,0.00039180,25.51000000
2018-02-23 11:05:00,0.00039160,184.38000000
2018-02-23 11:05:01,0.00039230,53.41000000
2018-02-23 11:05:07,0.00039250,30.54000000
2018-02-23 11:05:07,0.00039250,76.36000000
2018-02-23 11:05:07,0.00039250,347.09000000
2018-02-23 11:05:07,0.00039250,76.36000000
2018-02-23 11:05:09,0.00039200,29.26000000
2018-02-23 11:05:09,0.00039190,25.51000000
2018-02-23 11:05:09,0.00039180,187.30000000
2018-02-23 11:05:09,0.00039250,10.10000000
2018-02-23 11:05:12,0.00039240,54.77000000
2018-02-23 11:05:19,0.00039240,117.73000000
2018-02-23 11:05:22,0.00039200,20.00000000
2018-02-23 11:05:23,0.00039200,29.21000000
2018-02-23 11:05:23,0.00039190,25.51000000
2018-02-23 11:05:24,0.00039240,25.51000000
2018-02-23 11:05:24,0.00039240,29.21000000
2018-02-23 11:05:25,0.00039240,21.81000000
2018-02-23 11:05:26,0.00039240,24.67000000
2018-02-23 11:05:26,0.00039180,281.61000000
2018-02-23 11:05:26,0.00039180,24.67000000
2018-02-23 11:05:26,0.00039250,253.52000000
2018-02-23 11:05:26,0.00039250,12.10000000
2018-02-23 11:05:27,0.00039190,29.18000000
2018-02-23 11:05:28,0.00039190,25.51000000
2018-02-23 11:05:28,0.00039170,24.49000000
2018-02-23 11:05:31,0.00039220,27.35000000
2018-02-23 11:05:34,0.00039220,59.45000000
2018-02-23 11:05:34,0.00039250,0.38000000
2018-02-23 11:05:43,0.00039180,3.57000000
2018-02-23 11:05:49,0.00039240,196.89000000
2018-02-23 11:05:49,0.00039200,97.32000000
2018-02-23 11:05:52,0.00039240,154.00000000
2018-02-23 11:06:05,0.00039210,229.31000000
2018-02-23 11:06:05,0.00039200,752.68000000
2018-02-23 11:06:06,0.00039230,10.00000000
2018-02-23 11:06:07,0.00039230,6.97000000
2018-02-23 11:06:20,0.00039230,5.13000000
2018-02-23 11:06:25,0.00039230,42.18000000
2018-02-23 11:06:28,0.00039230,446.41000000
2018-02-23 11:06:28,0.00039230,80.37000000
2018-02-23 11:06:29,0.00039240,812.92000000
2018-02-23 11:06:29,0.00039240,817.65000000
2018-02-23 11:06:29,0.00039250,370.02000000
2018-02-23 11:06:29,0.00039250,363.34000000
2018-02-23 11:06:30,0.00039250,340.87000000
2018-02-23 11:06:36,0.00039250,557.99000000
2018-02-23 11:06:36,0.00039250,185.72000000
2018-02-23 11:06:45,0.00039260,25.47000000
2018-02-23 11:06:45,0.00039250,238.21000000
2018-02-23 11:06:54,0.00039250,66.82000000
2018-02-23 11:06:54,0.00039250,283.10000000
2018-02-23 11:07:01,0.00039250,1585.55000000
2018-02-23 11:07:02,0.00039250,15.12000000
2018-02-23 11:07:04,0.00039250,34.88000000
2018-02-23 11:07:08,0.00039250,73.84000000
2018-02-23 11:07:08,0.00039250,238.21000000
2018-02-23 11:07:08,0.00039250,127.97000000
2018-02-23 11:07:15,0.00039250,119.45000000
2018-02-23 11:07:15,0.00039230,230.57000000
2018-02-23 11:07:20,0.00039230,147.04000000
2018-02-23 11:07:21,0.00039200,81.54000000
2018-02-23 11:07:36,0.00039210,68.23000000
2018-02-23 11:07:39,0.00039230,25.49000000
2018-02-23 11:07:39,0.00039230,27.94000000
2018-02-23 11:07:45,0.00039220,6.83000000
2018-02-23 11:08:17,0.00039220,112.95000000
2018-02-23 11:08:18,0.00039220,212.29000000
2018-02-23 11:08:22,0.00039230,12.75000000
2018-02-23 11:08:24,0.00039230,246.76000000
2018-02-23 11:08:28,0.00039230,60.58000000
2018-02-23 11:08:29,0.00039240,12.75000000
2018-02-23 11:08:29,0.00039230,626.76000000
2018-02-23 11:08:32,0.00039260,15.54000000
2018-02-23 11:08:32,0.00039230,6.07000000
2018-02-23 11:08:35,0.00039290,3.87000000
2018-02-23 11:08:42,0.00039270,17.53000000
2018-02-23 11:08:44,0.00039270,19.57000000
2018-02-23 11:08:47,0.00039270,125.15000000
2018-02-23 11:08:48,0.00039300,21.60000000
2018-02-23 11:08:48,0.00039300,5.92000000
2018-02-23 11:08:53,0.00039300,56.24000000
2018-02-23 11:08:53,0.00039300,35.50000000
2018-02-23 11:08:56,0.00039320,10.43000000
2018-02-23 11:08:56,0.00039320,178.46000000
2018-02-23 11:08:58,0.00039320,290.84000000
2018-02-23 11:09:05,0.00039300,323.53000000
2018-02-23 11:09:10,0.00039300,6.00000000
2018-02-23 11:09:10,0.00039320,920.85000000
2018-02-23 11:09:14,0.00039320,74.11000000
2018-02-23 11:09:14,0.00039320,25.00000000
2018-02-23 11:09:14,0.00039320,0.31000000
2018-02-23 11:09:19,0.00039320,5.95000000
2018-02-23 11:09:21,0.00039330,231.25000000
2018-02-23 11:09:24,0.00039330,77.00000000
2018-02-23 11:09:26,0.00039330,11.82000000
2018-02-23 11:09:29,0.00039330,8.90000000
2018-02-23 11:09:30,0.00039330,29.85000000
2018-02-23 11:09:31,0.00039330,50.20000000
2018-02-23 11:09:31,0.00039350,7.72000000
2018-02-23 11:09:31,0.00039350,14.71000000
2018-02-23 11:09:33,0.00039350,11.49000000
2018-02-23 11:09:33,0.00039350,11.49000000
2018-02-23 11:09:34,0.00039350,18.26000000
2018-02-23 11:09:34,0.00039350,21.75000000
2018-02-23 11:09:36,0.00039360,7.72000000
2018-02-23 11:09:53,0.00039350,283.11000000
2018-02-23 11:09:54,0.00039360,125.97000000
2018-02-23 11:09:54,0.00039360,119.77000000
2018-02-23 11:09:54,0.00039360,113.49000000
2018-02-23 11:09:54,0.00039360,27.28000000
2018-02-23 11:10:05,0.00039360,40.77000000
2018-02-23 11:10:06,0.00039360,211.00000000
2018-02-23 11:10:08,0.00039360,74.98000000
2018-02-23 11:10:17,0.00039360,210.00000000
2018-02-23 11:10:17,0.00039360,54.73000000
2018-02-23 11:10:29,0.00039360,1.00000000
2018-02-23 11:10:32,0.00039360,61.40000000
2018-02-23 11:10:37,0.00039370,11.00000000
2018-02-23 11:10:39,0.00039360,58.06000000
2018-02-23 11:10:46,0.00039360,11.15000000
2018-02-23 11:10:48,0.00039330,10.00000000
2018-02-23 11:10:55,0.00039360,4.66000000
2018-02-23 11:10:57,0.00039360,42.62000000
2018-02-23 11:10:57,0.00039360,19.34000000
2018-02-23 11:10:59,0.00039350,5.98000000
2018-02-23 11:11:02,0.00039350,161.65000000
2018-02-23 11:11:04,0.00039350,33.00000000
2018-02-23 11:11:07,0.00039330,20.49000000
2018-02-23 11:11:08,0.00039330,54.14000000
2018-02-23 11:11:09,0.00039350,4.60000000
2018-02-23 11:11:11,0.00039350,7.22000000
2018-02-23 11:11:22,0.00039340,10.27000000
2018-02-23 11:11:25,0.00039340,0.01000000
2018-02-23 11:11:25,0.00039340,4.00000000
2018-02-23 11:11:26,0.00039340,21.72000000
2018-02-23 11:11:26,0.00039330,75.37000000
2018-02-23 11:11:38,0.00039310,10.20000000
2018-02-23 11:11:52,0.00039320,27.40000000
2018-02-23 11:11:52,0.00039320,46.97000000
2018-02-23 11:11:52,0.00039320,19.57000000
2018-02-23 11:11:52,0.00039320,19.57000000
2018-02-23 11:11:52,0.00039320,46.97000000
2018-02-23 11:11:52,0.00039320,25.43000000
2018-02-23 11:11:52,0.00039320,25.43000000
2018-02-23 11:11:52,0.00039300,46.97000000
2018-02-23 11:11:57,0.00039300,332.38000000
2018-02-23 11:12:10,0.00039300,929.82000000
2018-02-23 11:12:17,0.00039290,100.12000000
2018-02-23 11:12:19,0.00039290,86.48000000
2018-02-23 11:12:19,0.00039300,1179.42000000
2018-02-23 11:12:27,0.00039250,29.34000000
2018-02-23 11:12:28,0.00039240,29.34000000
2018-02-23 11:12:29,0.00039250,5.00000000
2018-02-23 11:12:38,0.00039250,2.60000000
2018-02-23 11:12:41,0.00039290,68.88000000
2018-02-23 11:12:41,0.00039300,102.87000000
2018-02-23 11:12:45,0.00039250,29.90000000
2018-02-23 11:13:00,0.00039260,53.51000000
2018-02-23 11:13:08,0.00039290,175.25000000
2018-02-23 11:13:08,0.00039300,435.34000000
2018-02-23 11:13:42,0.00039300,3.15000000
2018-02-23 11:13:47,0.00039300,18.28000000
2018-02-23 11:14:04,0.00039250,96.52000000
2018-02-23 11:14:04,0.00039250,28.87000000
2018-02-23 11:14:04,0.00039250,28.87000000
2018-02-23 11:14:04,0.00039250,76.39000000
2018-02-23 11:14:04,0.00039250,157.72000000
2018-02-23 11:14:04,0.00039250,1500.00000000
2018-02-23 11:14:04,0.00039250,42.80000000
2018-02-23 11:14:04,0.00039250,32.92000000
2018-02-23 11:14:04,0.00039250,76.39000000
2018-02-23 11:14:05,0.00039250,76.39000000
2018-02-23 11:14:07,0.00039250,241.31000000
2018-02-23 11:14:11,0.00039250,100.00000000
2018-02-23 11:14:12,0.00039250,215.57000000
2018-02-23 11:14:14,0.00039290,7.64000000
2018-02-23 11:14:18,0.00039290,12.73000000
2018-02-23 11:14:25,0.00039290,391.62000000
2018-02-23 11:14:37,0.00039290,26.00000000
2018-02-23 11:14:38,0.00039290,50.00000000
2018-02-23 11:14:44,0.00039290,250.00000000
2018-02-23 11:14:48,0.00039270,66.30000000
2018-02-23 11:14:48,0.00039260,644.28000000
2018-02-23 11:15:06,0.00039260,386.39000000
2018-02-23 11:15:23,0.00039280,117.46000000
2018-02-23 11:15:23,0.00039260,294.42000000
2018-02-23 11:15:43,0.00039260,2.37000000
2018-02-23 11:16:20,0.00039280,76.23000000
2018-02-23 11:16:24,0.00039280,5.78000000
2018-02-23 11:16:37,0.00039280,6.00000000
2018-02-23 11:16:52,0.00039270,65.28000000
2018-02-23 11:17:02,0.00039280,80.30000000
2018-02-23 11:17:12,0.00039270,32.86000000
2018-02-23 11:17:25,0.00039270,124.42000000
2018-02-23 11:17:27,0.00039280,106.14000000
2018-02-23 11:17:27,0.00039290,2085.62000000
2018-02-23 11:17:29,0.00039300,3.00000000
2018-02-23 11:17:34,0.00039300,0.07000000
2018-02-23 11:17:38,0.00039300,11.69000000
2018-02-23 11:17:43,0.00039300,80.23000000
2018-02-23 11:17:51,0.00039300,5.08000000
2018-02-23 11:17:53,0.00039300,407.33000000
2018-02-23 11:17:54,0.00039300,436.38000000
2018-02-23 11:18:02,0.00039300,121.38000000
2018-02-23 11:18:24,0.00039300,98.66000000
2018-02-23 11:18:29,0.00039300,4.54000000
2018-02-23 11:18:30,0.00039290,81.42000000
2018-02-23 11:18:30,0.00039300,99.40000000
2018-02-23 11:18:31,0.00039300,17.07000000
2018-02-23 11:18:32,0.00039300,283.76000000
2018-02-23 11:18:32,0.00039380,436.38000000
2018-02-23 11:18:32,0.00039390,635.29000000
2018-02-23 11:18:32,0.00039400,810.65000000
2018-02-23 11:18:32,0.00039400,25.89000000
2018-02-23 11:18:32,0.00039400,25.67000000
2018-02-23 11:18:32,0.00039400,8.69000000
2018-02-23 11:18:32,0.00039400,54.21000000
2018-02-23 11:18:33,0.00039400,6.55000000
2018-02-23 11:18:35,0.00039420,1.40000000
2018-02-23 11:18:35,0.00039340,25.41000000
2018-02-23 11:18:35,0.00039320,494.95000000
2018-02-23 11:18:35,0.00039300,162.80000000
2018-02-23 11:18:37,0.00039300,994.12000000
2018-02-23 11:18:41,0.00039350,465.01000000
2018-02-23 11:18:46,0.00039350,77.85000000
2018-02-23 11:18:53,0.00039360,5.80000000
2018-02-23 11:18:59,0.00039360,131.45000000
2018-02-23 11:18:59,0.00039360,25.40000000
2018-02-23 11:18:59,0.00039360,58.97000000
2018-02-23 11:19:00,0.00039360,5.17000000
2018-02-23 11:19:03,0.00039360,20.22000000
2018-02-23 11:19:10,0.00039360,0.01000000
2018-02-23 11:19:10,0.00039350,11.61000000
2018-02-23 11:19:10,0.00039310,993.38000000
2018-02-23 11:19:10,0.00039380,465.01000000
2018-02-23 11:19:10,0.00039380,96.69000000
2018-02-23 11:19:11,0.00039380,33.67000000
2018-02-23 11:19:11,0.00039380,31.53000000
2018-02-23 11:19:11,0.00039380,61.55000000
2018-02-23 11:19:15,0.00039380,35.02000000
2018-02-23 11:19:20,0.00039380,63.74000000
2018-02-23 11:19:25,0.00039380,250.35000000
2018-02-23 11:19:27,0.00039380,792.54000000
2018-02-23 11:19:31,0.00039380,52.21000000
2018-02-23 11:19:32,0.00039380,85.00000000
2018-02-23 11:19:32,0.00039390,186.72000000
2018-02-23 11:19:44,0.00039390,76.05000000
2018-02-23 11:19:44,0.00039390,196.14000000
2018-02-23 11:19:44,0.00039390,24.43000000
2018-02-23 11:19:45,0.00039420,17.55000000
2018-02-23 11:19:45,0.00039430,2.45000000
2018-02-23 11:20:03,0.00039430,22.55000000
2018-02-23 11:20:03,0.00039430,179.95000000
2018-02-23 11:20:10,0.00039440,136.96000000
2018-02-23 11:20:11,0.00039440,1409.59000000
2018-02-23 11:20:15,0.00039440,12.68000000
2018-02-23 11:20:15,0.00039440,267.38000000
2018-02-23 11:20:17,0.00039440,349.89000000
2018-02-23 11:20:30,0.00039450,12.68000000
2018-02-23 11:20:30,0.00039440,167.52000000
2018-02-23 11:20:32,0.00039500,536.43000000
2018-02-23 11:20:33,0.00039500,103.17000000
2018-02-23 11:20:33,0.00039450,12.68000000
2018-02-23 11:20:33,0.00039440,384.15000000
2018-02-23 11:20:37,0.00039520,13.36000000
2018-02-23 11:20:37,0.00039530,68.64000000
2018-02-23 11:20:43,0.00039500,1283.71000000
2018-02-23 11:20:44,0.00039490,674.69000000
2018-02-23 11:20:52,0.00039440,39.74000000
2018-02-23 11:20:57,0.00039450,232.37000000
2018-02-23 11:21:04,0.00039450,560.17000000
2018-02-23 11:21:09,0.00039450,0.54000000
2018-02-23 11:21:10,0.00039460,0.54000000
2018-02-23 11:21:12,0.00039460,2.54000000
2018-02-23 11:21:16,0.00039500,1055.58000000
2018-02-23 11:21:19,0.00039490,605.30000000
2018-02-23 11:21:28,0.00039500,660.71000000
2018-02-23 11:21:28,0.00039500,3.59000000
2018-02-23 11:21:28,0.00039500,4.78000000
2018-02-23 11:21:28,0.00039500,7.60000000
2018-02-23 11:21:32,0.00039500,615.01000000
2018-02-23 11:21:33,0.00039500,175.00000000
2018-02-23 11:21:34,0.00039490,26.49000000
2018-02-23 11:21:37,0.00039500,152.48000000
2018-02-23 11:21:43,0.00039500,63.02000000
2018-02-23 11:21:56,0.00039520,139.16000000
2018-02-23 11:21:59,0.00039520,0.05000000
2018-02-23 11:21:59,0.00039530,75.00000000
2018-02-23 11:22:01,0.00039530,75.89000000
2018-02-23 11:22:01,0.00039530,21.84000000
2018-02-23 11:22:02,0.00039520,21.84000000
2018-02-23 11:22:02,0.00039540,24.92000000
2018-02-23 11:22:03,0.00039540,12.68000000
2018-02-23 11:22:10,0.00039540,5.11000000
2018-02-23 11:22:12,0.00039550,12.68000000
2018-02-23 11:22:12,0.00039560,7.62000000
2018-02-23 11:22:13,0.00039560,58.69000000
2018-02-23 11:22:15,0.00039560,0.01000000
2018-02-23 11:22:18,0.00039540,167.56000000
2018-02-23 11:22:18,0.00039560,10.37000000
2018-02-23 11:22:18,0.00039590,12.68000000
2018-02-23 11:22:18,0.00039600,3.00000000
2018-02-23 11:22:18,0.00039610,2.66000000
2018-02-23 11:22:18,0.00039650,80.00000000
2018-02-23 11:22:18,0.00039680,125.06000000
2018-02-23 11:22:18,0.00039700,18.43000000
2018-02-23 11:22:18,0.00039710,73.41000000
2018-02-23 11:22:18,0.00039550,75.84000000
2018-02-23 11:22:18,0.00039550,12.92000000
2018-02-23 11:22:19,0.00039560,16.79000000
2018-02-23 11:22:19,0.00039570,16.89000000
2018-02-23 11:22:19,0.00039570,16.79000000
2018-02-23 11:22:19,0.00039570,10.39000000
2018-02-23 11:22:19,0.00039580,6.55000000
2018-02-23 11:22:19,0.00039580,6.55000000
2018-02-23 11:22:22,0.00039600,15.00000000
2018-02-23 11:22:28,0.00039550,6.40000000
2018-02-23 11:22:29,0.00039600,40.00000000
2018-02-23 11:22:29,0.00039550,312.71000000
2018-02-23 11:22:31,0.00039560,24.23000000
2018-02-23 11:22:33,0.00039600,105.93000000
2018-02-23 11:22:33,0.00039630,15.00000000
2018-02-23 11:22:33,0.00039710,17.59000000
2018-02-23 11:22:33,0.00039720,320.31000000
2018-02-23 11:22:37,0.00039700,4.77000000
2018-02-23 11:22:37,0.00039710,20.23000000
2018-02-23 11:22:37,0.00039620,29.35000000
2018-02-23 11:22:43,0.00039560,8.97000000
2018-02-23 11:22:43,0.00039560,7.15000000
2018-02-23 11:22:45,0.00039560,5.11000000
2018-02-23 11:22:45,0.00039560,10.97000000
2018-02-23 11:22:46,0.00039620,10.38000000
2018-02-23 11:22:46,0.00039690,420.85000000
2018-02-23 11:22:46,0.00039700,1664.22000000
2018-02-23 11:22:46,0.00039710,322.83000000
2018-02-23 11:22:46,0.00039720,96.81000000
2018-02-23 11:22:50,0.00039630,10.62000000
2018-02-23 11:22:50,0.00039630,12.65000000
2018-02-23 11:22:51,0.00039640,25.22000000
2018-02-23 11:22:51,0.00039630,4.85000000
2018-02-23 11:22:54,0.00039700,15.00000000
2018-02-23 11:22:57,0.00039700,10.00000000
2018-02-23 11:22:58,0.00039700,0.22000000
2018-02-23 11:22:58,0.00039700,6.54000000
2018-02-23 11:22:58,0.00039700,6.47000000
2018-02-23 11:23:00,0.00039710,1575.01000000
2018-02-23 11:23:03,0.00039710,62.99000000
2018-02-23 11:23:04,0.00039710,282.65000000
2018-02-23 11:23:04,0.00039700,10.00000000
2018-02-23 11:23:07,0.00039710,89.61000000
2018-02-23 11:23:07,0.00039720,22.27000000
2018-02-23 11:23:08,0.00039720,21.56000000
2018-02-23 11:23:08,0.00039720,26.05000000
2018-02-23 11:23:15,0.00039730,3.14000000
2018-02-23 11:23:16,0.00039730,60.00000000
2018-02-23 11:23:17,0.00039730,251.70000000
2018-02-23 11:23:18,0.00039730,34.97000000
2018-02-23 11:23:18,0.00039730,5.00000000
2018-02-23 11:23:18,0.00039730,106.74000000
2018-02-23 11:23:19,0.00039730,0.04000000
2018-02-23 11:23:22,0.00039730,91.22000000
2018-02-23 11:23:23,0.00039730,242.12000000
2018-02-23 11:23:23,0.00039740,12.59000000
2018-02-23 11:23:23,0.00039740,22.33000000
2018-02-23 11:23:24,0.00039750,126.00000000
2018-02-23 11:23:25,0.00039740,100.80000000
2018-02-23 11:23:29,0.00039750,12.58000000
2018-02-23 11:23:30,0.00039750,49.58000000
2018-02-23 11:23:30,0.00039770,339.81000000
2018-02-23 11:23:30,0.00039760,268.18000000
2018-02-23 11:23:30,0.00039760,151.98000000
2018-02-23 11:23:30,0.00039780,3.02000000
2018-02-23 11:23:31,0.00039760,106.13000000
2018-02-23 11:23:31,0.00039760,174.86000000
2018-02-23 11:23:32,0.00039760,121.80000000
2018-02-23 11:23:34,0.00039760,26.09000000
2018-02-23 11:23:35,0.00039770,9.24000000
2018-02-23 11:23:35,0.00039770,3.34000000
2018-02-23 11:23:35,0.00039760,133.58000000
2018-02-23 11:23:35,0.00039780,47.55000000
2018-02-23 11:23:37,0.00039780,25.00000000
2018-02-23 11:23:39,0.00039760,3.00000000
2018-02-23 11:23:39,0.00039780,1.37000000
2018-02-23 11:23:40,0.00039780,32.69000000
2018-02-23 11:23:41,0.00039760,3.00000000
2018-02-23 11:23:44,0.00039790,10.00000000
2018-02-23 11:23:46,0.00039800,5.13000000
2018-02-23 11:23:46,0.00039850,105.67000000
2018-02-23 11:23:46,0.00039860,43.27000000
2018-02-23 11:23:54,0.00039800,275.55000000
2018-02-23 11:23:56,0.00039770,36.13000000
2018-02-23 11:23:56,0.00039760,77.22000000
2018-02-23 11:23:57,0.00039760,3.06000000
2018-02-23 11:23:58,0.00039760,6.39000000
2018-02-23 11:23:58,0.00039760,12.70000000
2018-02-23 11:24:02,0.00039760,5.14000000
2018-02-23 11:24:03,0.00039760,363.18000000
2018-02-23 11:24:04,0.00039790,6.51000000
2018-02-23 11:24:10,0.00039790,8.48000000
2018-02-23 11:24:15,0.00039790,13.95000000
2018-02-23 11:24:19,0.00039790,3.04000000
2018-02-23 11:24:19,0.00039790,12.17000000
2018-02-23 11:24:20,0.00039790,26.56000000
2018-02-23 11:24:21,0.00039790,49.48000000
2018-02-23 11:24:22,0.00039790,13.67000000
2018-02-23 11:24:23,0.00039780,11.23000000
2018-02-23 11:24:24,0.00039780,2.62000000
2018-02-23 11:24:29,0.00039780,368.35000000
2018-02-23 11:24:29,0.00039760,214.59000000
2018-02-23 11:24:40,0.00039760,37.75000000
2018-02-23 11:24:41,0.00039760,50.00000000
2018-02-23 11:24:43,0.00039760,22.46000000
2018-02-23 11:24:46,0.00039770,142.71000000
2018-02-23 11:24:46,0.00039780,239.67000000
2018-02-23 11:24:48,0.00039780,495.71000000
2018-02-23 11:24:53,0.00039760,20.66000000
2018-02-23 11:24:53,0.00039760,20.67000000
2018-02-23 11:24:53,0.00039760,7.25000000
2018-02-23 11:24:57,0.00039780,17.59000000
2018-02-23 11:24:58,0.00039760,348.99000000
2018-02-23 11:25:00,0.00039730,7.68000000
2018-02-23 11:25:00,0.00039730,6.37000000
2018-02-23 11:25:01,0.00039730,5.87000000
2018-02-23 11:25:01,0.00039730,12.75000000
2018-02-23 11:25:01,0.00039730,67.33000000
2018-02-23 11:25:01,0.00039700,76.77000000
2018-02-23 11:25:01,0.00039670,192.92000000
2018-02-23 11:25:01,0.00039620,8.81000000
2018-02-23 11:25:01,0.00039610,17.34000000
2018-02-23 11:25:03,0.00039630,12.76000000
2018-02-23 11:25:03,0.00039630,12.77000000
2018-02-23 11:25:03,0.00039630,3.83000000
2018-02-23 11:25:03,0.00039630,7.67000000
2018-02-23 11:25:04,0.00039630,30.90000000
2018-02-23 11:25:04,0.00039700,4.80000000
2018-02-23 11:25:04,0.00039720,10.59000000
2018-02-23 11:25:04,0.00039630,8.97000000
2018-02-23 11:25:04,0.00039630,0.10000000
2018-02-23 11:25:04,0.00039630,60.63000000
2018-02-23 11:25:04,0.00039630,131.78000000
2018-02-23 11:25:05,0.00039630,25.59000000
2018-02-23 11:25:05,0.00039630,10.26000000
2018-02-23 11:25:05,0.00039630,6.38000000
2018-02-23 11:25:05,0.00039640,3.57000000
2018-02-23 11:25:06,0.00039630,3.02000000
2018-02-23 11:25:06,0.00039610,17.91000000
2018-02-23 11:25:07,0.00039650,3.02000000
2018-02-23 11:25:07,0.00039650,3.84000000
2018-02-23 11:25:07,0.00039650,5.76000000
2018-02-23 11:25:08,0.00039610,10.21000000
2018-02-23 11:25:09,0.00039610,4.09000000
2018-02-23 11:25:09,0.00039610,586.67000000
2018-02-23 11:25:09,0.00039610,14.30000000
2018-02-23 11:25:09,0.00039650,75.61000000
2018-02-23 11:25:10,0.00039650,75.60000000
2018-02-23 11:25:10,0.00039650,48.47000000
2018-02-23 11:25:10,0.00039650,34.96000000
2018-02-23 11:25:10,0.00039650,28.60000000
2018-02-23 11:25:10,0.00039650,100.00000000
2018-02-23 11:25:10,0.00039650,47.00000000
2018-02-23 11:25:10,0.00039650,20.42000000
2018-02-23 11:25:11,0.00039650,3.57000000
2018-02-23 11:25:12,0.00039650,13.71000000
2018-02-23 11:25:12,0.00039650,3.57000000
2018-02-23 11:25:13,0.00039660,5.12000000
2018-02-23 11:25:13,0.00039660,3.92000000
2018-02-23 11:25:13,0.00039610,28.60000000
2018-02-23 11:25:13,0.00039610,5.79000000
2018-02-23 11:25:13,0.00039610,5.79000000
2018-02-23 11:25:13,0.00039610,14.61000000
2018-02-23 11:25:13,0.00039680,609.79000000
2018-02-23 11:25:14,0.00039610,29.18000000
2018-02-23 11:25:14,0.00039600,4.84000000
2018-02-23 11:25:15,0.00039620,6.39000000
2018-02-23 11:25:16,0.00039620,29.87000000
2018-02-23 11:25:18,0.00039630,6.35000000
2018-02-23 11:25:18,0.00039630,7.72000000
2018-02-23 11:25:20,0.00039630,5.93000000
2018-02-23 11:25:20,0.00039620,1.74000000
2018-02-23 11:25:21,0.00039620,4.47000000
2018-02-23 11:25:21,0.00039620,4.07000000
2018-02-23 11:25:22,0.00039620,2.34000000
2018-02-23 11:25:22,0.00039610,2.05000000
2018-02-23 11:25:24,0.00039610,4.56000000
2018-02-23 11:25:28,0.00039610,8.90000000
2018-02-23 11:25:32,0.00039610,4.60000000
2018-02-23 11:25:35,0.00039610,51.15000000
2018-02-23 11:25:36,0.00039610,300.00000000
2018-02-23 11:25:37,0.00039610,13.24000000
2018-02-23 11:25:37,0.00039610,19.17000000
2018-02-23 11:25:38,0.00039610,3.06000000
2018-02-23 11:25:39,0.00039650,22.51000000
2018-02-23 11:25:41,0.00039620,7.65000000
2018-02-23 11:25:42,0.00039620,5.11000000
2018-02-23 11:25:45,0.00039620,8.93000000
2018-02-23 11:25:49,0.00039620,525.10000000
2018-02-23 11:25:50,0.00039650,6.67000000
2018-02-23 11:25:50,0.00039700,14.53000000
2018-02-23 11:25:50,0.00039710,28.80000000
2018-02-23 11:25:51,0.00039630,6.65000000
2018-02-23 11:25:53,0.00039640,25.22000000
2018-02-23 11:25:53,0.00039630,298.77000000
2018-02-23 11:25:53,0.00039630,25.22000000
2018-02-23 11:25:53,0.00039600,474.78000000
2018-02-23 11:25:57,0.00039600,3122.17000000
2018-02-23 11:25:59,0.00039600,100.00000000
2018-02-23 11:26:04,0.00039600,248.00000000
2018-02-23 11:26:08,0.00039620,25.23000000
2018-02-23 11:26:13,0.00039650,339.81000000
2018-02-23 11:26:13,0.00039660,176.13000000
2018-02-23 11:26:13,0.00039670,25.22000000
2018-02-23 11:26:14,0.00039680,7.14000000
2018-02-23 11:26:14,0.00039690,10.00000000
2018-02-23 11:26:15,0.00039680,568.11000000
2018-02-23 11:26:16,0.00039680,29.82000000
2018-02-23 11:26:23,0.00039680,7.46000000
2018-02-23 11:26:23,0.00039680,500.00000000
2018-02-23 11:26:23,0.00039680,185.48000000
2018-02-23 11:26:23,0.00039680,75.67000000
2018-02-23 11:26:23,0.00039680,38.44000000
2018-02-23 11:26:23,0.00039680,112.44000000
2018-02-23 11:26:23,0.00039680,378.36000000
2018-02-23 11:26:23,0.00039680,15.40000000
2018-02-23 11:26:23,0.00039680,15.56000000
2018-02-23 11:26:23,0.00039680,215.53000000
2018-02-23 11:26:23,0.00039680,24.68000000
2018-02-23 11:26:23,0.00039680,86.49000000
2018-02-23 11:26:24,0.00039680,27.56000000
2018-02-23 11:26:28,0.00039690,8.82000000
2018-02-23 11:26:30,0.00039680,988.28000000
2018-02-23 11:26:31,0.00039680,75.59000000
2018-02-23 11:26:31,0.00039680,75.59000000
2018-02-23 11:26:31,0.00039690,267.06000000
2018-02-23 11:26:31,0.00039700,1015.00000000
2018-02-23 11:26:31,0.00039700,8.82000000
2018-02-23 11:26:31,0.00039680,75.59000000
2018-02-23 11:26:31,0.00039680,8.82000000
2018-02-23 11:26:32,0.00039680,75.59000000
2018-02-23 11:26:32,0.00039680,28.02000000
2018-02-23 11:26:32,0.00039680,69.78000000
2018-02-23 11:26:37,0.00039680,815.55000000
2018-02-23 11:26:40,0.00039680,11.21000000
2018-02-23 11:26:44,0.00039680,17.06000000
2018-02-23 11:26:45,0.00039680,35.25000000
2018-02-23 11:27:02,0.00039680,10592.35000000
2018-02-23 11:27:07,0.00039670,444.43000000
2018-02-23 11:27:08,0.00039670,88.23000000
2018-02-23 11:27:08,0.00039620,10.12000000
2018-02-23 11:27:15,0.00039620,25.16000000
2018-02-23 11:27:36,0.00039680,192.85000000
2018-02-23 11:27:37,0.00039660,276.93000000
2018-02-23 11:27:37,0.00039640,310.91000000
2018-02-23 11:27:37,0.00039620,60.21000000
2018-02-23 11:27:41,0.00039620,34.53000000
2018-02-23 11:27:41,0.00039620,128.40000000
2018-02-23 11:27:41,0.00039670,224.75000000
2018-02-23 11:27:41,0.00039680,276.90000000
2018-02-23 11:27:44,0.00039670,25.23000000
2018-02-23 11:27:44,0.00039680,74.77000000
2018-02-23 11:27:44,0.00039610,2.53000000
2018-02-23 11:27:46,0.00039680,101.24000000
2018-02-23 11:27:46,0.00039680,33.03000000
2018-02-23 11:27:51,0.00039630,222.22000000
2018-02-23 11:27:51,0.00039620,25.23000000
2018-02-23 11:27:51,0.00039600,60.05000000
2018-02-23 11:27:51,0.00039600,12.18000000
2018-02-23 11:27:51,0.00039600,12.18000000
2018-02-23 11:27:51,0.00039600,12.18000000
2018-02-23 11:28:02,0.00039600,155.96000000
2018-02-23 11:28:02,0.00039660,316.64000000
2018-02-23 11:28:11,0.00039620,224.75000000
2018-02-23 11:28:11,0.00039600,228.00000000
2018-02-23 11:28:11,0.00039590,12.18000000
2018-02-23 11:28:12,0.00039590,1.46000000
2018-02-23 11:28:12,0.00039590,252.56000000
2018-02-23 11:28:13,0.00039590,36.56000000
2018-02-23 11:28:17,0.00039590,722.54000000
2018-02-23 11:28:17,0.00039620,224.75000000
2018-02-23 11:28:22,0.00039600,5.00000000
2018-02-23 11:28:23,0.00039620,25.23000000
2018-02-23 11:28:24,0.00039620,199.52000000
2018-02-23 11:28:29,0.00039600,169.80000000
2018-02-23 11:28:29,0.00039590,26.95000000
2018-02-23 11:28:29,0.00039580,11.69000000
2018-02-23 11:28:29,0.00039570,238.31000000
2018-02-23 11:28:32,0.00039590,3.50000000
2018-02-23 11:28:34,0.00039580,15.72000000
2018-02-23 11:28:34,0.00039570,118.92000000
2018-02-23 11:28:44,0.00039590,0.03000000
2018-02-23 11:28:44,0.00039570,109.97000000
2018-02-23 11:28:44,0.00039570,5.96000000
2018-02-23 11:28:44,0.00039570,2.73000000
2018-02-23 11:28:44,0.00039570,0.17000000
2018-02-23 11:28:44,0.00039590,2.54000000
2018-02-23 11:28:47,0.00039560,105.00000000
2018-02-23 11:28:49,0.00039590,3.54000000
2018-02-23 11:28:49,0.00039630,306.37000000
2018-02-23 11:28:49,0.00039660,256.56000000
2018-02-23 11:28:49,0.00039670,565.00000000
2018-02-23 11:28:49,0.00039680,66.06000000
2018-02-23 11:28:49,0.00039690,192.92000000
2018-02-23 11:28:49,0.00039730,181.15000000
2018-02-23 11:28:49,0.00039740,82.66000000
2018-02-23 11:28:49,0.00039750,1794.95000000
2018-02-23 11:28:49,0.00039760,448.38000000
2018-02-23 11:28:49,0.00039770,605.12000000
2018-02-23 11:28:49,0.00039780,7865.12000000
2018-02-23 11:28:51,0.00039660,134.23000000
2018-02-23 11:28:51,0.00039670,9.61000000
2018-02-23 11:28:55,0.00039700,29.11000000
2018-02-23 11:28:55,0.00039690,25.19000000
2018-02-23 11:28:55,0.00039680,1.62000000
2018-02-23 11:28:55,0.00039680,9.61000000
2018-02-23 11:29:00,0.00039680,134.23000000
2018-02-23 11:29:10,0.00039690,29.11000000
2018-02-23 11:29:17,0.00039700,72.56000000
2018-02-23 11:29:19,0.00039700,75.56000000
2018-02-23 11:29:19,0.00039700,462.06000000
2018-02-23 11:29:19,0.00039700,3.22000000
2018-02-23 11:29:19,0.00039690,72.33000000
2018-02-23 11:29:19,0.00039690,3.21000000
2018-02-23 11:29:26,0.00039750,25.19000000
2018-02-23 11:29:26,0.00039760,20.00000000
2018-02-23 11:29:26,0.00039770,115.30000000
2018-02-23 11:29:26,0.00039800,39.51000000
2018-02-23 11:29:33,0.00039790,20.00000000
2018-02-23 11:29:33,0.00039800,0.82000000
2018-02-23 11:29:33,0.00039830,4.33000000
2018-02-23 11:29:33,0.00039740,75.48000000
2018-02-23 11:29:33,0.00039740,21.68000000
2018-02-23 11:29:33,0.00039740,21.68000000
2018-02-23 11:29:43,0.00039810,156.69000000
2018-02-23 11:29:43,0.00039830,24.04000000
2018-02-23 11:29:43,0.00039840,19.27000000
2018-02-23 11:29:45,0.00039840,18.98000000
2018-02-23 11:29:45,0.00039770,4.22000000
2018-02-23 11:30:10,0.00039840,77.06000000
2018-02-23 11:30:10,0.00039850,42.94000000
2018-02-23 11:30:11,0.00039850,157.79000000
2018-02-23 11:30:11,0.00039860,4.22000000
2018-02-23 11:30:11,0.00039880,200.00000000
2018-02-23 11:30:11,0.00039890,126.31000000
2018-02-23 11:30:11,0.00039900,337.56000000
2018-02-23 11:30:11,0.00039910,415.81000000
2018-02-23 11:30:11,0.00039920,500.00000000
2018-02-23 11:30:11,0.00039930,329.43000000
2018-02-23 11:30:11,0.00039940,974.44000000
2018-02-23 11:30:11,0.00039950,1136.91000000
2018-02-23 11:30:12,0.00039850,5.94000000
2018-02-23 11:30:12,0.00039860,4.36000000
2018-02-23 11:30:14,0.00039870,4.34000000
2018-02-23 11:30:15,0.00039880,5.94000000
2018-02-23 11:30:17,0.00039890,5.94000000
2018-02-23 11:30:17,0.00039900,4.36000000
2018-02-23 11:30:17,0.00039920,4.34000000
2018-02-23 11:30:17,0.00039940,5.93000000
2018-02-23 11:30:17,0.00039940,13.40000000
2018-02-23 11:30:17,0.00039940,13.40000000
2018-02-23 11:30:17,0.00039940,2.63000000
2018-02-23 11:30:17,0.00039870,16.03000000
2018-02-23 11:30:18,0.00039910,2.56000000
2018-02-23 11:30:19,0.00039910,0.01000000
2018-02-23 11:30:25,0.00039910,16.03000000
2018-02-23 11:30:25,0.00039920,4.27000000
2018-02-23 11:30:26,0.00039840,7.64000000
2018-02-23 11:30:27,0.00039850,25.09000000
2018-02-23 11:30:27,0.00039840,2.48000000
2018-02-23 11:30:27,0.00039830,12.09000000
2018-02-23 11:30:27,0.00039870,208.69000000
2018-02-23 11:30:27,0.00039830,78.66000000
2018-02-23 11:30:28,0.00039850,7.09000000
2018-02-23 11:30:31,0.00039810,3.87000000
2018-02-23 11:30:35,0.00039750,25.46000000
2018-02-23 11:30:35,0.00039750,8.90000000
2018-02-23 11:30:35,0.00039750,32.32000000
2018-02-23 11:30:37,0.00039750,5.60000000
2018-02-23 11:30:37,0.00039750,6.36000000
2018-02-23 11:30:37,0.00039840,7.52000000
2018-02-23 11:30:38,0.00039750,3.72000000
2018-02-23 11:30:38,0.00039750,6.40000000
2018-02-23 11:30:41,0.00039790,78.64000000
2018-02-23 11:30:41,0.00039800,25.12000000
2018-02-23 11:30:41,0.00039800,25.12000000
2018-02-23 11:30:44,0.00039790,7.09000000
2018-02-23 11:30:44,0.00039800,40.51000000
2018-02-23 11:30:46,0.00039800,8.06000000
2018-02-23 11:30:46,0.00039800,10.43000000
2018-02-23 11:30:46,0.00039800,127.45000000
2018-02-23 11:30:47,0.00039800,6.46000000
2018-02-23 11:30:50,0.00039760,7.72000000
2018-02-23 11:30:50,0.00039760,2.97000000
2018-02-23 11:30:52,0.00039810,17.57000000
2018-02-23 11:30:52,0.00039820,9.70000000
2018-02-23 11:30:54,0.00039820,9.04000000
2018-02-23 11:31:13,0.00039810,10.52000000
2018-02-23 11:31:26,0.00039810,47.06000000
2018-02-23 11:31:28,0.00039800,4.58000000
2018-02-23 11:31:30,0.00039810,65.55000000
2018-02-23 11:31:30,0.00039810,59.68000000
2018-02-23 11:31:34,0.00039810,100.45000000
2018-02-23 11:31:35,0.00039810,0.32000000
2018-02-23 11:31:35,0.00039810,28.77000000
2018-02-23 11:31:51,0.00039810,2.52000000
2018-02-23 11:31:51,0.00039800,20.53000000
2018-02-23 11:31:54,0.00039800,23.69000000
2018-02-23 11:31:54,0.00039810,430.02000000
2018-02-23 11:31:55,0.00039810,6.27000000
2018-02-23 11:32:21,0.00039800,15.39000000
2018-02-23 11:32:21,0.00039810,132.30000000
2018-02-23 11:32:25,0.00039780,25.13000000
2018-02-23 11:32:25,0.00039770,14.87000000
2018-02-23 11:32:29,0.00039780,12.73000000
2018-02-23 11:32:32,0.00039810,25.11000000
2018-02-23 11:32:38,0.00039800,2.52000000
2018-02-23 11:32:38,0.00039810,946.48000000
2018-02-23 11:32:45,0.00039780,10.00000000
2018-02-23 11:32:50,0.00039800,63.99000000
2018-02-23 11:32:56,0.00039810,26.60000000
2018-02-23 11:33:07,0.00039780,2.57000000
2018-02-23 11:33:14,0.00039810,337.41000000
2018-02-23 11:33:16,0.00039810,109.65000000
2018-02-23 11:33:16,0.00039790,12.57000000
2018-02-23 11:33:16,0.00039790,52.97000000
2018-02-23 11:33:16,0.00039790,10.59000000
2018-02-23 11:33:17,0.00039790,9.94000000
2018-02-23 11:33:17,0.00039790,6.57000000
2018-02-23 11:33:17,0.00039790,6.57000000
2018-02-23 11:33:19,0.00039790,13.32000000
2018-02-23 11:33:20,0.00039780,90.98000000
2018-02-23 11:33:28,0.00039780,25.13000000
2018-02-23 11:33:29,0.00039770,12.57000000
2018-02-23 11:33:29,0.00039770,49.80000000
2018-02-23 11:33:29,0.00039740,138.45000000
2018-02-23 11:33:34,0.00039740,6.37000000
2018-02-23 11:33:41,0.00039780,25.13000000
2018-02-23 11:33:43,0.00039780,90.00000000
2018-02-23 11:33:49,0.00039750,12.58000000
2018-02-23 11:33:49,0.00039740,175.38000000
2018-02-23 11:33:49,0.00039700,63.15000000
2018-02-23 11:33:49,0.00039690,53.08000000
2018-02-23 11:33:49,0.00039670,44.16000000
2018-02-23 11:33:49,0.00039690,109.13000000
2018-02-23 11:33:49,0.00039690,109.88000000
2018-02-23 11:33:49,0.00039700,109.13000000
2018-02-23 11:33:50,0.00039700,10.60000000
2018-02-23 11:33:50,0.00039690,25.19000000
2018-02-23 11:33:50,0.00039670,14.81000000
2018-02-23 11:33:55,0.00039680,6.37000000
2018-02-23 11:33:55,0.00039700,2.77000000
2018-02-23 11:34:10,0.00039710,12.60000000
2018-02-23 11:34:11,0.00039700,5.84000000
2018-02-23 11:34:11,0.00039700,5.97000000
2018-02-23 11:34:11,0.00039700,21.33000000
2018-02-23 11:34:11,0.00039700,21.33000000
2018-02-23 11:34:14,0.00039680,110.42000000
2018-02-23 11:34:21,0.00039690,100.00000000
2018-02-23 11:34:34,0.00039690,9.13000000
2018-02-23 11:34:35,0.00039700,140.26000000
2018-02-23 11:34:35,0.00039690,455.70000000
2018-02-23 11:34:35,0.00039690,51.28000000
2018-02-23 11:34:38,0.00039700,74.66000000
2018-02-23 11:34:38,0.00039680,81.28000000
2018-02-23 11:34:38,0.00039660,2018.00000000
2018-02-23 11:34:38,0.00039640,2.77000000
2018-02-23 11:34:38,0.00039620,323.52000000
2018-02-23 11:34:45,0.00039690,99.97000000
2018-02-23 11:34:48,0.00039690,30.02000000
2018-02-23 11:34:48,0.00039620,1086.57000000
2018-02-23 11:34:48,0.00039620,75.59000000
2018-02-23 11:34:48,0.00039620,76.41000000
2018-02-23 11:34:48,0.00039620,98.72000000
2018-02-23 11:34:48,0.00039620,25.23000000
2018-02-23 11:34:48,0.00039620,31.75000000
2018-02-23 11:34:48,0.00039620,83.41000000
2018-02-23 11:34:48,0.00039610,31.75000000
2018-02-23 11:34:54,0.00039630,20.29000000
2018-02-23 11:35:01,0.00039620,8.14000000
2018-02-23 11:35:03,0.00039640,17.00000000
2018-02-23 11:35:10,0.00039640,20.28000000
2018-02-23 11:35:15,0.00039640,3.00000000
2018-02-23 11:35:20,0.00039630,60.38000000
2018-02-23 11:35:21,0.00039620,66.69000000
2018-02-23 11:35:25,0.00039620,378.15000000
2018-02-23 11:35:27,0.00039620,21.86000000
2018-02-23 11:35:30,0.00039620,87.96000000
2018-02-23 11:35:30,0.00039610,112.04000000
2018-02-23 11:35:34,0.00039620,11.99000000
2018-02-23 11:35:35,0.00039620,143.91000000
2018-02-23 11:35:44,0.00039630,20.28000000
2018-02-23 11:35:45,0.00039630,449.00000000
2018-02-23 11:35:47,0.00039630,246.88000000
2018-02-23 11:35:47,0.00039620,503.12000000
2018-02-23 11:35:52,0.00039640,36.27000000
2018-02-23 11:36:04,0.00039640,75.68000000
2018-02-23 11:36:05,0.00039640,42.30000000
2018-02-23 11:36:10,0.00039680,25.19000000
2018-02-23 11:36:10,0.00039640,23.69000000
2018-02-23 11:36:33,0.00039640,247.64000000
2018-02-23 11:37:01,0.00039680,31.55000000
2018-02-23 11:37:06,0.00039680,6.59000000
2018-02-23 11:37:08,0.00039690,25.13000000
2018-02-23 11:37:13,0.00039700,3.00000000
2018-02-23 11:37:13,0.00039760,50.69000000
2018-02-23 11:37:13,0.00039820,125.94000000
2018-02-23 11:37:13,0.00039830,8.31000000
2018-02-23 11:37:13,0.00039850,339.81000000
2018-02-23 11:37:13,0.00039890,64.00000000
2018-02-23 11:37:13,0.00039900,118.75000000
2018-02-23 11:37:14,0.00039690,50.46000000
2018-02-23 11:37:14,0.00039720,7.59000000
2018-02-23 11:37:15,0.00039730,37.75000000
2018-02-23 11:37:15,0.00039740,4.55000000
2018-02-23 11:37:16,0.00039750,25.15000000
2018-02-23 11:37:17,0.00039750,29.47000000
2018-02-23 11:37:18,0.00039720,37.75000000
2018-02-23 11:37:18,0.00039750,0.39000000
2018-02-23 11:37:18,0.00039760,33.59000000
2018-02-23 11:37:18,0.00039780,14.69000000
2018-02-23 11:37:18,0.00039780,32.33000000
2018-02-23 11:37:19,0.00039720,14.69000000
2018-02-23 11:37:19,0.00039720,47.01000000
2018-02-23 11:37:21,0.00039840,29.47000000
2018-02-23 11:37:21,0.00039850,48.21000000
2018-02-23 11:37:21,0.00039760,75.45000000
2018-02-23 11:37:21,0.00039760,90.18000000
2018-02-23 11:37:22,0.00039760,39.21000000
2018-02-23 11:37:29,0.00039800,13.13000000
2018-02-23 11:37:40,0.00039860,13.13000000
2018-02-23 11:37:40,0.00039870,274.13000000
2018-02-23 11:37:40,0.00039900,44.36000000
2018-02-23 11:37:40,0.00039910,20.75000000
2018-02-23 11:37:40,0.00039920,147.63000000
2018-02-23 11:37:44,0.00039850,20.00000000
2018-02-23 11:37:44,0.00039850,5.09000000
2018-02-23 11:37:44,0.00039850,5.09000000
2018-02-23 11:37:44,0.00039850,24.38000000
2018-02-23 11:37:44,0.00039870,75.23000000
2018-02-23 11:37:45,0.00039920,160.56000000
2018-02-23 11:37:45,0.00039930,266.92000000
2018-02-23 11:37:45,0.00039870,51.58000000
2018-02-23 11:37:50,0.00039820,46.81000000
2018-02-23 11:37:52,0.00039810,20.82000000
2018-02-23 11:37:52,0.00039760,56.74000000
2018-02-23 11:37:58,0.00039850,48.98000000
2018-02-23 11:38:04,0.00039860,9.00000000
2018-02-23 11:38:18,0.00039850,27.10000000
2018-02-23 11:38:19,0.00039850,79.55000000
2018-02-23 11:38:21,0.00039850,75.28000000
2018-02-23 11:38:21,0.00039850,20.02000000
2018-02-23 11:38:35,0.00039860,99.64000000
2018-02-23 11:38:35,0.00039860,15.00000000
2018-02-23 11:38:50,0.00039850,0.01000000
2018-02-23 11:38:55,0.00039860,1.00000000
2018-02-23 11:39:03,0.00039840,8.97000000
2018-02-23 11:39:10,0.00039840,17.56000000
2018-02-23 11:39:14,0.00039840,22.07000000
2018-02-23 11:39:16,0.00039850,36.22000000
2018-02-23 11:39:24,0.00039840,1734.52000000
2018-02-23 11:39:31,0.00039820,42.15000000
2018-02-23 11:39:31,0.00039830,20.52000000
2018-02-23 11:39:37,0.00039830,0.59000000
2018-02-23 11:39:37,0.00039830,66.28000000
2018-02-23 11:39:49,0.00039830,90.37000000
2018-02-23 11:40:00,0.00039840,25.10000000
2018-02-23 11:40:04,0.00039840,15.00000000
2018-02-23 11:40:11,0.00039830,178.41000000
2018-02-23 11:40:16,0.00039840,31.44000000
2018-02-23 11:40:16,0.00039830,343.68000000
2018-02-23 11:40:16,0.00039770,25.14000000
2018-02-23 11:40:16,0.00039760,100.00000000
2018-02-23 11:40:16,0.00039740,240.11000000
2018-02-23 11:40:16,0.00039720,267.72000000
2018-02-23 11:40:16,0.00039700,64.00000000
2018-02-23 11:40:16,0.00039670,302.50000000
2018-02-23 11:40:16,0.00039660,46.54000000
2018-02-23 11:40:16,0.00039650,612.87000000
2018-02-23 11:40:37,0.00039700,7.37000000
2018-02-23 11:40:38,0.00039750,252.20000000
2018-02-23 11:40:38,0.00039760,25.14000000
2018-02-23 11:40:38,0.00039770,21.10000000
2018-02-23 11:40:38,0.00039820,25.56000000
2018-02-23 11:40:40,0.00039730,4.76000000
2018-02-23 11:40:40,0.00039740,29.49000000
2018-02-23 11:40:41,0.00039730,4.76000000
2018-02-23 11:40:46,0.00039780,39.01000000
2018-02-23 11:40:46,0.00039790,7.49000000
2018-02-23 11:40:46,0.00039800,20.00000000
2018-02-23 11:40:46,0.00039820,44.50000000
2018-02-23 11:40:46,0.00039850,14.00000000
2018-02-23 11:40:46,0.00039740,75.48000000
2018-02-23 11:40:46,0.00039750,15.00000000
2018-02-23 11:40:46,0.00039740,60.48000000
2018-02-23 11:40:47,0.00039740,52.21000000
2018-02-23 11:40:47,0.00039750,26.82000000
2018-02-23 11:40:47,0.00039800,2.00000000
2018-02-23 11:40:51,0.00039730,25.16000000
2018-02-23 11:40:51,0.00039700,15.00000000
2018-02-23 11:40:57,0.00039710,12.60000000
2018-02-23 11:40:57,0.00039710,150.41000000
2018-02-23 11:40:57,0.00039720,26.82000000
2018-02-23 11:41:14,0.00039720,38.30000000
2018-02-23 11:41:25,0.00039720,30.73000000
2018-02-23 11:41:26,0.00039710,4.76000000
2018-02-23 11:41:26,0.00039710,5.24000000
2018-02-23 11:41:31,0.00039720,2.52000000
2018-02-23 11:41:31,0.00039710,2.60000000
2018-02-23 11:41:33,0.00039700,21.54000000
2018-02-23 11:41:39,0.00039700,25.59000000
2018-02-23 11:41:43,0.00039700,26.20000000
2018-02-23 11:41:43,0.00039710,10.52000000
2018-02-23 11:41:43,0.00039690,4.82000000
2018-02-23 11:41:58,0.00039710,25.18000000
2018-02-23 11:41:59,0.00039710,374.13000000
2018-02-23 11:41:59,0.00039720,117.10000000
2018-02-23 11:41:59,0.00039750,36.77000000
2018-02-23 11:42:01,0.00039710,7.00000000
2018-02-23 11:42:02,0.00039750,2.51000000
2018-02-23 11:42:03,0.00039710,10.52000000
2018-02-23 11:42:11,0.00039710,232.00000000
2018-02-23 11:42:21,0.00039710,80.72000000
2018-02-23 11:42:23,0.00039700,25.16000000
2018-02-23 11:42:28,0.00039660,40.00000000
2018-02-23 11:42:31,0.00039700,75.52000000
2018-02-23 11:42:31,0.00039700,75.51000000
2018-02-23 11:42:31,0.00039700,75.52000000
2018-02-23 11:42:32,0.00039700,75.51000000
2018-02-23 11:42:32,0.00039700,75.52000000
2018-02-23 11:42:39,0.00039700,12.00000000
2018-02-23 11:43:07,0.00039650,405.48000000
2018-02-23 11:43:08,0.00039690,240.94000000
2018-02-23 11:43:09,0.00039690,12.22000000
2018-02-23 11:43:10,0.00039650,380.86000000
2018-02-23 11:43:10,0.00039640,2.77000000
2018-02-23 11:43:10,0.00039630,69.85000000
2018-02-23 11:43:10,0.00039620,469.91000000
2018-02-23 11:43:10,0.00039610,83.45000000
2018-02-23 11:43:10,0.00039600,115.42000000
2018-02-23 11:43:10,0.00039600,56.33000000
2018-02-23 11:43:10,0.00039600,56.33000000
2018-02-23 11:43:10,0.00039600,35.22000000
2018-02-23 11:43:13,0.00039600,29.66000000
2018-02-23 11:43:17,0.00039600,36.23000000
2018-02-23 11:43:18,0.00039600,21.62000000
2018-02-23 11:43:18,0.00039600,119.74000000
2018-02-23 11:43:21,0.00039600,306.74000000
2018-02-23 11:43:21,0.00039600,196.65000000
2018-02-23 11:43:21,0.00039600,121.93000000
2018-02-23 11:43:22,0.00039600,146.50000000
2018-02-23 11:43:23,0.00039600,816.95000000
2018-02-23 11:43:23,0.00039600,420.08000000
2018-02-23 11:43:23,0.00039600,237.22000000
2018-02-23 11:43:23,0.00039600,129.02000000
2018-02-23 11:43:24,0.00039600,158.36000000
2018-02-23 11:43:27,0.00039600,5.30000000
2018-02-23 11:43:29,0.00039600,75.55000000
2018-02-23 11:43:29,0.00039600,103.40000000
2018-02-23 11:43:29,0.00039600,103.10000000
2018-02-23 11:43:29,0.00039600,75.54000000
2018-02-23 11:43:29,0.00039600,27.86000000
2018-02-23 11:43:33,0.00039600,7.22000000
2018-02-23 11:43:34,0.00039600,2.78000000
2018-02-23 11:43:34,0.00039610,28.96000000
2018-02-23 11:43:40,0.00039600,28.96000000
2018-02-23 11:43:40,0.00039610,20.19000000
2018-02-23 11:43:40,0.00039610,160.04000000
2018-02-23 11:43:40,0.00039600,28.95000000
2018-02-23 11:43:41,0.00039590,5.40000000
2018-02-23 11:43:56,0.00039560,52.77000000
2018-02-23 11:43:56,0.00039550,93.90000000
2018-02-23 11:44:01,0.00039550,158.94000000
2018-02-23 11:44:03,0.00039530,339.81000000
2018-02-23 11:44:03,0.00039520,198.75000000
2018-02-23 11:44:03,0.00039510,8.56000000
2018-02-23 11:44:03,0.00039500,143.04000000
2018-02-23 11:44:03,0.00039500,5.98000000
2018-02-23 11:44:03,0.00039500,5.98000000
2018-02-23 11:44:03,0.00039500,25.31000000
2018-02-23 11:44:03,0.00039500,5.99000000
2018-02-23 11:44:03,0.00039500,25.31000000
2018-02-23 11:44:04,0.00039500,128.49000000
2018-02-23 11:44:04,0.00039500,21.66000000
2018-02-23 11:44:05,0.00039490,28.95000000
2018-02-23 11:44:16,0.00039490,30.02000000
2018-02-23 11:44:17,0.00039490,100.00000000
2018-02-23 11:44:17,0.00039500,17.26000000
2018-02-23 11:44:18,0.00039500,6.05000000
2018-02-23 11:44:22,0.00039500,12.66000000
2018-02-23 11:44:22,0.00039500,75.57000000
2018-02-23 11:44:24,0.00039490,5.00000000
2018-02-23 11:44:24,0.00039500,0.04000000
2018-02-23 11:44:24,0.00039490,53.96000000
2018-02-23 11:44:27,0.00039490,13.33000000
2018-02-23 11:44:27,0.00039490,12.66000000
2018-02-23 11:44:30,0.00039490,245.73000000
2018-02-23 11:44:30,0.00039490,25.16000000
2018-02-23 11:44:30,0.00039490,21.72000000
2018-02-23 11:44:33,0.00039500,12.66000000
2018-02-23 11:44:34,0.00039490,240.80000000
2018-02-23 11:44:34,0.00039480,50.00000000
2018-02-23 11:44:44,0.00039470,420.54000000
2018-02-23 11:44:45,0.00039470,130.61000000
2018-02-23 11:44:45,0.00039480,124.04000000
2018-02-23 11:44:46,0.00039480,249.10000000
2018-02-23 11:44:50,0.00039480,180.53000000
2018-02-23 11:44:54,0.00039470,80.00000000
2018-02-23 11:44:57,0.00039470,427.35000000
2018-02-23 11:45:05,0.00039480,31.00000000
2018-02-23 11:45:27,0.00039480,125.29000000
2018-02-23 11:45:27,0.00039480,115.78000000
2018-02-23 11:45:30,0.00039470,638.10000000
2018-02-23 11:45:30,0.00039460,1581.33000000
2018-02-23 11:45:32,0.00039480,426.82000000
2018-02-23 11:45:33,0.00039490,223.49000000
2018-02-23 11:45:34,0.00039490,198.97000000
2018-02-23 11:45:36,0.00039460,60.51000000
2018-02-23 11:45:46,0.00039460,51.04000000
2018-02-23 11:45:52,0.00039490,50.10000000
2018-02-23 11:45:54,0.00039460,111.94000000
2018-02-23 11:45:59,0.00039460,15.57000000
2018-02-23 11:46:04,0.00039460,5.10000000
2018-02-23 11:46:15,0.00039460,4.55000000
2018-02-23 11:46:18,0.00039460,1.14000000
2018-02-23 11:46:19,0.00039460,61.70000000
2018-02-23 11:46:27,0.00039460,27.02000000
2018-02-23 11:46:28,0.00039460,42.96000000
2018-02-23 11:46:30,0.00039460,8.53000000
2018-02-23 11:46:30,0.00039460,11.68000000
2018-02-23 11:46:30,0.00039490,11.62000000
2018-02-23 11:46:38,0.00039490,278.09000000
2018-02-23 11:46:38,0.00039490,68.43000000
2018-02-23 11:46:38,0.00039490,200.30000000
2018-02-23 11:46:39,0.00039500,13.00000000
2018-02-23 11:46:44,0.00039500,8.00000000
2018-02-23 11:46:52,0.00039500,58.93000000
2018-02-23 11:46:57,0.00039500,242.38000000
2018-02-23 11:46:58,0.00039500,898.03000000
2018-02-23 11:47:00,0.00039500,1601.42000000
2018-02-23 11:47:00,0.00039500,91.09000000
2018-02-23 11:47:01,0.00039520,29.82000000
2018-02-23 11:47:05,0.00039510,8.40000000
2018-02-23 11:47:05,0.00039510,147.04000000
2018-02-23 11:47:07,0.00039510,37.98000000
2018-02-23 11:47:08,0.00039510,4.83000000
2018-02-23 11:47:09,0.00039510,166.87000000
2018-02-23 11:47:11,0.00039500,91.09000000
2018-02-23 11:47:11,0.00039510,26.70000000
2018-02-23 11:47:11,0.00039520,59.66000000
2018-02-23 11:47:11,0.00039520,29.82000000
2018-02-23 11:47:21,0.00039530,7.99000000
2018-02-23 11:47:26,0.00039530,251.21000000
2018-02-23 11:47:26,0.00039530,75.89000000
2018-02-23 11:47:26,0.00039530,75.89000000
2018-02-23 11:47:26,0.00039530,53.66000000
2018-02-23 11:47:33,0.00039550,6.57000000
2018-02-23 11:47:33,0.00039550,6.57000000
2018-02-23 11:47:35,0.00039580,7.99000000
2018-02-23 11:47:35,0.00039590,13.34000000
2018-02-23 11:47:47,0.00039560,28.17000000
2018-02-23 11:47:56,0.00039640,11.97000000
2018-02-23 11:47:56,0.00039650,13.28000000
2018-02-23 11:47:58,0.00039600,29.65000000
2018-02-23 11:48:03,0.00039630,29.65000000
2018-02-23 11:48:03,0.00039630,40.91000000
2018-02-23 11:48:03,0.00039630,40.90000000
2018-02-23 11:48:03,0.00039630,25.05000000
2018-02-23 11:48:08,0.00039630,12.64000000
2018-02-23 11:48:17,0.00039640,168.47000000
2018-02-23 11:48:18,0.00039640,96.16000000
2018-02-23 11:48:18,0.00039650,105.84000000
2018-02-23 11:48:20,0.00039650,22.58000000
2018-02-23 11:48:21,0.00039650,0.44000000
2018-02-23 11:48:22,0.00039640,119.12000000
2018-02-23 11:48:38,0.00039650,122.59000000
2018-02-23 11:48:40,0.00039640,175.25000000
2018-02-23 11:48:41,0.00039640,54.00000000
2018-02-23 11:48:41,0.00039630,62.70000000
2018-02-23 11:48:41,0.00039630,601.00000000
2018-02-23 11:48:41,0.00039630,523.09000000
2018-02-23 11:48:47,0.00039630,57.67000000
2018-02-23 11:48:49,0.00039630,26.76000000
2018-02-23 11:48:58,0.00039620,20.00000000
2018-02-23 11:49:02,0.00039620,29.64000000
2018-02-23 11:49:03,0.00039630,12.62000000
2018-02-23 11:49:09,0.00039630,12.62000000
2018-02-23 11:49:09,0.00039630,137.77000000
2018-02-23 11:49:11,0.00039630,29.90000000
2018-02-23 11:49:16,0.00039620,50.00000000
2018-02-23 11:49:22,0.00039620,117.43000000
2018-02-23 11:49:22,0.00039630,25.23000000
2018-02-23 11:49:24,0.00039620,56.33000000
2018-02-23 11:49:25,0.00039620,41.73000000
2018-02-23 11:49:25,0.00039630,249.65000000
2018-02-23 11:49:36,0.00039630,175.49000000
2018-02-23 11:49:53,0.00039680,7.38000000
2018-02-23 11:49:53,0.00039680,7.38000000
2018-02-23 11:49:53,0.00039690,302.34000000
2018-02-23 11:49:53,0.00039690,39.95000000
2018-02-23 11:49:53,0.00039690,111.16000000
2018-02-23 11:49:53,0.00039690,79.44000000
2018-02-23 11:49:53,0.00039700,236.08000000
2018-02-23 11:49:53,0.00039700,88.51000000
2018-02-23 11:49:54,0.00039630,29.15000000
2018-02-23 11:49:54,0.00039700,17.77000000
2018-02-23 11:49:54,0.00039690,1.50000000
2018-02-23 11:49:54,0.00039690,151.41000000
2018-02-23 11:49:55,0.00039670,232.56000000
2018-02-23 11:49:55,0.00039700,21.41000000
2018-02-23 11:50:09,0.00039700,67.80000000
2018-02-23 11:50:14,0.00039640,19.87000000
2018-02-23 11:50:14,0.00039640,19.87000000
2018-02-23 11:50:15,0.00039640,77.66000000
2018-02-23 11:50:25,0.00039640,75.64000000
2018-02-23 11:50:52,0.00039640,134.00000000
2018-02-23 11:51:17,0.00039640,65.33000000
2018-02-23 11:51:23,0.00039640,13.58000000
2018-02-23 11:51:28,0.00039640,211.65000000
2018-02-23 11:51:31,0.00039640,5.00000000
2018-02-23 11:51:36,0.00039640,94.76000000
2018-02-23 11:51:40,0.00039640,43.28000000
2018-02-23 11:52:13,0.00039640,784.24000000
2018-02-23 11:52:13,0.00039630,273.77000000
2018-02-23 11:52:13,0.00039600,207.51000000
2018-02-23 11:52:15,0.00039670,25.22000000
2018-02-23 11:52:16,0.00039680,57.75000000
2018-02-23 11:52:16,0.00039680,12.59000000
2018-02-23 11:52:16,0.00039650,57.75000000
2018-02-23 11:52:16,0.00039680,19.94000000
2018-02-23 11:52:18,0.00039680,67.84000000
2018-02-23 11:52:18,0.00039680,75.16000000
2018-02-23 11:52:39,0.00039650,5.00000000
2018-02-23 11:52:46,0.00039660,45.50000000
2018-02-23 11:52:46,0.00039650,55.01000000
2018-02-23 11:52:46,0.00039630,170.61000000
2018-02-23 11:52:46,0.00039600,1285.85000000
2018-02-23 11:52:50,0.00039600,35.20000000
2018-02-23 11:52:54,0.00039640,5.05000000
2018-02-23 11:52:54,0.00039640,34.28000000
2018-02-23 11:52:56,0.00039640,41.39000000
2018-02-23 11:53:21,0.00039610,57.40000000
2018-02-23 11:53:29,0.00039610,60.03000000
2018-02-23 11:53:29,0.00039600,159.97000000
2018-02-23 11:53:43,0.00039600,495.56000000
2018-02-23 11:53:44,0.00039620,12.12000000
2018-02-23 11:53:55,0.00039620,100.00000000
2018-02-23 11:53:55,0.00039610,41.79000000
2018-02-23 11:54:07,0.00039610,296.24000000
2018-02-23 11:54:10,0.00039610,39.94000000
2018-02-23 11:54:27,0.00039610,36.30000000
2018-02-23 11:54:27,0.00039610,155.36000000
2018-02-23 11:54:28,0.00039610,171.65000000
2018-02-23 11:54:31,0.00039610,564.83000000
2018-02-23 11:54:31,0.00039620,331.04000000
2018-02-23 11:54:41,0.00039600,42.12000000
2018-02-23 11:54:55,0.00039600,50.67000000
2018-02-23 11:55:00,0.00039600,124.13000000
2018-02-23 11:55:12,0.00039600,16.87000000
2018-02-23 11:55:16,0.00039600,12.65000000
2018-02-23 11:55:16,0.00039610,109.40000000
2018-02-23 11:55:26,0.00039610,5.28000000
2018-02-23 11:55:31,0.00039600,25.00000000
2018-02-23 11:55:33,0.00039600,44.47000000
2018-02-23 11:55:44,0.00039550,25.05000000
2018-02-23 11:55:44,0.00039500,50.00000000
2018-02-23 11:55:44,0.00039480,25.00000000
2018-02-23 11:55:44,0.00039470,36.42000000
2018-02-23 11:55:44,0.00039460,30.00000000
2018-02-23 11:55:44,0.00039450,119.36000000
2018-02-23 11:55:44,0.00039440,65.29000000
2018-02-23 11:55:45,0.00039490,253.46000000
2018-02-23 11:55:45,0.00039480,97.66000000
2018-02-23 11:55:47,0.00039560,100.26000000
2018-02-23 11:55:49,0.00039540,63.05000000
2018-02-23 11:55:52,0.00039540,115.38000000
2018-02-23 11:55:52,0.00039550,25.91000000
2018-02-23 11:55:52,0.00039550,71.75000000
2018-02-23 11:55:57,0.00039600,2.53000000
2018-02-23 11:56:08,0.00039600,202.74000000
2018-02-23 11:56:27,0.00039600,11.00000000
2018-02-23 11:56:32,0.00039600,174.07000000
2018-02-23 11:56:39,0.00039540,49.00000000
2018-02-23 11:56:42,0.00039590,16.43000000
2018-02-23 11:56:46,0.00039590,4.75000000
2018-02-23 11:56:47,0.00039580,10.00000000
2018-02-23 11:56:54,0.00039590,8.16000000
2018-02-23 11:56:54,0.00039600,263.86000000
2018-02-23 11:57:02,0.00039600,350.04000000
2018-02-23 11:57:03,0.00039590,12.89000000
2018-02-23 11:57:05,0.00039590,7.10000000
2018-02-23 11:57:12,0.00039600,404.28000000
2018-02-23 11:57:12,0.00039600,27.78000000
2018-02-23 11:57:25,0.00039600,4.75000000
2018-02-23 11:57:30,0.00039620,33.92000000
2018-02-23 11:57:33,0.00039620,11.28000000
2018-02-23 11:57:33,0.00039610,34.45000000
2018-02-23 11:57:34,0.00039610,16.43000000
2018-02-23 11:57:34,0.00039620,368.98000000
2018-02-23 11:57:34,0.00039610,121.27000000
2018-02-23 11:57:38,0.00039610,167.66000000
2018-02-23 11:57:51,0.00039610,27.76000000
2018-02-23 11:57:52,0.00039610,22.24000000
2018-02-23 11:57:52,0.00039620,17.20000000
2018-02-23 11:57:53,0.00039600,151.50000000
2018-02-23 11:57:56,0.00039620,33.86000000
2018-02-23 11:57:56,0.00039690,44.61000000
2018-02-23 11:57:56,0.00039700,2143.30000000
2018-02-23 11:57:58,0.00039650,4.60000000
2018-02-23 11:58:00,0.00039650,25.22000000
2018-02-23 11:58:08,0.00039700,4.60000000
2018-02-23 11:58:08,0.00039710,93.64000000
2018-02-23 11:58:15,0.00039700,63.08000000
2018-02-23 11:58:15,0.00039700,5.91000000
2018-02-23 11:58:15,0.00039700,19.27000000
2018-02-23 11:58:23,0.00039700,2.52000000
2018-02-23 11:58:28,0.00039700,190.69000000
2018-02-23 11:58:30,0.00039700,193.54000000
2018-02-23 11:58:30,0.00039700,34.33000000
2018-02-23 11:58:39,0.00039710,246.17000000
2018-02-23 11:58:39,0.00039740,148.44000000
2018-02-23 11:58:39,0.00039760,13.85000000
2018-02-23 11:58:39,0.00039800,221.26000000
2018-02-23 11:58:39,0.00039860,24.28000000
2018-02-23 11:58:40,0.00039730,4.75000000
2018-02-23 11:58:41,0.00039730,75.50000000
2018-02-23 11:58:41,0.00039730,5.05000000
2018-02-23 11:58:41,0.00039730,5.95000000
2018-02-23 11:58:42,0.00039830,84.34000000
2018-02-23 11:58:42,0.00039850,226.84000000
2018-02-23 11:58:42,0.00039860,188.82000000
2018-02-23 11:58:46,0.00039770,25.14000000
2018-02-23 11:58:47,0.00039760,29.01000000
2018-02-23 11:58:47,0.00039740,225.37000000
2018-02-23 11:58:49,0.00039750,114.44000000
2018-02-23 11:58:49,0.00039750,218.88000000
2018-02-23 11:59:05,0.00039740,0.17000000
2018-02-23 11:59:06,0.00039740,91.25000000
2018-02-23 11:59:08,0.00039750,75.47000000
2018-02-23 11:59:08,0.00039750,193.61000000
2018-02-23 11:59:08,0.00039750,53.72000000
2018-02-23 11:59:08,0.00039740,2.52000000
2018-02-23 11:59:08,0.00039740,53.72000000
2018-02-23 11:59:14,0.00039740,29.01000000
2018-02-23 11:59:15,0.00039740,55.92000000
2018-02-23 11:59:24,0.00039730,25.42000000
2018-02-23 11:59:24,0.00039730,25.42000000
2018-02-23 11:59:25,0.00039730,25.42000000
2018-02-23 11:59:25,0.00039730,25.42000000
2018-02-23 11:59:25,0.00039730,25.00000000
2018-02-23 11:59:29,0.00039720,12.59000000
2018-02-23 11:59:29,0.00039720,12.59000000
2018-02-23 11:59:31,0.00039710,66.46000000
2018-02-23 11:59:31,0.00039700,225.72000000
2018-02-23 11:59:36,0.00039710,12.60000000
2018-02-23 11:59:36,0.00039700,108.32000000
2018-02-23 11:59:36,0.00039720,127.95000000
2018-02-23 11:59:36,0.00039730,206.64000000
2018-02-23 11:59:37,0.00039730,2.57000000
2018-02-23 11:59:48,0.00039740,100.30000000
2018-02-23 11:59:50,0.00039740,238.76000000
2018-02-23 11:59:53,0.00039740,2.52000000
