DATE,PRICE,VOLUME
2018-02-23 10:00:00,0.00040030,277.32000000
2018-02-23 10:00:00,0.00040030,21.05000000
2018-02-23 10:00:01,0.00040030,15.67000000
2018-02-23 10:00:01,0.00040030,5.38000000
2018-02-23 10:00:01,0.00040030,27.63000000
2018-02-23 10:00:04,0.00040040,5.94000000
2018-02-23 10:00:04,0.00040040,117.81000000
2018-02-23 10:00:04,0.00040040,136.53000000
2018-02-23 10:00:06,0.00040040,290.58000000
2018-02-23 10:00:07,0.00040040,32.34000000
2018-02-23 10:00:07,0.00040040,11.42000000
2018-02-23 10:00:07,0.00040040,5.15000000
2018-02-23 10:00:08,0.00040040,10.16000000
2018-02-23 10:00:08,0.00040060,87.40000000
2018-02-23 10:00:08,0.00040040,51.56000000
2018-02-23 10:00:10,0.00040040,165.08000000
2018-02-23 10:00:13,0.00040050,41.93000000
2018-02-23 10:00:14,0.00040050,41.93000000
2018-02-23 10:00:14,0.00040050,18.36000000
2018-02-23 10:00:17,0.00040040,12.40000000
2018-02-23 10:00:17,0.00040060,25.49000000
2018-02-23 10:00:17,0.00040080,7.06000000
2018-02-23 10:00:17,0.00040090,24.95000000
2018-02-23 10:00:17,0.00040100,7.91000000
2018-02-23 10:00:17,0.00040140,26.50000000
2018-02-23 10:00:17,0.00040150,28.09000000
2018-02-23 10:00:17,0.00040050,6.98000000
2018-02-23 10:00:18,0.00040050,12.40000000
2018-02-23 10:00:18,0.00040070,11.62000000
2018-02-23 10:00:18,0.00040070,11.62000000
2018-02-23 10:00:20,0.00040080,17.13000000
2018-02-23 10:00:20,0.00040080,9.74000000
2018-02-23 10:00:20,0.00040070,1.71000000
2018-02-23 10:00:22,0.00040040,64.00000000
2018-02-23 10:00:23,0.00040070,17.67000000
2018-02-23 10:00:23,0.00040080,17.13000000
2018-02-23 10:00:25,0.00040080,6.49000000
2018-02-23 10:00:25,0.00040120,4.98000000
2018-02-23 10:00:25,0.00040080,15.61000000
2018-02-23 10:00:25,0.00040080,67.55000000
2018-02-23 10:00:25,0.00040050,15.61000000
2018-02-23 10:00:26,0.00040050,45.21000000
2018-02-23 10:00:27,0.00040050,28.06000000
2018-02-23 10:00:30,0.00040040,181.17000000
2018-02-23 10:00:32,0.00040030,21.89000000
2018-02-23 10:00:32,0.00040040,0.08000000
2018-02-23 10:00:32,0.00040080,150.71000000
2018-02-23 10:00:32,0.00040090,24.95000000
2018-02-23 10:00:32,0.00040130,114.71000000
2018-02-23 10:00:32,0.00040150,273.65000000
2018-02-23 10:00:32,0.00040230,177.90000000
2018-02-23 10:00:33,0.00040050,15.00000000
2018-02-23 10:00:33,0.00040060,249.71000000
2018-02-23 10:00:33,0.00040060,70.69000000
2018-02-23 10:00:33,0.00040060,53.06000000
2018-02-23 10:00:33,0.00040060,0.02000000
2018-02-23 10:00:34,0.00040070,52.91000000
2018-02-23 10:00:35,0.00040080,26.85000000
2018-02-23 10:00:35,0.00040050,53.06000000
2018-02-23 10:00:35,0.00040040,208.39000000
2018-02-23 10:00:36,0.00040050,8.39000000
2018-02-23 10:00:37,0.00040040,15.00000000
2018-02-23 10:00:37,0.00040040,176.81000000
2018-02-23 10:00:38,0.00040040,42.51000000
2018-02-23 10:00:38,0.00040050,241.32000000
2018-02-23 10:00:38,0.00040080,80.55000000
2018-02-23 10:00:38,0.00040170,26.85000000
2018-02-23 10:00:38,0.00040180,20.00000000
2018-02-23 10:00:38,0.00040220,174.56000000
2018-02-23 10:00:38,0.00040230,222.86000000
2018-02-23 10:00:38,0.00040240,270.83000000
2018-02-23 10:00:38,0.00040250,903.03000000
2018-02-23 10:00:40,0.00040070,25.00000000
2018-02-23 10:00:40,0.00040100,11.12000000
2018-02-23 10:00:40,0.00040110,11.12000000
2018-02-23 10:00:41,0.00040140,29.01000000
2018-02-23 10:00:42,0.00040150,5.87000000
2018-02-23 10:00:42,0.00040150,20.99000000
2018-02-23 10:00:42,0.00040130,268.09000000
2018-02-23 10:00:42,0.00040120,238.49000000
2018-02-23 10:00:42,0.00040110,13.81000000
2018-02-23 10:00:42,0.00040060,150.86000000
2018-02-23 10:00:42,0.00040150,21.00000000
2018-02-23 10:00:43,0.00040170,6.01000000
2018-02-23 10:00:43,0.00040170,166.84000000
2018-02-23 10:00:45,0.00040160,32.34000000
2018-02-23 10:00:46,0.00040070,15.00000000
2018-02-23 10:00:47,0.00040060,194.59000000
2018-02-23 10:00:47,0.00040050,343.21000000
2018-02-23 10:00:47,0.00040090,33.78000000
2018-02-23 10:00:47,0.00040090,183.49000000
2018-02-23 10:00:47,0.00040100,41.86000000
2018-02-23 10:00:47,0.00040110,28.06000000
2018-02-23 10:00:51,0.00040120,25.00000000
2018-02-23 10:00:52,0.00040120,94.92000000
2018-02-23 10:00:53,0.00040120,37.36000000
2018-02-23 10:00:54,0.00040120,423.24000000
2018-02-23 10:00:55,0.00040120,50.19000000
2018-02-23 10:00:55,0.00040110,3541.79000000
2018-02-23 10:00:57,0.00040120,100.16000000
2018-02-23 10:00:57,0.00040150,5.48000000
2018-02-23 10:00:58,0.00040150,123.42000000
2018-02-23 10:00:58,0.00040150,74.70000000
2018-02-23 10:00:58,0.00040150,10.28000000
2018-02-23 10:01:00,0.00040150,62.22000000
2018-02-23 10:01:05,0.00040110,67.51000000
2018-02-23 10:01:05,0.00040110,96.37000000
2018-02-23 10:01:05,0.00040110,16.53000000
2018-02-23 10:01:05,0.00040110,96.44000000
2018-02-23 10:01:08,0.00040110,323.53000000
2018-02-23 10:01:09,0.00040110,23.62000000
2018-02-23 10:01:09,0.00040100,144.60000000
2018-02-23 10:01:10,0.00040110,23.85000000
2018-02-23 10:01:12,0.00040050,5.48000000
2018-02-23 10:01:12,0.00040040,28.48000000
2018-02-23 10:01:14,0.00040040,0.83000000
2018-02-23 10:01:14,0.00040020,64.70000000
2018-02-23 10:01:17,0.00040030,36.62000000
2018-02-23 10:01:23,0.00040030,35.38000000
2018-02-23 10:01:23,0.00040030,56.10000000
2018-02-23 10:01:23,0.00040080,98.42000000
2018-02-23 10:01:23,0.00040080,65.42000000
2018-02-23 10:01:23,0.00040080,59.02000000
2018-02-23 10:01:23,0.00040090,31.62000000
2018-02-23 10:01:23,0.00040100,46.83000000
2018-02-23 10:01:23,0.00040080,123.67000000
2018-02-23 10:01:28,0.00040030,225.85000000
2018-02-23 10:01:28,0.00040020,130.03000000
2018-02-23 10:01:28,0.00040010,81.00000000
2018-02-23 10:01:28,0.00040000,189.94000000
2018-02-23 10:01:28,0.00040030,21.11000000
2018-02-23 10:01:28,0.00040030,26.62000000
2018-02-23 10:01:28,0.00040030,4.83000000
2018-02-23 10:01:28,0.00040080,7.48000000
2018-02-23 10:01:29,0.00040040,7.48000000
2018-02-23 10:01:29,0.00040030,46.77000000
2018-02-23 10:01:29,0.00040010,27.29000000
2018-02-23 10:01:29,0.00040000,1832.96000000
2018-02-23 10:01:30,0.00040020,348.88000000
2018-02-23 10:01:32,0.00040070,27.29000000
2018-02-23 10:01:32,0.00040090,22.71000000
2018-02-23 10:01:33,0.00040090,17.00000000
2018-02-23 10:01:35,0.00040090,23.22000000
2018-02-23 10:01:41,0.00040030,26.62000000
2018-02-23 10:01:44,0.00040080,248.93000000
2018-02-23 10:01:44,0.00040090,114.36000000
2018-02-23 10:01:45,0.00040030,20.00000000
2018-02-23 10:01:48,0.00040030,18.00000000
2018-02-23 10:01:48,0.00040020,3630.96000000
2018-02-23 10:01:48,0.00040010,34.00000000
2018-02-23 10:01:48,0.00040000,3260.92000000
2018-02-23 10:01:56,0.00040030,127.00000000
2018-02-23 10:01:56,0.00040020,21.24000000
2018-02-23 10:01:59,0.00040020,978.76000000
2018-02-23 10:01:59,0.00040020,189.64000000
2018-02-23 10:01:59,0.00040070,100.11000000
2018-02-23 10:01:59,0.00040000,404.40000000
2018-02-23 10:02:00,0.00040010,27.52000000
2018-02-23 10:02:00,0.00040000,1064.83000000
2018-02-23 10:02:01,0.00040020,25.11000000
2018-02-23 10:02:01,0.00040020,135.66000000
2018-02-23 10:02:02,0.00040020,68.62000000
2018-02-23 10:02:02,0.00040020,428.64000000
2018-02-23 10:02:02,0.00040020,27.52000000
2018-02-23 10:02:03,0.00040020,51.44000000
2018-02-23 10:02:03,0.00040020,27.52000000
2018-02-23 10:02:04,0.00040020,263.47000000
2018-02-23 10:02:07,0.00040010,500.00000000
2018-02-23 10:02:07,0.00040000,2283.88000000
2018-02-23 10:02:08,0.00040020,38.94000000
2018-02-23 10:02:10,0.00040010,56.34000000
2018-02-23 10:02:10,0.00040020,2.58000000
2018-02-23 10:02:11,0.00040020,74.91000000
2018-02-23 10:02:11,0.00040020,596.50000000
2018-02-23 10:02:11,0.00040020,34.52000000
2018-02-23 10:02:11,0.00040020,74.92000000
2018-02-23 10:02:11,0.00040020,74.92000000
2018-02-23 10:02:11,0.00040020,74.92000000
2018-02-23 10:02:11,0.00040020,74.92000000
2018-02-23 10:02:11,0.00040020,40.13000000
2018-02-23 10:02:12,0.00040030,211.79000000
2018-02-23 10:02:14,0.00040030,165.11000000
2018-02-23 10:02:14,0.00040030,101.84000000
2018-02-23 10:02:14,0.00040020,119.87000000
2018-02-23 10:02:14,0.00040000,1510.86000000
2018-02-23 10:02:14,0.00040030,143.10000000
2018-02-23 10:02:15,0.00040030,158.05000000
2018-02-23 10:02:16,0.00040030,157.16000000
2018-02-23 10:02:16,0.00040010,70.54000000
2018-02-23 10:02:16,0.00040030,163.35000000
2018-02-23 10:02:17,0.00040030,24.60000000
2018-02-23 10:02:18,0.00040010,124.65000000
2018-02-23 10:02:18,0.00040020,84.52000000
2018-02-23 10:02:18,0.00040010,3.29000000
2018-02-23 10:02:22,0.00040020,74.91000000
2018-02-23 10:02:22,0.00040020,59.83000000
2018-02-23 10:02:22,0.00040010,59.83000000
2018-02-23 10:02:22,0.00040010,199.94000000
2018-02-23 10:02:23,0.00040020,99.76000000
2018-02-23 10:02:25,0.00040020,138.09000000
2018-02-23 10:02:27,0.00040010,28.41000000
2018-02-23 10:02:27,0.00040010,28.41000000
2018-02-23 10:02:27,0.00040010,133.57000000
2018-02-23 10:02:27,0.00040020,80.59000000
2018-02-23 10:02:28,0.00040010,200.25000000
2018-02-23 10:02:28,0.00040010,100.00000000
2018-02-23 10:02:29,0.00040010,885.56000000
2018-02-23 10:02:29,0.00040000,8762.48000000
2018-02-23 10:02:32,0.00040000,500.87000000
2018-02-23 10:02:32,0.00040010,14.19000000
2018-02-23 10:02:33,0.00040010,111.51000000
2018-02-23 10:02:33,0.00040020,182.49000000
2018-02-23 10:02:33,0.00040000,318.35000000
2018-02-23 10:02:34,0.00040000,68.53000000
2018-02-23 10:02:34,0.00040000,787.02000000
2018-02-23 10:02:34,0.00040000,254.29000000
2018-02-23 10:02:35,0.00040010,124.40000000
2018-02-23 10:02:35,0.00040000,10.00000000
2018-02-23 10:02:36,0.00040000,40.55000000
2018-02-23 10:02:37,0.00040000,281.62000000
2018-02-23 10:02:38,0.00040000,103.07000000
2018-02-23 10:02:39,0.00040000,3.08000000
2018-02-23 10:02:39,0.00040000,92.30000000
2018-02-23 10:02:39,0.00040000,20.59000000
2018-02-23 10:02:40,0.00040010,5.47000000
2018-02-23 10:02:40,0.00040000,179.82000000
2018-02-23 10:02:41,0.00040010,517.10000000
2018-02-23 10:02:41,0.00040010,260.76000000
2018-02-23 10:02:41,0.00040010,130.20000000
2018-02-23 10:02:41,0.00040000,942.87000000
2018-02-23 10:02:41,0.00040000,102.48000000
2018-02-23 10:02:41,0.00040010,101.37000000
2018-02-23 10:02:42,0.00040000,234.92000000
2018-02-23 10:02:42,0.00040000,88.88000000
2018-02-23 10:02:42,0.00040000,8.65000000
2018-02-23 10:02:42,0.00040010,129.31000000
2018-02-23 10:02:43,0.00040010,127.06000000
2018-02-23 10:02:43,0.00040010,237.72000000
2018-02-23 10:02:43,0.00040010,111.17000000
2018-02-23 10:02:43,0.00040000,149.95000000
2018-02-23 10:02:44,0.00040010,109.24000000
2018-02-23 10:02:45,0.00040000,5016.79000000
2018-02-23 10:02:45,0.00040000,60.00000000
2018-02-23 10:02:46,0.00040000,133.56000000
2018-02-23 10:02:46,0.00040010,26.31000000
2018-02-23 10:02:46,0.00040010,304.95000000
2018-02-23 10:02:46,0.00040020,75.11000000
2018-02-23 10:02:46,0.00040000,5.00000000
2018-02-23 10:02:46,0.00040000,4.45000000
2018-02-23 10:02:47,0.00040000,20.00000000
2018-02-23 10:02:47,0.00040010,15.14000000
2018-02-23 10:02:53,0.00040000,25.62000000
2018-02-23 10:02:54,0.00040020,15.14000000
2018-02-23 10:02:54,0.00040030,106.45000000
2018-02-23 10:02:54,0.00040010,9.10000000
2018-02-23 10:02:57,0.00040010,53.78000000
2018-02-23 10:02:59,0.00040030,128.44000000
2018-02-23 10:03:00,0.00040010,43.57000000
2018-02-23 10:03:02,0.00040010,144.63000000
2018-02-23 10:03:02,0.00040010,102.67000000
2018-02-23 10:03:04,0.00040010,28.00000000
2018-02-23 10:03:05,0.00040030,104.92000000
2018-02-23 10:03:06,0.00040030,12.06000000
2018-02-23 10:03:07,0.00040020,12.50000000
2018-02-23 10:03:07,0.00040010,439.62000000
2018-02-23 10:03:09,0.00040010,5.99000000
2018-02-23 10:03:10,0.00040010,25.00000000
2018-02-23 10:03:11,0.00040010,121.69000000
2018-02-23 10:03:13,0.00040040,91.06000000
2018-02-23 10:03:13,0.00040020,12.50000000
2018-02-23 10:03:13,0.00040010,37.50000000
2018-02-23 10:03:15,0.00040010,5.37000000
2018-02-23 10:03:15,0.00040040,262.50000000
2018-02-23 10:03:15,0.00040050,60.42000000
2018-02-23 10:03:16,0.00040050,224.57000000
2018-02-23 10:03:17,0.00040020,53.04000000
2018-02-23 10:03:17,0.00040020,4.29000000
2018-02-23 10:03:17,0.00040050,140.89000000
2018-02-23 10:03:17,0.00040050,74.12000000
2018-02-23 10:03:18,0.00040070,24.98000000
2018-02-23 10:03:18,0.00040080,75.12000000
2018-02-23 10:03:18,0.00040090,5.72000000
2018-02-23 10:03:18,0.00040100,27.27000000
2018-02-23 10:03:20,0.00040090,222.86000000
2018-02-23 10:03:21,0.00040050,5.98000000
2018-02-23 10:03:22,0.00040090,51.16000000
2018-02-23 10:03:22,0.00040100,317.23000000
2018-02-23 10:03:22,0.00040100,167.71000000
2018-02-23 10:03:23,0.00040050,216.88000000
2018-02-23 10:03:23,0.00040040,87.87000000
2018-02-23 10:03:23,0.00040030,12.50000000
2018-02-23 10:03:23,0.00040020,72.57000000
2018-02-23 10:03:23,0.00040010,114.86000000
2018-02-23 10:03:23,0.00040100,396.16000000
2018-02-23 10:03:23,0.00040090,26.96000000
2018-02-23 10:03:23,0.00040090,21.05000000
2018-02-23 10:03:23,0.00040090,5.86000000
2018-02-23 10:03:24,0.00040100,94.80000000
2018-02-23 10:03:26,0.00040090,9.64000000
2018-02-23 10:03:26,0.00040090,131.53000000
2018-02-23 10:03:27,0.00040090,4.25000000
2018-02-23 10:03:28,0.00040090,35.70000000
2018-02-23 10:03:31,0.00040090,4.02000000
2018-02-23 10:03:35,0.00040150,5.00000000
2018-02-23 10:03:35,0.00040140,25.00000000
2018-02-23 10:03:35,0.00040150,63.92000000
2018-02-23 10:03:36,0.00040150,74.70000000
2018-02-23 10:03:36,0.00040150,430.13000000
2018-02-23 10:03:36,0.00040150,265.91000000
2018-02-23 10:03:36,0.00040150,26.22000000
2018-02-23 10:03:40,0.00040100,9.82000000
2018-02-23 10:03:41,0.00040090,12.50000000
2018-02-23 10:03:45,0.00040100,11.73000000
2018-02-23 10:03:45,0.00040150,79.40000000
2018-02-23 10:03:49,0.00040100,9.19000000
2018-02-23 10:03:50,0.00040090,567.99000000
2018-02-23 10:03:50,0.00040080,24.95000000
2018-02-23 10:03:51,0.00040050,147.00000000
2018-02-23 10:03:52,0.00040050,637.40000000
2018-02-23 10:03:53,0.00040020,10.59000000
2018-02-23 10:04:02,0.00040050,11.00000000
2018-02-23 10:04:04,0.00040050,4.77000000
2018-02-23 10:04:08,0.00040050,51.67000000
2018-02-23 10:04:10,0.00040050,700.15000000
2018-02-23 10:04:11,0.00040050,133.50000000
2018-02-23 10:04:12,0.00040050,123.08000000
2018-02-23 10:04:12,0.00040050,10.00000000
2018-02-23 10:04:13,0.00040050,100.00000000
2018-02-23 10:04:13,0.00040050,35.00000000
2018-02-23 10:04:14,0.00040080,24.95000000
2018-02-23 10:04:14,0.00040090,11.15000000
2018-02-23 10:04:14,0.00040150,19.04000000
2018-02-23 10:04:14,0.00040170,77.56000000
2018-02-23 10:04:14,0.00040190,37.23000000
2018-02-23 10:04:14,0.00040200,544.87000000
2018-02-23 10:04:14,0.00040210,285.20000000
2018-02-23 10:04:15,0.00040080,45.22000000
2018-02-23 10:04:15,0.00040100,74.81000000
2018-02-23 10:04:15,0.00040100,25.19000000
2018-02-23 10:04:19,0.00040070,5.00000000
2018-02-23 10:04:24,0.00040080,62.00000000
2018-02-23 10:04:24,0.00040080,9.98000000
2018-02-23 10:04:24,0.00040080,50.00000000
2018-02-23 10:04:30,0.00040080,23.24000000
2018-02-23 10:04:32,0.00040140,105.00000000
2018-02-23 10:04:32,0.00040160,158.99000000
2018-02-23 10:04:32,0.00040160,0.01000000
2018-02-23 10:04:32,0.00040160,5.86000000
2018-02-23 10:04:32,0.00040160,29.04000000
2018-02-23 10:04:33,0.00040230,35.00000000
2018-02-23 10:04:33,0.00040160,253.16000000
2018-02-23 10:04:34,0.00040170,27.65000000
2018-02-23 10:04:34,0.00040160,9.19000000
2018-02-23 10:04:35,0.00040160,8.38000000
2018-02-23 10:04:35,0.00040160,50.28000000
2018-02-23 10:04:35,0.00040160,101.43000000
2018-02-23 10:04:35,0.00040160,253.16000000
2018-02-23 10:04:35,0.00040160,246.49000000
2018-02-23 10:04:35,0.00040160,29.86000000
2018-02-23 10:04:39,0.00040160,3.43000000
2018-02-23 10:04:39,0.00040110,24.93000000
2018-02-23 10:04:40,0.00040100,8.87000000
2018-02-23 10:04:40,0.00040100,50.00000000
2018-02-23 10:04:42,0.00040160,105.00000000
2018-02-23 10:04:43,0.00040150,2.00000000
2018-02-23 10:04:45,0.00040150,1.95000000
2018-02-23 10:04:49,0.00040100,74.81000000
2018-02-23 10:04:49,0.00040100,124.47000000
2018-02-23 10:04:49,0.00040100,74.80000000
2018-02-23 10:04:49,0.00040100,74.81000000
2018-02-23 10:04:49,0.00040100,51.14000000
2018-02-23 10:04:56,0.00040090,32.42000000
2018-02-23 10:04:57,0.00040090,26.13000000
2018-02-23 10:04:58,0.00040090,6.79000000
2018-02-23 10:04:58,0.00040080,117.78000000
2018-02-23 10:04:58,0.00040140,25.00000000
2018-02-23 10:05:03,0.00040100,26.75000000
2018-02-23 10:05:10,0.00040100,5.00000000
2018-02-23 10:05:10,0.00040100,100.00000000
2018-02-23 10:05:13,0.00040110,27.65000000
2018-02-23 10:05:13,0.00040120,12.48000000
2018-02-23 10:05:13,0.00040130,28.96000000
2018-02-23 10:05:13,0.00040100,20.60000000
2018-02-23 10:05:15,0.00040100,28.96000000
2018-02-23 10:05:15,0.00040100,44.47000000
2018-02-23 10:05:15,0.00040100,254.28000000
2018-02-23 10:05:15,0.00040100,75.18000000
2018-02-23 10:05:16,0.00040100,100.00000000
2018-02-23 10:05:17,0.00040130,14.62000000
2018-02-23 10:05:18,0.00040100,99.99000000
2018-02-23 10:05:18,0.00040100,26.43000000
2018-02-23 10:05:22,0.00040130,37.35000000
2018-02-23 10:05:22,0.00040140,46.89000000
2018-02-23 10:05:29,0.00040100,40.00000000
2018-02-23 10:05:31,0.00040110,5.01000000
2018-02-23 10:05:35,0.00040130,97.25000000
2018-02-23 10:05:39,0.00040110,27.46000000
2018-02-23 10:05:40,0.00040110,101.13000000
2018-02-23 10:05:42,0.00040130,54.97000000
2018-02-23 10:05:45,0.00040130,64.62000000
2018-02-23 10:05:45,0.00040140,135.26000000
2018-02-23 10:05:51,0.00040130,181.93000000
2018-02-23 10:05:53,0.00040140,650.10000000
2018-02-23 10:05:54,0.00040130,127.30000000
2018-02-23 10:05:57,0.00040130,138.05000000
2018-02-23 10:05:59,0.00040140,29.97000000
2018-02-23 10:06:00,0.00040130,116.40000000
2018-02-23 10:06:03,0.00040130,160.97000000
2018-02-23 10:06:03,0.00040140,118.77000000
2018-02-23 10:06:04,0.00040100,87.77000000
2018-02-23 10:06:04,0.00040090,55.81000000
2018-02-23 10:06:04,0.00040080,45.63000000
2018-02-23 10:06:04,0.00040060,37.36000000
2018-02-23 10:06:04,0.00040050,105.88000000
2018-02-23 10:06:07,0.00040110,15.00000000
2018-02-23 10:06:07,0.00040120,24.93000000
2018-02-23 10:06:07,0.00040130,35.44000000
2018-02-23 10:06:07,0.00040140,30.16000000
2018-02-23 10:06:14,0.00040130,45.74000000
2018-02-23 10:06:16,0.00040120,222.86000000
2018-02-23 10:06:16,0.00040130,568.42000000
2018-02-23 10:06:18,0.00040130,376.62000000
2018-02-23 10:06:18,0.00040130,16.96000000
2018-02-23 10:06:23,0.00040080,237.86000000
2018-02-23 10:06:23,0.00040070,757.85000000
2018-02-23 10:06:23,0.00040050,67.92000000
2018-02-23 10:06:23,0.00040050,106.75000000
2018-02-23 10:06:24,0.00040130,35.84000000
2018-02-23 10:06:26,0.00040120,50.60000000
2018-02-23 10:06:29,0.00040120,100.05000000
2018-02-23 10:06:33,0.00040110,10.00000000
2018-02-23 10:06:33,0.00040120,20.56000000
2018-02-23 10:06:33,0.00040120,66.65000000
2018-02-23 10:06:33,0.00040130,344.35000000
2018-02-23 10:06:34,0.00040130,79.75000000
2018-02-23 10:06:34,0.00040140,2410.91000000
2018-02-23 10:06:35,0.00040110,15.00000000
2018-02-23 10:06:37,0.00040120,15.00000000
2018-02-23 10:06:37,0.00040120,56.01000000
2018-02-23 10:06:40,0.00040120,68.87000000
2018-02-23 10:06:40,0.00040130,274.20000000
2018-02-23 10:06:43,0.00040080,1.00000000
2018-02-23 10:06:45,0.00040100,144.60000000
2018-02-23 10:06:45,0.00040130,158.82000000
2018-02-23 10:06:45,0.00040080,12.00000000
2018-02-23 10:06:52,0.00040090,51.13000000
2018-02-23 10:06:54,0.00040120,12.05000000
2018-02-23 10:06:54,0.00040130,56.59000000
2018-02-23 10:06:55,0.00040130,317.95000000
2018-02-23 10:06:55,0.00040130,33.70000000
2018-02-23 10:07:00,0.00040100,17.00000000
2018-02-23 10:07:01,0.00040110,53.96000000
2018-02-23 10:07:01,0.00040120,10.00000000
2018-02-23 10:07:01,0.00040130,703.36000000
2018-02-23 10:07:01,0.00040140,2009.63000000
2018-02-23 10:07:03,0.00040150,112.00000000
2018-02-23 10:07:05,0.00040150,387.36000000
2018-02-23 10:07:06,0.00040150,8.64000000
2018-02-23 10:07:12,0.00040160,338.81000000
2018-02-23 10:07:14,0.00040150,49.46000000
2018-02-23 10:07:25,0.00040160,61.19000000
2018-02-23 10:07:26,0.00040180,74.65000000
2018-02-23 10:07:26,0.00040180,71.49000000
2018-02-23 10:07:26,0.00040180,33.01000000
2018-02-23 10:07:26,0.00040180,38.27000000
2018-02-23 10:07:29,0.00040180,0.06000000
2018-02-23 10:07:30,0.00040200,64.68000000
2018-02-23 10:07:31,0.00040200,5.78000000
2018-02-23 10:07:37,0.00040210,2.50000000
2018-02-23 10:07:38,0.00040190,432.79000000
2018-02-23 10:07:40,0.00040180,74.66000000
2018-02-23 10:07:41,0.00040180,31.62000000
2018-02-23 10:07:41,0.00040180,71.48000000
2018-02-23 10:07:41,0.00040180,376.14000000
2018-02-23 10:07:43,0.00040190,17.57000000
2018-02-23 10:07:46,0.00040190,26.25000000
2018-02-23 10:07:50,0.00040200,3.88000000
2018-02-23 10:07:50,0.00040210,7.50000000
2018-02-23 10:07:50,0.00040220,3.92000000
2018-02-23 10:07:51,0.00040220,3.82000000
2018-02-23 10:07:53,0.00040220,1.27000000
2018-02-23 10:07:55,0.00040220,108.01000000
2018-02-23 10:07:55,0.00040220,25.26000000
2018-02-23 10:07:58,0.00040220,94.79000000
2018-02-23 10:07:58,0.00040200,108.31000000
2018-02-23 10:08:00,0.00040200,21.14000000
2018-02-23 10:08:00,0.00040200,133.64000000
2018-02-23 10:08:01,0.00040200,279.48000000
2018-02-23 10:08:01,0.00040230,271.61000000
2018-02-23 10:08:05,0.00040230,1343.44000000
2018-02-23 10:08:06,0.00040230,15.58000000
2018-02-23 10:08:08,0.00040240,176.35000000
2018-02-23 10:08:08,0.00040240,851.32000000
2018-02-23 10:08:08,0.00040240,31.41000000
2018-02-23 10:08:09,0.00040240,65.32000000
2018-02-23 10:08:10,0.00040240,285.47000000
2018-02-23 10:08:11,0.00040230,28.71000000
2018-02-23 10:08:11,0.00040240,0.07000000
2018-02-23 10:08:11,0.00040250,24.78000000
2018-02-23 10:08:14,0.00040230,89.54000000
2018-02-23 10:08:14,0.00040250,140.00000000
2018-02-23 10:08:15,0.00040250,0.22000000
2018-02-23 10:08:15,0.00040260,80.48000000
2018-02-23 10:08:16,0.00040260,292.93000000
2018-02-23 10:08:17,0.00040260,110.57000000
2018-02-23 10:08:18,0.00040250,194.98000000
2018-02-23 10:08:18,0.00040260,1076.10000000
2018-02-23 10:08:20,0.00040260,439.92000000
2018-02-23 10:08:20,0.00040260,33.44000000
2018-02-23 10:08:20,0.00040260,33.44000000
2018-02-23 10:08:20,0.00040260,95.31000000
2018-02-23 10:08:20,0.00040260,57.17000000
2018-02-23 10:08:20,0.00040260,5.78000000
2018-02-23 10:08:20,0.00040260,60.43000000
2018-02-23 10:08:20,0.00040220,91.86000000
2018-02-23 10:08:27,0.00040250,5.00000000
2018-02-23 10:08:28,0.00040260,8.30000000
2018-02-23 10:08:29,0.00040260,191.70000000
2018-02-23 10:08:29,0.00040260,171.98000000
2018-02-23 10:08:29,0.00040260,74.56000000
2018-02-23 10:08:29,0.00040260,124.27000000
2018-02-23 10:08:29,0.00040260,74.51000000
2018-02-23 10:08:29,0.00040260,35.45000000
2018-02-23 10:08:29,0.00040260,5.77000000
2018-02-23 10:08:32,0.00040260,14.96000000
2018-02-23 10:08:32,0.00040260,23.69000000
2018-02-23 10:08:32,0.00040250,28.29000000
2018-02-23 10:08:33,0.00040280,4.96000000
2018-02-23 10:08:33,0.00040270,28.00000000
2018-02-23 10:08:33,0.00040280,23.00000000
2018-02-23 10:08:35,0.00040280,27.60000000
2018-02-23 10:08:36,0.00040250,0.01000000
2018-02-23 10:08:36,0.00040230,101.99000000
2018-02-23 10:08:36,0.00040220,8.14000000
2018-02-23 10:08:36,0.00040220,6.90000000
2018-02-23 10:08:38,0.00040220,1.73000000
2018-02-23 10:08:39,0.00040220,19.03000000
2018-02-23 10:08:41,0.00040280,313.76000000
2018-02-23 10:08:41,0.00040280,86.24000000
2018-02-23 10:08:41,0.00040220,74.47000000
2018-02-23 10:08:42,0.00040220,85.33000000
2018-02-23 10:08:44,0.00040220,0.58000000
2018-02-23 10:08:47,0.00040220,14.09000000
2018-02-23 10:08:55,0.00040230,19.02000000
2018-02-23 10:08:55,0.00040230,25.42000000
2018-02-23 10:08:59,0.00040270,24.83000000
2018-02-23 10:09:03,0.00040230,121.59000000
2018-02-23 10:09:05,0.00040230,646.40000000
2018-02-23 10:09:05,0.00040220,53.54000000
2018-02-23 10:09:06,0.00040220,402.53000000
2018-02-23 10:09:12,0.00040220,133.60000000
2018-02-23 10:09:12,0.00040220,208.36000000
2018-02-23 10:09:12,0.00040210,821.61000000
2018-02-23 10:09:22,0.00040240,339.81000000
2018-02-23 10:09:22,0.00040240,101.99000000
2018-02-23 10:09:22,0.00040240,31.26000000
2018-02-23 10:09:25,0.00040240,72.42000000
2018-02-23 10:09:25,0.00040240,250.18000000
2018-02-23 10:09:25,0.00040250,18.25000000
2018-02-23 10:09:28,0.00040250,14.63000000
2018-02-23 10:09:34,0.00040270,5.40000000
2018-02-23 10:09:37,0.00040250,248.05000000
2018-02-23 10:09:39,0.00040260,35.65000000
2018-02-23 10:09:40,0.00040270,83.87000000
2018-02-23 10:09:46,0.00040270,20.00000000
2018-02-23 10:09:46,0.00040270,6.30000000
2018-02-23 10:09:47,0.00040270,6.30000000
2018-02-23 10:09:50,0.00040280,25.00000000
2018-02-23 10:09:51,0.00040280,62.32000000
2018-02-23 10:09:51,0.00040280,74.46000000
2018-02-23 10:09:51,0.00040280,61.99000000
2018-02-23 10:09:51,0.00040280,500.00000000
2018-02-23 10:09:52,0.00040290,710.00000000
2018-02-23 10:09:52,0.00040300,624.50000000
2018-02-23 10:09:52,0.00040300,675.88000000
2018-02-23 10:09:55,0.00040300,912.69000000
2018-02-23 10:09:56,0.00040300,15.08000000
2018-02-23 10:09:56,0.00040300,191.87000000
2018-02-23 10:10:02,0.00040310,143.23000000
2018-02-23 10:10:02,0.00040340,537.54000000
2018-02-23 10:10:02,0.00040360,238.83000000
2018-02-23 10:10:02,0.00040360,761.17000000
2018-02-23 10:10:02,0.00040380,27.11000000
2018-02-23 10:10:02,0.00040390,2097.01000000
2018-02-23 10:10:02,0.00040390,2.52000000
2018-02-23 10:10:02,0.00040390,12.00000000
2018-02-23 10:10:02,0.00040390,11.95000000
2018-02-23 10:10:02,0.00040390,12.00000000
2018-02-23 10:10:02,0.00040390,167.71000000
2018-02-23 10:10:02,0.00040390,12.36000000
2018-02-23 10:10:02,0.00040390,74.27000000
2018-02-23 10:10:02,0.00040390,238.30000000
2018-02-23 10:10:02,0.00040390,50.28000000
2018-02-23 10:10:02,0.00040390,89.44000000
2018-02-23 10:10:02,0.00040390,124.20000000
2018-02-23 10:10:02,0.00040390,10.47000000
2018-02-23 10:10:02,0.00040390,74.27000000
2018-02-23 10:10:03,0.00040390,74.27000000
2018-02-23 10:10:03,0.00040390,93.64000000
2018-02-23 10:10:03,0.00040390,74.27000000
2018-02-23 10:10:03,0.00040390,59.66000000
2018-02-23 10:10:03,0.00040390,31.76000000
2018-02-23 10:10:03,0.00040390,8.85000000
2018-02-23 10:10:03,0.00040390,17.30000000
2018-02-23 10:10:05,0.00040390,537.53000000
2018-02-23 10:10:06,0.00040400,13.94000000
2018-02-23 10:10:08,0.00040390,40.65000000
2018-02-23 10:10:08,0.00040400,400.74000000
2018-02-23 10:10:09,0.00040390,24.31000000
2018-02-23 10:10:09,0.00040390,37.31000000
2018-02-23 10:10:09,0.00040390,24.31000000
2018-02-23 10:10:09,0.00040400,20.92000000
2018-02-23 10:10:09,0.00040410,284.40000000
2018-02-23 10:10:09,0.00040440,275.59000000
2018-02-23 10:10:09,0.00040450,74.00000000
2018-02-23 10:10:09,0.00040460,20.00000000
2018-02-23 10:10:09,0.00040490,282.76000000
2018-02-23 10:10:09,0.00040500,828.76000000
2018-02-23 10:10:09,0.00040500,21.10000000
2018-02-23 10:10:09,0.00040500,29.97000000
2018-02-23 10:10:09,0.00040500,5.64000000
2018-02-23 10:10:09,0.00040500,74.06000000
2018-02-23 10:10:10,0.00040500,5.75000000
2018-02-23 10:10:10,0.00040500,5.75000000
2018-02-23 10:10:10,0.00040500,4.18000000
2018-02-23 10:10:10,0.00040500,10.00000000
2018-02-23 10:10:10,0.00040500,4.36000000
2018-02-23 10:10:10,0.00040500,5.64000000
2018-02-23 10:10:10,0.00040500,5.82000000
2018-02-23 10:10:10,0.00040500,9.82000000
2018-02-23 10:10:10,0.00040500,480.00000000
2018-02-23 10:10:10,0.00040500,10.00000000
2018-02-23 10:10:10,0.00040500,6.67000000
2018-02-23 10:10:10,0.00040500,6.48000000
2018-02-23 10:10:10,0.00040500,52.79000000
2018-02-23 10:10:10,0.00040500,6.67000000
2018-02-23 10:10:10,0.00040500,59.17000000
2018-02-23 10:10:10,0.00040500,854.70000000
2018-02-23 10:10:11,0.00040410,31.21000000
2018-02-23 10:10:11,0.00040420,28.00000000
2018-02-23 10:10:17,0.00040500,59.21000000
2018-02-23 10:10:18,0.00040500,482.10000000
2018-02-23 10:10:18,0.00040450,180.56000000
2018-02-23 10:10:18,0.00040450,244.55000000
2018-02-23 10:10:18,0.00040450,319.37000000
2018-02-23 10:10:18,0.00040450,8.77000000
2018-02-23 10:10:19,0.00040430,28.05000000
2018-02-23 10:10:19,0.00040420,146.67000000
2018-02-23 10:10:19,0.00040410,113.16000000
2018-02-23 10:10:20,0.00040410,24.74000000
2018-02-23 10:10:20,0.00040400,247.51000000
2018-02-23 10:10:21,0.00040400,12.48000000
2018-02-23 10:10:21,0.00040400,4.92000000
2018-02-23 10:10:21,0.00040390,247.51000000
2018-02-23 10:10:21,0.00040400,36.47000000
2018-02-23 10:10:21,0.00040400,56.50000000
2018-02-23 10:10:22,0.00040400,24.43000000
2018-02-23 10:10:22,0.00040390,36.60000000
2018-02-23 10:10:22,0.00040400,70.87000000
2018-02-23 10:10:23,0.00040390,3.00000000
2018-02-23 10:10:23,0.00040360,25.00000000
2018-02-23 10:10:24,0.00040390,82.33000000
2018-02-23 10:10:24,0.00040400,67.65000000
2018-02-23 10:10:25,0.00040330,9.87000000
2018-02-23 10:10:26,0.00040390,25.00000000
2018-02-23 10:10:26,0.00040330,54.13000000
2018-02-23 10:10:27,0.00040310,3.10000000
2018-02-23 10:10:28,0.00040390,12.10000000
2018-02-23 10:10:28,0.00040340,5.00000000
2018-02-23 10:10:30,0.00040390,40.43000000
2018-02-23 10:10:30,0.00040390,33.11000000
2018-02-23 10:10:30,0.00040390,74.36000000
2018-02-23 10:10:30,0.00040390,109.64000000
2018-02-23 10:10:30,0.00040390,15.00000000
2018-02-23 10:10:30,0.00040390,2.72000000
2018-02-23 10:10:30,0.00040390,55.20000000
2018-02-23 10:10:31,0.00040400,33.08000000
2018-02-23 10:10:31,0.00040400,29.00000000
2018-02-23 10:10:31,0.00040400,383.16000000
2018-02-23 10:10:31,0.00040390,62.60000000
2018-02-23 10:10:32,0.00040390,189.60000000
2018-02-23 10:10:32,0.00040470,25.00000000
2018-02-23 10:10:32,0.00040480,239.11000000
2018-02-23 10:10:32,0.00040410,118.83000000
2018-02-23 10:10:32,0.00040410,24.74000000
2018-02-23 10:10:32,0.00040400,27.35000000
2018-02-23 10:10:32,0.00040390,17.42000000
2018-02-23 10:10:33,0.00040390,2.67000000
2018-02-23 10:10:33,0.00040350,33.07000000
2018-02-23 10:10:33,0.00040470,149.28000000
2018-02-23 10:10:33,0.00040480,100.70000000
2018-02-23 10:10:33,0.00040490,147.12000000
2018-02-23 10:10:33,0.00040500,655.90000000
2018-02-23 10:10:33,0.00040360,87.61000000
2018-02-23 10:10:34,0.00040420,27.38000000
2018-02-23 10:10:34,0.00040410,128.70000000
2018-02-23 10:10:34,0.00040420,100.00000000
2018-02-23 10:10:34,0.00040420,21.93000000
2018-02-23 10:10:34,0.00040410,31.42000000
2018-02-23 10:10:35,0.00040410,5.28000000
2018-02-23 10:10:36,0.00040410,7.10000000
2018-02-23 10:10:36,0.00040400,12.90000000
2018-02-23 10:10:37,0.00040400,29.82000000
2018-02-23 10:10:39,0.00040380,217.91000000
2018-02-23 10:10:39,0.00040390,26.48000000
2018-02-23 10:10:40,0.00040390,95.45000000
2018-02-23 10:10:40,0.00040400,71.69000000
2018-02-23 10:10:41,0.00040370,25.20000000
2018-02-23 10:10:41,0.00040350,50.38000000
2018-02-23 10:10:43,0.00040350,28.51000000
2018-02-23 10:10:43,0.00040350,71.64000000
2018-02-23 10:10:46,0.00040350,25.00000000
2018-02-23 10:10:46,0.00040350,12.68000000
2018-02-23 10:10:46,0.00040350,14.14000000
2018-02-23 10:10:47,0.00040350,647.00000000
2018-02-23 10:10:48,0.00040350,51.25000000
2018-02-23 10:10:48,0.00040350,24.80000000
2018-02-23 10:10:49,0.00040370,2.18000000
2018-02-23 10:10:49,0.00040370,162.81000000
2018-02-23 10:10:49,0.00040400,24.77000000
2018-02-23 10:10:49,0.00040370,11.10000000
2018-02-23 10:10:49,0.00040370,11.11000000
2018-02-23 10:10:50,0.00040370,10.47000000
2018-02-23 10:10:50,0.00040370,41.44000000
2018-02-23 10:10:50,0.00040370,41.46000000
2018-02-23 10:10:52,0.00040370,253.44000000
2018-02-23 10:10:54,0.00040370,7.52000000
2018-02-23 10:10:56,0.00040370,12.37000000
2018-02-23 10:10:57,0.00040370,5.00000000
2018-02-23 10:10:58,0.00040380,5.45000000
2018-02-23 10:10:59,0.00040380,6.94000000
2018-02-23 10:10:59,0.00040390,160.22000000
2018-02-23 10:10:59,0.00040400,303.54000000
2018-02-23 10:10:59,0.00040400,160.22000000
2018-02-23 10:11:03,0.00040390,1988.86000000
2018-02-23 10:11:03,0.00040370,481.17000000
2018-02-23 10:11:03,0.00040370,109.51000000
2018-02-23 10:11:03,0.00040400,0.05000000
2018-02-23 10:11:03,0.00040410,95.74000000
2018-02-23 10:11:03,0.00040450,82.29000000
2018-02-23 10:11:04,0.00040390,87.84000000
2018-02-23 10:11:05,0.00040390,281.50000000
2018-02-23 10:11:06,0.00040390,29.01000000
2018-02-23 10:11:06,0.00040380,24.76000000
2018-02-23 10:11:07,0.00040370,6.23000000
2018-02-23 10:11:08,0.00040360,0.01000000
2018-02-23 10:11:12,0.00040390,145.54000000
2018-02-23 10:11:13,0.00040380,29.01000000
2018-02-23 10:11:13,0.00040380,7.48000000
2018-02-23 10:11:14,0.00040380,6.23000000
2018-02-23 10:11:17,0.00040390,315.27000000
2018-02-23 10:11:18,0.00040390,6.19000000
2018-02-23 10:11:18,0.00040380,14.28000000
2018-02-23 10:11:22,0.00040360,55.59000000
2018-02-23 10:11:22,0.00040350,258.97000000
2018-02-23 10:11:23,0.00040350,116.97000000
2018-02-23 10:11:24,0.00040350,196.50000000
2018-02-23 10:11:26,0.00040350,150.00000000
2018-02-23 10:11:26,0.00040370,25.27000000
2018-02-23 10:11:26,0.00040350,133.05000000
2018-02-23 10:11:28,0.00040350,59.06000000
2018-02-23 10:11:28,0.00040350,20.43000000
2018-02-23 10:11:29,0.00040340,338.83000000
2018-02-23 10:11:29,0.00040330,25.00000000
2018-02-23 10:11:29,0.00040310,43.23000000
2018-02-23 10:11:29,0.00040290,87.12000000
2018-02-23 10:11:29,0.00040340,24.93000000
2018-02-23 10:11:31,0.00040370,40.54000000
2018-02-23 10:11:31,0.00040340,13.93000000
2018-02-23 10:11:32,0.00040330,36.00000000
2018-02-23 10:11:33,0.00040350,44.10000000
2018-02-23 10:11:34,0.00040370,68.76000000
2018-02-23 10:11:34,0.00040370,68.72000000
2018-02-23 10:11:35,0.00040330,500.43000000
2018-02-23 10:11:36,0.00040330,74.38000000
2018-02-23 10:11:36,0.00040330,12.40000000
2018-02-23 10:11:36,0.00040330,27.19000000
2018-02-23 10:11:39,0.00040290,12.42000000
2018-02-23 10:11:39,0.00040290,912.55000000
2018-02-23 10:11:39,0.00040260,33.41000000
2018-02-23 10:11:39,0.00040250,151.35000000
2018-02-23 10:11:40,0.00040290,25.09000000
2018-02-23 10:11:40,0.00040290,25.09000000
2018-02-23 10:11:40,0.00040290,9.41000000
2018-02-23 10:11:43,0.00040250,24.85000000
2018-02-23 10:11:43,0.00040240,44.30000000
2018-02-23 10:11:43,0.00040280,463.78000000
2018-02-23 10:11:43,0.00040290,1342.07000000
2018-02-23 10:11:43,0.00040330,630.79000000
2018-02-23 10:11:49,0.00040320,7.44000000
2018-02-23 10:11:52,0.00040270,12.42000000
2018-02-23 10:11:53,0.00040320,17.32000000
2018-02-23 10:11:55,0.00040320,77.05000000
2018-02-23 10:11:55,0.00040300,67.75000000
2018-02-23 10:11:57,0.00040300,74.12000000
2018-02-23 10:11:57,0.00040300,73.42000000
2018-02-23 10:11:57,0.00040300,238.08000000
2018-02-23 10:11:58,0.00040320,34.80000000
2018-02-23 10:11:59,0.00040320,167.09000000
2018-02-23 10:12:00,0.00040330,10.00000000
2018-02-23 10:12:02,0.00040330,25.00000000
2018-02-23 10:12:02,0.00040330,35.00000000
2018-02-23 10:12:07,0.00040330,104.81000000
2018-02-23 10:12:08,0.00040320,9.41000000
2018-02-23 10:12:08,0.00040330,3.37000000
2018-02-23 10:12:08,0.00040320,5.24000000
2018-02-23 10:12:08,0.00040320,35.53000000
2018-02-23 10:12:08,0.00040320,157.13000000
2018-02-23 10:12:08,0.00040330,131.04000000
2018-02-23 10:12:09,0.00040320,263.68000000
2018-02-23 10:12:11,0.00040260,2.55000000
2018-02-23 10:12:11,0.00040250,146.77000000
2018-02-23 10:12:11,0.00040240,12.77000000
2018-02-23 10:12:11,0.00040220,131.12000000
2018-02-23 10:12:11,0.00040210,286.11000000
2018-02-23 10:12:13,0.00040320,138.03000000
2018-02-23 10:12:14,0.00040240,2.24000000
2018-02-23 10:12:14,0.00040260,15.00000000
2018-02-23 10:12:14,0.00040250,24.84000000
2018-02-23 10:12:14,0.00040240,100.19000000
2018-02-23 10:12:14,0.00040230,530.27000000
2018-02-23 10:12:14,0.00040210,56.44000000
2018-02-23 10:12:14,0.00040210,165.23000000
2018-02-23 10:12:14,0.00040210,27.63000000
2018-02-23 10:12:16,0.00040300,46.12000000
2018-02-23 10:12:17,0.00040230,27.22000000
2018-02-23 10:12:17,0.00040230,74.40000000
2018-02-23 10:12:17,0.00040230,98.15000000
2018-02-23 10:12:17,0.00040230,98.16000000
2018-02-23 10:12:17,0.00040230,98.15000000
2018-02-23 10:12:17,0.00040230,98.36000000
2018-02-23 10:12:17,0.00040230,74.41000000
2018-02-23 10:12:17,0.00040230,24.85000000
2018-02-23 10:12:17,0.00040230,74.51000000
2018-02-23 10:12:17,0.00040220,64.83000000
2018-02-23 10:12:17,0.00040220,74.41000000
2018-02-23 10:12:18,0.00040230,5.73000000
2018-02-23 10:12:19,0.00040290,15.35000000
2018-02-23 10:12:20,0.00040220,26.45000000
2018-02-23 10:12:20,0.00040220,194.77000000
2018-02-23 10:12:21,0.00040210,121.93000000
2018-02-23 10:12:22,0.00040260,530.27000000
2018-02-23 10:12:22,0.00040270,15.34000000
2018-02-23 10:12:22,0.00040280,13.23000000
2018-02-23 10:12:22,0.00040280,30.65000000
2018-02-23 10:12:24,0.00040240,2.74000000
2018-02-23 10:12:26,0.00040220,4.57000000
2018-02-23 10:12:26,0.00040220,4.57000000
2018-02-23 10:12:26,0.00040210,4.57000000
2018-02-23 10:12:26,0.00040220,386.38000000
2018-02-23 10:12:26,0.00040210,27.22000000
2018-02-23 10:12:27,0.00040220,27.21000000
2018-02-23 10:12:27,0.00040210,73.46000000
2018-02-23 10:12:27,0.00040230,4.70000000
2018-02-23 10:12:28,0.00040230,3.12000000
2018-02-23 10:12:28,0.00040270,74.19000000
2018-02-23 10:12:28,0.00040280,14.13000000
2018-02-23 10:12:33,0.00040260,13.08000000
2018-02-23 10:12:33,0.00040280,4.15000000
2018-02-23 10:12:33,0.00040290,67.16000000
2018-02-23 10:12:33,0.00040300,32.11000000
2018-02-23 10:12:33,0.00040320,339.81000000
2018-02-23 10:12:33,0.00040330,342.57000000
2018-02-23 10:12:33,0.00040340,8.12000000
2018-02-23 10:12:34,0.00040250,13.08000000
2018-02-23 10:12:34,0.00040220,6.92000000
2018-02-23 10:12:38,0.00040270,24.83000000
2018-02-23 10:12:38,0.00040260,88.17000000
2018-02-23 10:12:38,0.00040250,202.85000000
2018-02-23 10:12:38,0.00040240,79.68000000
2018-02-23 10:12:41,0.00040240,65.48000000
2018-02-23 10:12:41,0.00040280,47.31000000
2018-02-23 10:12:42,0.00040240,194.65000000
2018-02-23 10:12:42,0.00040210,351.72000000
2018-02-23 10:12:42,0.00040200,150.00000000
2018-02-23 10:12:42,0.00040190,196.59000000
2018-02-23 10:12:42,0.00040180,300.00000000
2018-02-23 10:12:42,0.00040170,11.40000000
2018-02-23 10:12:42,0.00040190,2.50000000
2018-02-23 10:12:42,0.00040190,8.23000000
2018-02-23 10:12:44,0.00040260,31.75000000
2018-02-23 10:12:44,0.00040270,69.42000000
2018-02-23 10:12:44,0.00040280,18.63000000
2018-02-23 10:12:46,0.00040210,24.86000000
2018-02-23 10:12:46,0.00040200,27.46000000
2018-02-23 10:12:47,0.00040200,43.81000000
2018-02-23 10:12:50,0.00040230,28.81000000
2018-02-23 10:12:50,0.00040240,15.00000000
2018-02-23 10:12:50,0.00040250,10.00000000
2018-02-23 10:12:50,0.00040190,2.50000000
2018-02-23 10:12:50,0.00040170,309.07000000
2018-02-23 10:12:50,0.00040150,135.00000000
2018-02-23 10:12:50,0.00040150,73.56000000
2018-02-23 10:12:50,0.00040150,73.58000000
2018-02-23 10:12:51,0.00040150,4.19000000
2018-02-23 10:12:51,0.00040150,4.19000000
2018-02-23 10:12:51,0.00040150,73.55000000
2018-02-23 10:12:51,0.00040150,3.10000000
2018-02-23 10:12:51,0.00040150,24.90000000
2018-02-23 10:12:51,0.00040150,6.30000000
2018-02-23 10:12:51,0.00040150,56.47000000
2018-02-23 10:12:51,0.00040150,6.63000000
2018-02-23 10:12:51,0.00040130,15.00000000
2018-02-23 10:12:51,0.00040150,605.30000000
2018-02-23 10:12:51,0.00040150,190.81000000
2018-02-23 10:12:54,0.00040160,15.00000000
2018-02-23 10:12:54,0.00040150,133.16000000
2018-02-23 10:12:55,0.00040150,17.46000000
2018-02-23 10:12:57,0.00040150,37.25000000
2018-02-23 10:12:57,0.00040150,25.90000000
2018-02-23 10:12:58,0.00040150,25.76000000
2018-02-23 10:12:58,0.00040150,25.89000000
2018-02-23 10:12:59,0.00040150,50.76000000
2018-02-23 10:12:59,0.00040130,109.44000000
2018-02-23 10:12:59,0.00040120,866.14000000
2018-02-23 10:12:59,0.00040120,20.45000000
2018-02-23 10:12:59,0.00040120,574.76000000
2018-02-23 10:12:59,0.00040090,9.84000000
2018-02-23 10:12:59,0.00040080,15.92000000
2018-02-23 10:12:59,0.00040080,26.30000000
2018-02-23 10:12:59,0.00040080,20.45000000
2018-02-23 10:12:59,0.00040080,25.51000000
2018-02-23 10:12:59,0.00040080,25.89000000
2018-02-23 10:13:00,0.00040080,12.58000000
2018-02-23 10:13:00,0.00040050,12.85000000
2018-02-23 10:13:00,0.00040050,680.58000000
2018-02-23 10:13:00,0.00040040,320.70000000
2018-02-23 10:13:00,0.00040030,773.28000000
2018-02-23 10:13:00,0.00040090,25.77000000
2018-02-23 10:13:01,0.00040030,352.42000000
2018-02-23 10:13:01,0.00040060,109.44000000
2018-02-23 10:13:01,0.00040040,319.54000000
2018-02-23 10:13:01,0.00040030,362.06000000
2018-02-23 10:13:02,0.00040030,6.78000000
2018-02-23 10:13:04,0.00040030,13.92000000
2018-02-23 10:13:04,0.00040040,26.32000000
2018-02-23 10:13:05,0.00040040,25.92000000
2018-02-23 10:13:05,0.00040040,25.92000000
2018-02-23 10:13:05,0.00040040,73.28000000
2018-02-23 10:13:05,0.00040040,25.82000000
2018-02-23 10:13:06,0.00040120,26.10000000
2018-02-23 10:13:06,0.00040040,25.92000000
2018-02-23 10:13:06,0.00040040,513.87000000
2018-02-23 10:13:06,0.00040040,25.92000000
2018-02-23 10:13:07,0.00040040,25.83000000
2018-02-23 10:13:07,0.00040040,25.79000000
2018-02-23 10:13:07,0.00040040,25.79000000
2018-02-23 10:13:07,0.00040040,25.81000000
2018-02-23 10:13:08,0.00040040,25.70000000
2018-02-23 10:13:08,0.00040040,183.81000000
2018-02-23 10:13:08,0.00040040,25.42000000
2018-02-23 10:13:08,0.00040040,25.37000000
2018-02-23 10:13:09,0.00040040,11.55000000
2018-02-23 10:13:09,0.00040040,25.64000000
2018-02-23 10:13:09,0.00040040,28.57000000
2018-02-23 10:13:09,0.00040030,34.80000000
2018-02-23 10:13:09,0.00040030,25.83000000
2018-02-23 10:13:09,0.00040030,7.62000000
2018-02-23 10:13:09,0.00040020,17.94000000
2018-02-23 10:13:09,0.00040080,107.45000000
2018-02-23 10:13:10,0.00040050,25.53000000
2018-02-23 10:13:10,0.00040070,395.14000000
2018-02-23 10:13:10,0.00040070,135.88000000
2018-02-23 10:13:10,0.00040070,8.03000000
2018-02-23 10:13:10,0.00040050,5.12000000
2018-02-23 10:13:10,0.00040020,20.42000000
2018-02-23 10:13:11,0.00040040,20.38000000
2018-02-23 10:13:11,0.00040040,40.84000000
2018-02-23 10:13:11,0.00040030,40.76000000
2018-02-23 10:13:11,0.00040020,341.87000000
2018-02-23 10:13:11,0.00040020,25.44000000
2018-02-23 10:13:12,0.00040080,141.06000000
2018-02-23 10:13:12,0.00040150,151.53000000
2018-02-23 10:13:12,0.00040020,771.87000000
2018-02-23 10:13:12,0.00040010,1085.03000000
2018-02-23 10:13:13,0.00040030,25.85000000
2018-02-23 10:13:13,0.00040030,26.31000000
2018-02-23 10:13:13,0.00040040,25.83000000
2018-02-23 10:13:14,0.00040050,25.83000000
2018-02-23 10:13:14,0.00040060,25.92000000
2018-02-23 10:13:15,0.00040070,0.86000000
2018-02-23 10:13:15,0.00040070,25.83000000
2018-02-23 10:13:15,0.00040070,25.90000000
2018-02-23 10:13:15,0.00040030,12.50000000
2018-02-23 10:13:15,0.00040010,13.43000000
2018-02-23 10:13:16,0.00040080,25.90000000
2018-02-23 10:13:17,0.00040080,2.06000000
2018-02-23 10:13:17,0.00040050,23.75000000
2018-02-23 10:13:17,0.00040080,27.96000000
2018-02-23 10:13:17,0.00040090,85.46000000
2018-02-23 10:13:17,0.00040050,1176.11000000
2018-02-23 10:13:18,0.00040050,25.83000000
2018-02-23 10:13:18,0.00040070,27.96000000
2018-02-23 10:13:18,0.00040070,17.16000000
2018-02-23 10:13:18,0.00040080,185.14000000
2018-02-23 10:13:18,0.00040080,25.92000000
2018-02-23 10:13:19,0.00040080,25.56000000
2018-02-23 10:13:19,0.00040080,42.72000000
2018-02-23 10:13:20,0.00040080,25.48000000
2018-02-23 10:13:21,0.00040100,2.74000000
2018-02-23 10:13:21,0.00040080,7.65000000
2018-02-23 10:13:21,0.00040100,121.09000000
2018-02-23 10:13:21,0.00040150,24.97000000
2018-02-23 10:13:21,0.00040160,77.80000000
2018-02-23 10:13:21,0.00040200,464.94000000
2018-02-23 10:13:21,0.00040230,311.20000000
2018-02-23 10:13:22,0.00040230,28.14000000
2018-02-23 10:13:23,0.00040130,249.00000000
2018-02-23 10:13:23,0.00040140,24.90000000
2018-02-23 10:13:23,0.00040140,74.72000000
2018-02-23 10:13:23,0.00040140,74.73000000
2018-02-23 10:13:23,0.00040140,74.72000000
2018-02-23 10:13:24,0.00040140,47.68000000
2018-02-23 10:13:24,0.00040150,70.48000000
2018-02-23 10:13:24,0.00040140,27.67000000
2018-02-23 10:13:24,0.00040120,221.33000000
2018-02-23 10:13:25,0.00040130,9.26000000
2018-02-23 10:13:27,0.00040130,72.06000000
2018-02-23 10:13:28,0.00040120,55.34000000
2018-02-23 10:13:28,0.00040130,41.08000000
2018-02-23 10:13:28,0.00040140,10.08000000
2018-02-23 10:13:28,0.00040140,52.59000000
2018-02-23 10:13:29,0.00040130,52.59000000
2018-02-23 10:13:32,0.00040140,10.11000000
2018-02-23 10:13:32,0.00040150,22.89000000
2018-02-23 10:13:33,0.00040150,20.60000000
2018-02-23 10:13:33,0.00040220,27.67000000
2018-02-23 10:13:33,0.00040230,0.47000000
2018-02-23 10:13:33,0.00040270,31.64000000
2018-02-23 10:13:34,0.00040140,5.01000000
2018-02-23 10:13:42,0.00040230,5.01000000
2018-02-23 10:13:42,0.00040240,20.99000000
2018-02-23 10:13:43,0.00040220,100.00000000
2018-02-23 10:13:43,0.00040240,563.18000000
2018-02-23 10:13:43,0.00040260,163.22000000
2018-02-23 10:13:44,0.00040260,0.60000000
2018-02-23 10:13:44,0.00040260,19.18000000
2018-02-23 10:13:44,0.00040270,192.68000000
2018-02-23 10:13:49,0.00040220,12.50000000
2018-02-23 10:13:49,0.00040230,774.00000000
2018-02-23 10:13:49,0.00040230,115.00000000
2018-02-23 10:13:49,0.00040230,24.85000000
2018-02-23 10:13:52,0.00040220,27.95000000
2018-02-23 10:13:52,0.00040220,5.86000000
2018-02-23 10:13:56,0.00040210,19.00000000
2018-02-23 10:13:57,0.00040220,10.00000000
2018-02-23 10:13:57,0.00040230,656.86000000
2018-02-23 10:13:57,0.00040230,68.64000000
2018-02-23 10:13:57,0.00040230,9.83000000
2018-02-23 10:13:57,0.00040230,8.42000000
2018-02-23 10:13:58,0.00040230,35.68000000
2018-02-23 10:13:58,0.00040230,35.68000000
2018-02-23 10:13:59,0.00040240,167.11000000
2018-02-23 10:14:01,0.00040230,248.13000000
2018-02-23 10:14:02,0.00040230,28.12000000
2018-02-23 10:14:05,0.00040230,369.92000000
2018-02-23 10:14:09,0.00040200,81.66000000
2018-02-23 10:14:10,0.00040230,34.46000000
2018-02-23 10:14:12,0.00040190,12.45000000
2018-02-23 10:14:12,0.00040180,339.81000000
2018-02-23 10:14:12,0.00040170,1592.10000000
2018-02-23 10:14:12,0.00040170,212.27000000
2018-02-23 10:14:15,0.00040170,22.69000000
2018-02-23 10:14:16,0.00040180,12.45000000
2018-02-23 10:14:16,0.00040170,1110.57000000
2018-02-23 10:14:17,0.00040200,137.98000000
2018-02-23 10:14:17,0.00040220,219.92000000
2018-02-23 10:14:17,0.00040230,57.55000000
2018-02-23 10:14:18,0.00040170,5.80000000
2018-02-23 10:14:19,0.00040170,219.92000000
2018-02-23 10:14:20,0.00040170,40.58000000
2018-02-23 10:14:22,0.00040170,12.45000000
2018-02-23 10:14:22,0.00040170,1403.63000000
2018-02-23 10:14:24,0.00040170,1943.16000000
2018-02-23 10:14:24,0.00040170,249.06000000
2018-02-23 10:14:24,0.00040160,24.90000000
2018-02-23 10:14:24,0.00040150,672.18000000
2018-02-23 10:14:26,0.00040170,401.93000000
2018-02-23 10:14:27,0.00040150,609.09000000
2018-02-23 10:14:29,0.00040150,34.17000000
2018-02-23 10:14:30,0.00040120,5.70000000
2018-02-23 10:14:31,0.00040150,117.00000000
2018-02-23 10:14:31,0.00040150,587.97000000
2018-02-23 10:14:34,0.00040160,121.04000000
2018-02-23 10:14:40,0.00040170,58.08000000
2018-02-23 10:14:41,0.00040160,291.40000000
2018-02-23 10:14:42,0.00040160,212.20000000
2018-02-23 10:14:43,0.00040150,167.95000000
2018-02-23 10:14:43,0.00040150,53.54000000
2018-02-23 10:14:48,0.00040150,50.96000000
2018-02-23 10:14:50,0.00040150,38.73000000
2018-02-23 10:14:50,0.00040160,3.89000000
2018-02-23 10:14:50,0.00040150,2.00000000
2018-02-23 10:14:51,0.00040150,7.41000000
2018-02-23 10:14:52,0.00040150,67.12000000
2018-02-23 10:14:54,0.00040150,202.54000000
2018-02-23 10:14:57,0.00040150,2.00000000
2018-02-23 10:15:01,0.00040150,30.56000000
2018-02-23 10:15:06,0.00040150,2.00000000
2018-02-23 10:15:11,0.00040150,87.60000000
2018-02-23 10:15:15,0.00040140,38.00000000
2018-02-23 10:15:15,0.00040120,114.95000000
2018-02-23 10:15:15,0.00040150,91.74000000
2018-02-23 10:15:16,0.00040150,74.68000000
2018-02-23 10:15:18,0.00040120,865.88000000
2018-02-23 10:15:18,0.00040150,74.05000000
2018-02-23 10:15:19,0.00040120,2.00000000
2018-02-23 10:15:21,0.00040140,38.00000000
2018-02-23 10:15:21,0.00040150,37.96000000
2018-02-23 10:15:23,0.00040140,8.99000000
2018-02-23 10:15:23,0.00040140,6.10000000
2018-02-23 10:15:25,0.00040140,22.91000000
2018-02-23 10:15:33,0.00040140,300.00000000
2018-02-23 10:15:34,0.00040140,90.01000000
2018-02-23 10:15:34,0.00040140,230.96000000
2018-02-23 10:15:34,0.00040120,11.47000000
2018-02-23 10:15:34,0.00040070,123.10000000
2018-02-23 10:15:34,0.00040060,36.40000000
2018-02-23 10:15:34,0.00040090,24.94000000
2018-02-23 10:15:34,0.00040090,24.94000000
2018-02-23 10:15:34,0.00040090,5.39000000
2018-02-23 10:15:35,0.00040090,2.40000000
2018-02-23 10:15:36,0.00040070,123.10000000
2018-02-23 10:15:36,0.00040090,96.82000000
2018-02-23 10:15:42,0.00040090,98.34000000
2018-02-23 10:15:42,0.00040140,385.14000000
2018-02-23 10:15:42,0.00040150,53.30000000
2018-02-23 10:15:42,0.00040160,392.86000000
2018-02-23 10:15:42,0.00040190,2169.03000000
2018-02-23 10:15:42,0.00040200,1901.33000000
2018-02-23 10:15:56,0.00040110,15.00000000
2018-02-23 10:15:57,0.00040100,2.19000000
2018-02-23 10:15:57,0.00040170,15.00000000
2018-02-23 10:15:57,0.00040180,6.87000000
2018-02-23 10:16:03,0.00040160,18.03000000
2018-02-23 10:16:03,0.00040170,36.93000000
2018-02-23 10:16:03,0.00040180,521.14000000
2018-02-23 10:16:03,0.00040180,1.62000000
2018-02-23 10:16:08,0.00040160,100.00000000
2018-02-23 10:16:08,0.00040160,67.91000000
2018-02-23 10:16:08,0.00040170,14.35000000
2018-02-23 10:16:08,0.00040160,99.02000000
2018-02-23 10:16:09,0.00040160,40.09000000
2018-02-23 10:16:10,0.00040160,18.49000000
2018-02-23 10:16:11,0.00040160,12.45000000
2018-02-23 10:16:11,0.00040160,12.44000000
2018-02-23 10:16:12,0.00040160,49.60000000
2018-02-23 10:16:18,0.00040150,21.30000000
2018-02-23 10:16:18,0.00040160,194.31000000
2018-02-23 10:16:18,0.00040170,8.39000000
2018-02-23 10:16:19,0.00040130,50.00000000
2018-02-23 10:16:20,0.00040130,8.00000000
2018-02-23 10:16:34,0.00040160,24.90000000
2018-02-23 10:16:36,0.00040160,24.90000000
2018-02-23 10:16:39,0.00040150,13.19000000
2018-02-23 10:16:46,0.00040150,44.73000000
2018-02-23 10:16:49,0.00040140,173.82000000
2018-02-23 10:16:51,0.00040140,63.13000000
2018-02-23 10:16:53,0.00040140,46.49000000
2018-02-23 10:16:54,0.00040150,20.39000000
2018-02-23 10:16:55,0.00040140,68.17000000
2018-02-23 10:16:55,0.00040140,38.54000000
2018-02-23 10:16:58,0.00040140,36.46000000
2018-02-23 10:17:03,0.00040140,7.14000000
2018-02-23 10:17:05,0.00040150,25.00000000
2018-02-23 10:17:06,0.00040140,87.75000000
2018-02-23 10:17:16,0.00040130,232.57000000
2018-02-23 10:17:16,0.00040120,24.92000000
2018-02-23 10:17:16,0.00040080,108.57000000
2018-02-23 10:17:16,0.00040070,179.29000000
2018-02-23 10:17:16,0.00040060,262.34000000
2018-02-23 10:17:16,0.00040060,765.26000000
2018-02-23 10:17:17,0.00040060,15.56000000
2018-02-23 10:17:17,0.00040060,24.96000000
2018-02-23 10:17:17,0.00040060,15.55000000
2018-02-23 10:17:17,0.00040060,8.85000000
2018-02-23 10:17:17,0.00040060,8.85000000
2018-02-23 10:17:17,0.00040060,24.96000000
2018-02-23 10:17:17,0.00040060,15.58000000
2018-02-23 10:17:17,0.00040060,5.32000000
2018-02-23 10:17:17,0.00040060,15.55000000
2018-02-23 10:17:21,0.00040070,184.00000000
2018-02-23 10:17:21,0.00040060,3.54000000
2018-02-23 10:17:21,0.00040040,55.48000000
2018-02-23 10:17:26,0.00040100,28.40000000
2018-02-23 10:17:27,0.00040100,2.68000000
2018-02-23 10:17:27,0.00040040,244.32000000
2018-02-23 10:17:27,0.00040040,302.26000000
2018-02-23 10:17:27,0.00040100,14.28000000
2018-02-23 10:17:27,0.00040110,107.14000000
2018-02-23 10:17:29,0.00040110,30.33000000
2018-02-23 10:17:30,0.00040110,10.11000000
2018-02-23 10:17:32,0.00040100,5.00000000
2018-02-23 10:17:32,0.00040110,72.34000000
2018-02-23 10:17:32,0.00040120,442.44000000
2018-02-23 10:17:32,0.00040140,52.04000000
2018-02-23 10:17:32,0.00040150,19.21000000
2018-02-23 10:17:32,0.00040160,115.78000000
2018-02-23 10:17:32,0.00040170,77.86000000
2018-02-23 10:17:33,0.00040170,20.88000000
2018-02-23 10:17:34,0.00040170,37.81000000
2018-02-23 10:17:34,0.00040170,82.82000000
2018-02-23 10:17:37,0.00040110,3.38000000
2018-02-23 10:17:41,0.00040150,24.93000000
2018-02-23 10:17:53,0.00040150,21.77000000
2018-02-23 10:18:03,0.00040130,32.00000000
2018-02-23 10:18:06,0.00040110,229.01000000
2018-02-23 10:18:06,0.00040100,46.99000000
2018-02-23 10:18:07,0.00040100,53.28000000
2018-02-23 10:18:07,0.00040070,55.00000000
2018-02-23 10:18:07,0.00040050,220.80000000
2018-02-23 10:18:07,0.00040040,80.78000000
2018-02-23 10:18:07,0.00040030,590.14000000
2018-02-23 10:18:08,0.00040110,15.00000000
2018-02-23 10:18:08,0.00040100,24.97000000
2018-02-23 10:18:09,0.00040120,114.89000000
2018-02-23 10:18:10,0.00040050,15.00000000
2018-02-23 10:18:10,0.00040040,138.35000000
2018-02-23 10:18:10,0.00040040,24.45000000
2018-02-23 10:18:10,0.00040040,29.33000000
2018-02-23 10:18:10,0.00040040,29.34000000
2018-02-23 10:18:10,0.00040040,23.16000000
2018-02-23 10:18:10,0.00040040,29.41000000
2018-02-23 10:18:10,0.00040040,4.88000000
2018-02-23 10:18:10,0.00040040,29.34000000
2018-02-23 10:18:10,0.00040040,24.45000000
2018-02-23 10:18:10,0.00040040,4.88000000
2018-02-23 10:18:10,0.00040040,4.86000000
2018-02-23 10:18:10,0.00040040,41.31000000
2018-02-23 10:18:10,0.00040030,29.33000000
2018-02-23 10:18:10,0.00040040,36.43000000
2018-02-23 10:18:10,0.00040030,41.31000000
2018-02-23 10:18:10,0.00040040,22.83000000
2018-02-23 10:18:10,0.00040030,15.00000000
2018-02-23 10:18:10,0.00040040,1769.74000000
2018-02-23 10:18:10,0.00040030,4.88000000
2018-02-23 10:18:11,0.00040060,12.49000000
2018-02-23 10:18:11,0.00040030,110.86000000
2018-02-23 10:18:12,0.00040040,27.78000000
2018-02-23 10:18:12,0.00040030,147.07000000
2018-02-23 10:18:12,0.00040020,1390.62000000
2018-02-23 10:18:12,0.00040010,1618.37000000
2018-02-23 10:18:13,0.00040100,235.26000000
2018-02-23 10:18:13,0.00040110,32.92000000
2018-02-23 10:18:13,0.00040120,224.92000000
2018-02-23 10:18:13,0.00040140,8.99000000
2018-02-23 10:18:15,0.00040100,6.00000000
2018-02-23 10:18:15,0.00040110,27.78000000
2018-02-23 10:18:15,0.00040120,24.98000000
2018-02-23 10:18:15,0.00040140,91.01000000
2018-02-23 10:18:15,0.00040150,382.23000000
2018-02-23 10:18:18,0.00040100,243.76000000
2018-02-23 10:18:19,0.00040100,50.00000000
2018-02-23 10:18:19,0.00040090,4.57000000
2018-02-23 10:18:20,0.00040090,133.47000000
2018-02-23 10:18:20,0.00040070,12.48000000
2018-02-23 10:18:20,0.00040060,11.07000000
2018-02-23 10:18:20,0.00040040,224.92000000
2018-02-23 10:18:20,0.00040020,9.87000000
2018-02-23 10:18:20,0.00040010,2822.86000000
2018-02-23 10:18:20,0.00040100,24.93000000
2018-02-23 10:18:21,0.00040030,28.41000000
2018-02-23 10:18:21,0.00040020,148.33000000
2018-02-23 10:18:21,0.00040010,4610.75000000
2018-02-23 10:18:22,0.00040090,28.41000000
2018-02-23 10:18:22,0.00040100,171.16000000
2018-02-23 10:18:22,0.00040100,38.36000000
2018-02-23 10:18:22,0.00040100,14.58000000
2018-02-23 10:18:22,0.00040020,14.58000000
2018-02-23 10:18:26,0.00040020,123.35000000
2018-02-23 10:18:26,0.00040020,112.38000000
2018-02-23 10:18:26,0.00040010,623.16000000
2018-02-23 10:18:27,0.00040030,1.31000000
2018-02-23 10:18:27,0.00040030,13.27000000
2018-02-23 10:18:28,0.00040030,13.27000000
2018-02-23 10:18:28,0.00040020,240.10000000
2018-02-23 10:18:28,0.00040020,25.66000000
2018-02-23 10:18:29,0.00040020,214.44000000
2018-02-23 10:18:29,0.00040010,1744.73000000
2018-02-23 10:18:29,0.00040000,2588.24000000
2018-02-23 10:18:29,0.00040000,126.96000000
2018-02-23 10:18:29,0.00040000,1546.03000000
2018-02-23 10:18:31,0.00040010,27.64000000
2018-02-23 10:18:31,0.00040000,1222.36000000
2018-02-23 10:18:31,0.00040000,1554.00000000
2018-02-23 10:18:33,0.00040000,482.10000000
2018-02-23 10:18:34,0.00040000,407.11000000
2018-02-23 10:18:34,0.00040000,1564.95000000
2018-02-23 10:18:35,0.00040000,33.00000000
2018-02-23 10:18:35,0.00040020,34.13000000
2018-02-23 10:18:35,0.00040000,107.15000000
2018-02-23 10:18:36,0.00040000,700.38000000
2018-02-23 10:18:36,0.00040000,235.73000000
2018-02-23 10:18:36,0.00040020,3.51000000
2018-02-23 10:18:36,0.00040030,6.49000000
2018-02-23 10:18:36,0.00040000,176.45000000
2018-02-23 10:18:36,0.00040000,629.94000000
2018-02-23 10:18:37,0.00040000,930.57000000
2018-02-23 10:18:37,0.00040000,499.56000000
2018-02-23 10:18:38,0.00040000,11.47000000
2018-02-23 10:18:38,0.00040000,4279.69000000
2018-02-23 10:18:38,0.00040010,395.74000000
2018-02-23 10:18:38,0.00040000,19607.10000000
2018-02-23 10:18:38,0.00040000,290.21000000
2018-02-23 10:18:39,0.00040000,2652.17000000
2018-02-23 10:18:39,0.00040000,1490.68000000
2018-02-23 10:18:39,0.00040000,771.68000000
2018-02-23 10:18:39,0.00040000,388.08000000
2018-02-23 10:18:39,0.00040000,193.81000000
2018-02-23 10:18:40,0.00040000,1432.20000000
2018-02-23 10:18:40,0.00040000,353.96000000
2018-02-23 10:18:40,0.00039980,258.61000000
2018-02-23 10:18:40,0.00039980,55.40000000
2018-02-23 10:18:40,0.00039980,6.52000000
2018-02-23 10:18:40,0.00039980,12.40000000
2018-02-23 10:18:40,0.00039980,6.52000000
2018-02-23 10:18:40,0.00039980,12.57000000
2018-02-23 10:18:40,0.00039980,12.56000000
2018-02-23 10:18:40,0.00039980,27.01000000
2018-02-23 10:18:40,0.00039980,7.87000000
2018-02-23 10:18:40,0.00039980,7.87000000
2018-02-23 10:18:41,0.00039960,27.01000000
2018-02-23 10:18:41,0.00039960,5.50000000
2018-02-23 10:18:41,0.00039950,60.00000000
2018-02-23 10:18:41,0.00039930,7.80000000
2018-02-23 10:18:41,0.00039910,198.33000000
2018-02-23 10:18:41,0.00039900,31.94000000
2018-02-23 10:18:41,0.00039950,20.00000000
2018-02-23 10:18:41,0.00039900,7.87000000
2018-02-23 10:18:41,0.00039950,20.00000000
2018-02-23 10:18:41,0.00039900,41.77000000
2018-02-23 10:18:41,0.00039950,14.00000000
2018-02-23 10:18:41,0.00039900,14.00000000
2018-02-23 10:18:41,0.00039910,123.35000000
2018-02-23 10:18:41,0.00039890,11.66000000
2018-02-23 10:18:41,0.00039860,64.00000000
2018-02-23 10:18:41,0.00039840,1.22000000
2018-02-23 10:18:42,0.00039900,27.72000000
2018-02-23 10:18:43,0.00039890,75.14000000
2018-02-23 10:18:43,0.00039890,48.21000000
2018-02-23 10:18:43,0.00039890,47.55000000
2018-02-23 10:18:43,0.00039840,27.59000000
2018-02-23 10:18:45,0.00039890,26.60000000
2018-02-23 10:18:45,0.00039890,26.60000000
2018-02-23 10:18:45,0.00039890,26.60000000
2018-02-23 10:18:45,0.00039840,25.08000000
2018-02-23 10:18:46,0.00039880,5.03000000
2018-02-23 10:18:46,0.00039880,6.56000000
2018-02-23 10:18:47,0.00039800,8.76000000
2018-02-23 10:18:47,0.00039780,11.62000000
2018-02-23 10:18:47,0.00039800,5.50000000
2018-02-23 10:18:47,0.00039800,6.54000000
2018-02-23 10:18:47,0.00039800,6.58000000
2018-02-23 10:18:47,0.00039800,6.54000000
2018-02-23 10:18:47,0.00039800,6.53000000
2018-02-23 10:18:47,0.00039800,6.53000000
2018-02-23 10:18:47,0.00039800,25.12000000
2018-02-23 10:18:47,0.00039800,62.67000000
2018-02-23 10:18:47,0.00039800,62.68000000
2018-02-23 10:18:47,0.00039800,62.73000000
2018-02-23 10:18:47,0.00039800,62.68000000
2018-02-23 10:18:48,0.00039800,25.11000000
2018-02-23 10:18:48,0.00039780,6.53000000
2018-02-23 10:18:48,0.00039800,25.87000000
2018-02-23 10:18:48,0.00039800,6.57000000
2018-02-23 10:18:48,0.00039760,25.00000000
2018-02-23 10:18:48,0.00039750,7.55000000
2018-02-23 10:18:48,0.00039720,286.63000000
2018-02-23 10:18:49,0.00039780,24.98000000
2018-02-23 10:18:49,0.00039790,16.13000000
2018-02-23 10:18:49,0.00039800,321.95000000
2018-02-23 10:18:49,0.00039840,92.33000000
2018-02-23 10:18:50,0.00039760,46.14000000
2018-02-23 10:18:50,0.00039760,28.86000000
2018-02-23 10:18:50,0.00039760,18.00000000
2018-02-23 10:18:51,0.00039760,18.15000000
2018-02-23 10:18:51,0.00039780,27.76000000
2018-02-23 10:18:51,0.00039770,25.14000000
2018-02-23 10:18:51,0.00039760,37.02000000
2018-02-23 10:18:52,0.00039760,52.77000000
2018-02-23 10:18:52,0.00039740,123.35000000
2018-02-23 10:18:52,0.00039720,299.70000000
2018-02-23 10:18:53,0.00039730,11.16000000
2018-02-23 10:18:53,0.00039700,8.94000000
2018-02-23 10:18:53,0.00039680,79.80000000
2018-02-23 10:18:53,0.00039670,64.00000000
2018-02-23 10:18:53,0.00039660,8.82000000
2018-02-23 10:18:53,0.00039650,6.30000000
2018-02-23 10:18:53,0.00039640,42.98000000
2018-02-23 10:18:54,0.00039740,45.69000000
2018-02-23 10:18:54,0.00039730,21.86000000
2018-02-23 10:18:54,0.00039720,302.11000000
2018-02-23 10:18:54,0.00039640,11.72000000
2018-02-23 10:18:54,0.00039630,9.95000000
2018-02-23 10:18:54,0.00039620,97.49000000
2018-02-23 10:18:54,0.00039610,556.87000000
2018-02-23 10:18:54,0.00039740,54.11000000
2018-02-23 10:18:54,0.00039740,251.63000000
2018-02-23 10:18:54,0.00039740,25.16000000
2018-02-23 10:18:54,0.00039740,76.44000000
2018-02-23 10:18:54,0.00039740,56.97000000
2018-02-23 10:18:55,0.00039740,25.16000000
2018-02-23 10:18:55,0.00039720,56.56000000
2018-02-23 10:18:55,0.00039720,25.17000000
2018-02-23 10:18:55,0.00039720,25.17000000
2018-02-23 10:18:55,0.00039720,56.56000000
2018-02-23 10:18:55,0.00039720,18.38000000
2018-02-23 10:18:55,0.00039720,56.56000000
2018-02-23 10:18:55,0.00039720,13.98000000
2018-02-23 10:18:55,0.00039720,21.30000000
2018-02-23 10:18:55,0.00039640,18.38000000
2018-02-23 10:18:55,0.00039640,14.59000000
2018-02-23 10:18:55,0.00039720,1.19000000
2018-02-23 10:18:56,0.00039720,5.38000000
2018-02-23 10:18:56,0.00039710,51.43000000
2018-02-23 10:18:56,0.00039710,18.35000000
2018-02-23 10:18:56,0.00039710,35.61000000
2018-02-23 10:18:56,0.00039620,28.80000000
2018-02-23 10:18:56,0.00039710,3.34000000
2018-02-23 10:18:57,0.00039700,25.14000000
2018-02-23 10:18:57,0.00039710,26.22000000
2018-02-23 10:18:57,0.00039710,10.00000000
2018-02-23 10:18:57,0.00039700,243.69000000
2018-02-23 10:18:57,0.00039700,5.20000000
2018-02-23 10:18:58,0.00039700,550.92000000
2018-02-23 10:18:58,0.00039700,393.53000000
2018-02-23 10:18:58,0.00039710,95.30000000
2018-02-23 10:18:58,0.00039700,28.80000000
2018-02-23 10:18:58,0.00039710,9.07000000
2018-02-23 10:18:59,0.00039700,121.76000000
2018-02-23 10:18:59,0.00039620,123.35000000
2018-02-23 10:18:59,0.00039610,11.28000000
2018-02-23 10:18:59,0.00039610,39.29000000
2018-02-23 10:18:59,0.00039610,39.29000000
2018-02-23 10:18:59,0.00039610,75.73000000
2018-02-23 10:18:59,0.00039610,378.69000000
2018-02-23 10:18:59,0.00039610,14.68000000
2018-02-23 10:18:59,0.00039610,14.68000000
2018-02-23 10:18:59,0.00039610,34.54000000
2018-02-23 10:18:59,0.00039600,14.68000000
2018-02-23 10:18:59,0.00039610,179.64000000
2018-02-23 10:18:59,0.00039600,5.02000000
2018-02-23 10:18:59,0.00039560,34.98000000
2018-02-23 10:18:59,0.00039600,75.70000000
2018-02-23 10:18:59,0.00039600,47.65000000
2018-02-23 10:19:00,0.00039610,10.09000000
2018-02-23 10:19:00,0.00039610,158.99000000
2018-02-23 10:19:00,0.00039600,20.00000000
2018-02-23 10:19:01,0.00039600,9.84000000
2018-02-23 10:19:02,0.00039600,45.86000000
2018-02-23 10:19:02,0.00039590,47.65000000
2018-02-23 10:19:02,0.00039560,16.33000000
2018-02-23 10:19:02,0.00039560,359.91000000
2018-02-23 10:19:02,0.00039560,25.27000000
2018-02-23 10:19:02,0.00039560,20.13000000
2018-02-23 10:19:02,0.00039560,45.42000000
2018-02-23 10:19:02,0.00039560,20.15000000
2018-02-23 10:19:02,0.00039560,45.42000000
2018-02-23 10:19:02,0.00039560,43.04000000
2018-02-23 10:19:02,0.00039560,25.27000000
2018-02-23 10:19:02,0.00039560,4.52000000
2018-02-23 10:19:03,0.00039560,20.13000000
2018-02-23 10:19:03,0.00039610,50.45000000
2018-02-23 10:19:03,0.00039570,631.79000000
2018-02-23 10:19:03,0.00039560,18.35000000
2018-02-23 10:19:03,0.00039550,127.33000000
2018-02-23 10:19:03,0.00039550,5.74000000
2018-02-23 10:19:04,0.00039600,145.54000000
2018-02-23 10:19:05,0.00039600,154.34000000
2018-02-23 10:19:06,0.00039600,23.11000000
2018-02-23 10:19:06,0.00039610,688.80000000
2018-02-23 10:19:06,0.00039550,6.56000000
2018-02-23 10:19:06,0.00039550,0.01000000
2018-02-23 10:19:06,0.00039540,5.31000000
2018-02-23 10:19:06,0.00039520,1.25000000
2018-02-23 10:19:06,0.00039520,6.43000000
2018-02-23 10:19:06,0.00039520,75.91000000
2018-02-23 10:19:06,0.00039520,4.41000000
2018-02-23 10:19:06,0.00039550,6.58000000
2018-02-23 10:19:06,0.00039600,298.92000000
2018-02-23 10:19:06,0.00039610,865.24000000
2018-02-23 10:19:06,0.00039610,13.20000000
2018-02-23 10:19:07,0.00039610,171.52000000
2018-02-23 10:19:07,0.00039620,252.37000000
2018-02-23 10:19:07,0.00039610,6.89000000
2018-02-23 10:19:07,0.00039610,198.27000000
2018-02-23 10:19:07,0.00039530,10.00000000
2018-02-23 10:19:07,0.00039530,15.29000000
2018-02-23 10:19:07,0.00039520,31.56000000
2018-02-23 10:19:07,0.00039500,58.15000000
2018-02-23 10:19:07,0.00039500,176.48000000
2018-02-23 10:19:07,0.00039500,480.56000000
2018-02-23 10:19:07,0.00039500,49.94000000
2018-02-23 10:19:07,0.00039580,5.30000000
2018-02-23 10:19:08,0.00039490,3.79000000
2018-02-23 10:19:08,0.00039490,46.15000000
2018-02-23 10:19:08,0.00039480,26.00000000
2018-02-23 10:19:08,0.00039480,74.45000000
2018-02-23 10:19:08,0.00039480,46.15000000
2018-02-23 10:19:08,0.00039480,43.75000000
2018-02-23 10:19:08,0.00039480,43.72000000
2018-02-23 10:19:08,0.00039480,13.00000000
2018-02-23 10:19:09,0.00039500,3.78000000
2018-02-23 10:19:09,0.00039470,67.97000000
2018-02-23 10:19:09,0.00039470,6.48000000
2018-02-23 10:19:09,0.00039470,51.89000000
2018-02-23 10:19:09,0.00039450,75.88000000
2018-02-23 10:19:09,0.00039430,62.55000000
2018-02-23 10:19:09,0.00039500,21.51000000
2018-02-23 10:19:09,0.00039560,25.24000000
2018-02-23 10:19:10,0.00039500,21.51000000
2018-02-23 10:19:10,0.00039490,6.57000000
2018-02-23 10:19:10,0.00039430,47.44000000
2018-02-23 10:19:10,0.00039420,9.45000000
2018-02-23 10:19:10,0.00039410,217.53000000
2018-02-23 10:19:10,0.00039400,47.50000000
2018-02-23 10:19:10,0.00039410,3.91000000
2018-02-23 10:19:10,0.00039500,151.12000000
2018-02-23 10:19:10,0.00039560,2.52000000
2018-02-23 10:19:10,0.00039570,7.42000000
2018-02-23 10:19:11,0.00039450,25.34000000
2018-02-23 10:19:11,0.00039440,43.58000000
2018-02-23 10:19:11,0.00039570,9.92000000
2018-02-23 10:19:11,0.00039570,2.74000000
2018-02-23 10:19:14,0.00039550,68.92000000
2018-02-23 10:19:15,0.00039570,25.27000000
2018-02-23 10:19:15,0.00039570,76.93000000
2018-02-23 10:19:15,0.00039590,142.21000000
2018-02-23 10:19:15,0.00039600,10.95000000
2018-02-23 10:19:15,0.00039490,151.89000000
2018-02-23 10:19:16,0.00039500,253.16000000
2018-02-23 10:19:16,0.00039500,124.39000000
2018-02-23 10:19:16,0.00039490,257.07000000
2018-02-23 10:19:16,0.00039500,921.00000000
2018-02-23 10:19:16,0.00039500,739.54000000
2018-02-23 10:19:17,0.00039590,27.80000000
2018-02-23 10:19:17,0.00039600,1412.09000000
2018-02-23 10:19:17,0.00039600,202.29000000
2018-02-23 10:19:17,0.00039490,70.38000000
2018-02-23 10:19:17,0.00039480,505.99000000
2018-02-23 10:19:17,0.00039470,1001.86000000
2018-02-23 10:19:17,0.00039460,17.34000000
2018-02-23 10:19:17,0.00039410,89.92000000
2018-02-23 10:19:17,0.00039400,52.22000000
2018-02-23 10:19:17,0.00039500,35.71000000
2018-02-23 10:19:18,0.00039510,27.85000000
2018-02-23 10:19:19,0.00039490,35.71000000
2018-02-23 10:19:19,0.00039500,122.53000000
2018-02-23 10:19:19,0.00039490,70.73000000
2018-02-23 10:19:19,0.00039490,25.32000000
2018-02-23 10:19:20,0.00039500,25.24000000
2018-02-23 10:19:20,0.00039490,25.32000000
2018-02-23 10:19:21,0.00039490,3.02000000
2018-02-23 10:19:21,0.00039580,47.85000000
2018-02-23 10:19:21,0.00039590,21.86000000
2018-02-23 10:19:21,0.00039600,21.86000000
2018-02-23 10:19:21,0.00039610,61.81000000
2018-02-23 10:19:21,0.00039500,9.87000000
2018-02-23 10:19:22,0.00039610,25.32000000
2018-02-23 10:19:22,0.00039620,193.32000000
2018-02-23 10:19:22,0.00039630,17.34000000
2018-02-23 10:19:23,0.00039500,250.00000000
2018-02-23 10:19:23,0.00039630,253.16000000
2018-02-23 10:19:23,0.00039510,75.93000000
2018-02-23 10:19:23,0.00039510,52.85000000
2018-02-23 10:19:24,0.00039520,25.11000000
2018-02-23 10:19:24,0.00039600,14.21000000
2018-02-23 10:19:24,0.00039600,13.99000000
2018-02-23 10:19:25,0.00039600,28.98000000
2018-02-23 10:19:25,0.00039600,459.38000000
2018-02-23 10:19:25,0.00039600,8.16000000
2018-02-23 10:19:25,0.00039620,25.11000000
2018-02-23 10:19:25,0.00039630,6.71000000
2018-02-23 10:19:25,0.00039610,6.57000000
2018-02-23 10:19:25,0.00039610,25.09000000
2018-02-23 10:19:25,0.00039610,37.32000000
2018-02-23 10:19:26,0.00039610,6.07000000
2018-02-23 10:19:26,0.00039610,5.95000000
2018-02-23 10:19:26,0.00039640,242.98000000
2018-02-23 10:19:26,0.00039640,107.85000000
2018-02-23 10:19:26,0.00039670,9.99000000
2018-02-23 10:19:26,0.00039620,49.80000000
2018-02-23 10:19:27,0.00039700,5.29000000
2018-02-23 10:19:27,0.00039700,3.21000000
2018-02-23 10:19:27,0.00039640,252.27000000
2018-02-23 10:19:27,0.00039630,54.00000000
2018-02-23 10:19:27,0.00039620,87.18000000
2018-02-23 10:19:28,0.00039620,3.21000000
2018-02-23 10:19:28,0.00039720,6.29000000
2018-02-23 10:19:30,0.00039680,117.87000000
2018-02-23 10:19:30,0.00039680,6.80000000
2018-02-23 10:19:30,0.00039620,28.77000000
2018-02-23 10:19:31,0.00039620,121.31000000
2018-02-23 10:19:31,0.00039630,60.59000000
2018-02-23 10:19:31,0.00039670,14.41000000
2018-02-23 10:19:31,0.00039670,10.08000000
2018-02-23 10:19:31,0.00039670,0.74000000
2018-02-23 10:19:31,0.00039690,49.26000000
2018-02-23 10:19:34,0.00039650,36.17000000
2018-02-23 10:19:35,0.00039650,26.10000000
2018-02-23 10:19:35,0.00039690,1.19000000
2018-02-23 10:19:35,0.00039710,268.97000000
2018-02-23 10:19:35,0.00039730,3.79000000
2018-02-23 10:19:36,0.00039750,5.05000000
2018-02-23 10:19:36,0.00039760,49.87000000
2018-02-23 10:19:36,0.00039790,67.80000000
2018-02-23 10:19:36,0.00039800,3.28000000
2018-02-23 10:19:37,0.00039690,6.00000000
2018-02-23 10:19:37,0.00039710,3.58000000
2018-02-23 10:19:37,0.00039750,1.47000000
2018-02-23 10:19:37,0.00039690,7.25000000
2018-02-23 10:19:38,0.00039790,13.25000000
2018-02-23 10:19:38,0.00039800,1.73000000
2018-02-23 10:19:38,0.00039810,6.30000000
2018-02-23 10:19:38,0.00039820,9.95000000
2018-02-23 10:19:38,0.00039830,9.95000000
2018-02-23 10:19:38,0.00039840,458.83000000
2018-02-23 10:19:41,0.00039840,2.70000000
2018-02-23 10:19:42,0.00039760,5.93000000
2018-02-23 10:19:43,0.00039810,22.35000000
2018-02-23 10:19:43,0.00039810,64.00000000
2018-02-23 10:19:43,0.00039810,25.57000000
2018-02-23 10:19:43,0.00039810,25.57000000
2018-02-23 10:19:43,0.00039810,25.57000000
2018-02-23 10:19:43,0.00039810,17.07000000
2018-02-23 10:19:44,0.00039810,5.23000000
2018-02-23 10:19:45,0.00039830,5.93000000
2018-02-23 10:19:45,0.00039840,64.21000000
2018-02-23 10:19:45,0.00039860,52.41000000
2018-02-23 10:19:45,0.00039870,27.58000000
2018-02-23 10:19:45,0.00039900,83.74000000
2018-02-23 10:19:45,0.00039950,70.84000000
2018-02-23 10:19:45,0.00039960,15.01000000
2018-02-23 10:19:45,0.00039970,200.19000000
2018-02-23 10:19:46,0.00039840,5.00000000
2018-02-23 10:19:46,0.00039840,51.57000000
2018-02-23 10:19:46,0.00039850,25.09000000
2018-02-23 10:19:46,0.00039840,26.39000000
2018-02-23 10:19:46,0.00039860,168.16000000
2018-02-23 10:19:46,0.00039850,87.54000000
2018-02-23 10:19:46,0.00039850,17.13000000
2018-02-23 10:19:49,0.00039930,19.47000000
2018-02-23 10:19:49,0.00039870,28.39000000
2018-02-23 10:19:50,0.00039870,21.29000000
2018-02-23 10:19:50,0.00039870,2.12000000
2018-02-23 10:19:51,0.00039910,128.69000000
2018-02-23 10:19:54,0.00039870,422.92000000
2018-02-23 10:19:54,0.00039850,83.05000000
2018-02-23 10:19:54,0.00039900,25.09000000
2018-02-23 10:19:54,0.00039910,17.64000000
2018-02-23 10:19:55,0.00039860,12.55000000
2018-02-23 10:19:55,0.00039850,105.05000000
2018-02-23 10:19:56,0.00039910,14.96000000
2018-02-23 10:19:57,0.00039840,2.52000000
2018-02-23 10:19:57,0.00039830,78.48000000
2018-02-23 10:19:57,0.00039820,25.11000000
2018-02-23 10:19:57,0.00039810,390.34000000
2018-02-23 10:19:57,0.00039910,98.75000000
2018-02-23 10:19:58,0.00039910,14.96000000
2018-02-23 10:19:58,0.00039850,200.00000000
2018-02-23 10:19:59,0.00039850,54.75000000
2018-02-23 10:20:00,0.00039860,11.77000000
2018-02-23 10:20:01,0.00039860,51.75000000
2018-02-23 10:20:01,0.00039870,11.77000000
2018-02-23 10:20:01,0.00039870,12.55000000
2018-02-23 10:20:04,0.00039870,0.01000000
2018-02-23 10:20:04,0.00039870,939.63000000
2018-02-23 10:20:05,0.00039850,3.00000000
2018-02-23 10:20:06,0.00039850,26.95000000
2018-02-23 10:20:06,0.00039820,19.99000000
2018-02-23 10:20:06,0.00039850,3.69000000
2018-02-23 10:20:06,0.00039870,61.21000000
2018-02-23 10:20:10,0.00039870,35.65000000
2018-02-23 10:20:10,0.00039870,174.04000000
2018-02-23 10:20:11,0.00039870,10.00000000
2018-02-23 10:20:13,0.00039870,71.55000000
2018-02-23 10:20:14,0.00039870,5.14000000
2018-02-23 10:20:16,0.00039900,5.48000000
2018-02-23 10:20:16,0.00039900,3.01000000
2018-02-23 10:20:16,0.00039870,29.99000000
2018-02-23 10:20:16,0.00039920,12.27000000
2018-02-23 10:20:17,0.00039870,23.65000000
2018-02-23 10:20:19,0.00039910,54.31000000
2018-02-23 10:20:23,0.00039910,150.00000000
2018-02-23 10:20:24,0.00039910,5.00000000
2018-02-23 10:20:25,0.00039920,15.84000000
2018-02-23 10:20:26,0.00039920,295.69000000
2018-02-23 10:20:26,0.00039920,148.82000000
2018-02-23 10:20:26,0.00039910,290.69000000
2018-02-23 10:20:27,0.00039910,25.00000000
2018-02-23 10:20:29,0.00039870,210.63000000
2018-02-23 10:20:29,0.00039870,80.86000000
2018-02-23 10:20:30,0.00039910,347.96000000
2018-02-23 10:20:30,0.00039870,31.00000000
2018-02-23 10:20:30,0.00039860,28.01000000
2018-02-23 10:20:30,0.00039850,25.09000000
2018-02-23 10:20:31,0.00039850,25.09000000
2018-02-23 10:20:31,0.00039840,339.81000000
2018-02-23 10:20:31,0.00039820,239.10000000
2018-02-23 10:20:31,0.00039810,321.90000000
2018-02-23 10:20:31,0.00039850,14.61000000
2018-02-23 10:20:32,0.00039840,28.01000000
2018-02-23 10:20:32,0.00039850,103.26000000
2018-02-23 10:20:32,0.00039860,50.18000000
2018-02-23 10:20:33,0.00039870,1258.96000000
2018-02-23 10:20:33,0.00039870,59.59000000
2018-02-23 10:20:40,0.00039840,1112.26000000
2018-02-23 10:20:40,0.00039840,249.44000000
2018-02-23 10:20:42,0.00039870,48.37000000
2018-02-23 10:20:42,0.00039840,5.20000000
2018-02-23 10:20:45,0.00039840,158.20000000
2018-02-23 10:20:45,0.00039820,50.06000000
2018-02-23 10:20:45,0.00039810,1647.10000000
2018-02-23 10:20:47,0.00039740,15.67000000
2018-02-23 10:20:47,0.00039710,46.66000000
2018-02-23 10:20:47,0.00039700,280.64000000
2018-02-23 10:20:47,0.00039730,103.42000000
2018-02-23 10:20:48,0.00039730,75.34000000
2018-02-23 10:20:48,0.00039730,52.13000000
2018-02-23 10:20:48,0.00039730,124.10000000
2018-02-23 10:20:48,0.00039730,25.16000000
2018-02-23 10:20:48,0.00039730,25.16000000
2018-02-23 10:20:48,0.00039730,8.49000000
2018-02-23 10:20:48,0.00039730,28.83000000
2018-02-23 10:20:48,0.00039700,58.41000000
2018-02-23 10:20:48,0.00039730,21.27000000
2018-02-23 10:20:51,0.00039720,37.64000000
2018-02-23 10:20:51,0.00039710,184.00000000
2018-02-23 10:20:51,0.00039710,5.54000000
2018-02-23 10:20:53,0.00039700,28.83000000
2018-02-23 10:20:53,0.00039710,53.61000000
2018-02-23 10:20:55,0.00039710,90.22000000
2018-02-23 10:20:55,0.00039710,153.01000000
2018-02-23 10:20:55,0.00039710,0.54000000
2018-02-23 10:20:55,0.00039730,90.22000000
2018-02-23 10:20:55,0.00039730,20.00000000
2018-02-23 10:20:56,0.00039710,25.18000000
2018-02-23 10:20:56,0.00039700,65.04000000
2018-02-23 10:20:58,0.00039700,3.89000000
2018-02-23 10:20:58,0.00039700,597.89000000
2018-02-23 10:20:58,0.00039700,52.13000000
2018-02-23 10:20:59,0.00039700,62.29000000
2018-02-23 10:21:02,0.00039690,138.00000000
2018-02-23 10:21:02,0.00039690,38.95000000
2018-02-23 10:21:03,0.00039670,2.74000000
2018-02-23 10:21:06,0.00039690,826.40000000
2018-02-23 10:21:07,0.00039700,4.03000000
2018-02-23 10:21:07,0.00039690,673.60000000
2018-02-23 10:21:08,0.00039690,27.77000000
2018-02-23 10:21:08,0.00039700,436.48000000
2018-02-23 10:21:08,0.00039700,3.20000000
2018-02-23 10:21:09,0.00039700,113.35000000
2018-02-23 10:21:09,0.00039700,56.01000000
2018-02-23 10:21:09,0.00039650,33.39000000
2018-02-23 10:21:09,0.00039630,56.59000000
2018-02-23 10:21:09,0.00039600,51.35000000
2018-02-23 10:21:09,0.00039600,95.07000000
2018-02-23 10:21:09,0.00039600,95.07000000
2018-02-23 10:21:09,0.00039600,95.08000000
2018-02-23 10:21:09,0.00039600,20.31000000
2018-02-23 10:21:09,0.00039600,11.99000000
2018-02-23 10:21:10,0.00039600,12.60000000
2018-02-23 10:21:13,0.00039590,128.56000000
2018-02-23 10:21:13,0.00039550,22.54000000
2018-02-23 10:21:13,0.00039550,5.91000000
2018-02-23 10:21:13,0.00039550,22.53000000
2018-02-23 10:21:13,0.00039550,17.14000000
2018-02-23 10:21:13,0.00039550,17.15000000
2018-02-23 10:21:13,0.00039550,17.18000000
2018-02-23 10:21:14,0.00039530,22.53000000
2018-02-23 10:21:14,0.00039550,12.48000000
2018-02-23 10:21:14,0.00039550,5.91000000
2018-02-23 10:21:14,0.00039550,50.00000000
2018-02-23 10:21:14,0.00039550,5.92000000
2018-02-23 10:21:16,0.00039530,493.42000000
2018-02-23 10:21:16,0.00039530,11.01000000
2018-02-23 10:21:16,0.00039520,7.59000000
2018-02-23 10:21:16,0.00039510,17.40000000
2018-02-23 10:21:16,0.00039530,6.57000000
2018-02-23 10:21:20,0.00039510,108.53000000
2018-02-23 10:21:21,0.00039510,81.67000000
2018-02-23 10:21:21,0.00039510,89.55000000
2018-02-23 10:21:21,0.00039510,75.86000000
2018-02-23 10:21:21,0.00039510,20.00000000
2018-02-23 10:21:21,0.00039500,75.86000000
2018-02-23 10:21:22,0.00039510,361.29000000
2018-02-23 10:21:22,0.00039530,3.79000000
2018-02-23 10:21:22,0.00039530,14.42000000
2018-02-23 10:21:22,0.00039510,876.33000000
2018-02-23 10:21:23,0.00039530,3.79000000
2018-02-23 10:21:24,0.00039520,5.06000000
2018-02-23 10:21:26,0.00039510,128.14000000
2018-02-23 10:21:27,0.00039510,134.24000000
2018-02-23 10:21:28,0.00039500,323.05000000
2018-02-23 10:21:28,0.00039480,13.37000000
2018-02-23 10:21:28,0.00039470,396.27000000
2018-02-23 10:21:28,0.00039460,1280.17000000
2018-02-23 10:21:28,0.00039460,2.62000000
2018-02-23 10:21:28,0.00039460,25.34000000
2018-02-23 10:21:28,0.00039460,4.55000000
2018-02-23 10:21:28,0.00039460,11.41000000
2018-02-23 10:21:28,0.00039460,25.34000000
2018-02-23 10:21:29,0.00039460,11.41000000
2018-02-23 10:21:29,0.00039460,6.86000000
2018-02-23 10:21:29,0.00039460,4.56000000
2018-02-23 10:21:29,0.00039460,6.57000000
2018-02-23 10:21:31,0.00039450,8.70000000
2018-02-23 10:21:31,0.00039450,31.30000000
2018-02-23 10:21:32,0.00039450,25.29000000
2018-02-23 10:21:33,0.00039450,2.74000000
2018-02-23 10:21:36,0.00039440,100.00000000
2018-02-23 10:21:37,0.00039450,5.68000000
2018-02-23 10:21:37,0.00039450,37.43000000
2018-02-23 10:21:39,0.00039450,245.18000000
2018-02-23 10:21:39,0.00039460,167.37000000
2018-02-23 10:21:47,0.00039440,13.63000000
2018-02-23 10:21:47,0.00039450,25.10000000
2018-02-23 10:21:48,0.00039460,20.00000000
2018-02-23 10:21:55,0.00039450,265.79000000
2018-02-23 10:21:56,0.00039450,76.96000000
2018-02-23 10:21:56,0.00039460,259.74000000
2018-02-23 10:21:57,0.00039530,42.75000000
2018-02-23 10:21:58,0.00039470,9.17000000
2018-02-23 10:21:59,0.00039520,25.34000000
2018-02-23 10:22:01,0.00039470,35.49000000
2018-02-23 10:22:02,0.00039470,3.80000000
2018-02-23 10:22:02,0.00039470,126.87000000
2018-02-23 10:22:02,0.00039470,5.00000000
2018-02-23 10:22:02,0.00039470,170.83000000
2018-02-23 10:22:02,0.00039510,82.21000000
2018-02-23 10:22:03,0.00039510,167.41000000
2018-02-23 10:22:03,0.00039520,100.57000000
2018-02-23 10:22:04,0.00039510,13.41000000
2018-02-23 10:22:06,0.00039510,2.75000000
2018-02-23 10:22:06,0.00039510,9.48000000
2018-02-23 10:22:06,0.00039470,140.57000000
2018-02-23 10:22:07,0.00039520,21.23000000
2018-02-23 10:22:07,0.00039510,3.81000000
2018-02-23 10:22:07,0.00039470,80.56000000
2018-02-23 10:22:07,0.00039460,85.21000000
2018-02-23 10:22:08,0.00039520,42.16000000
2018-02-23 10:22:09,0.00039520,66.69000000
2018-02-23 10:22:09,0.00039520,326.01000000
2018-02-23 10:22:10,0.00039510,0.19000000
2018-02-23 10:22:10,0.00039510,220.94000000
2018-02-23 10:22:10,0.00039520,658.97000000
2018-02-23 10:22:11,0.00039520,2.64000000
2018-02-23 10:22:13,0.00039510,7.87000000
2018-02-23 10:22:13,0.00039510,118.98000000
2018-02-23 10:22:13,0.00039510,0.02000000
2018-02-23 10:22:13,0.00039520,22.21000000
2018-02-23 10:22:16,0.00039520,3.12000000
2018-02-23 10:22:19,0.00039520,17.08000000
2018-02-23 10:22:20,0.00039490,0.05000000
2018-02-23 10:22:20,0.00039520,112.80000000
2018-02-23 10:22:20,0.00039520,50.05000000
2018-02-23 10:22:21,0.00039520,2.58000000
2018-02-23 10:22:23,0.00039520,150.00000000
2018-02-23 10:22:23,0.00039520,206.42000000
2018-02-23 10:22:25,0.00039520,828.03000000
2018-02-23 10:22:28,0.00039520,614.27000000
2018-02-23 10:22:28,0.00039520,1034.21000000
2018-02-23 10:22:29,0.00039530,7.26000000
2018-02-23 10:22:30,0.00039530,54.76000000
2018-02-23 10:22:31,0.00039530,319.06000000
2018-02-23 10:22:31,0.00039520,3368.92000000
2018-02-23 10:22:31,0.00039490,546.47000000
2018-02-23 10:22:38,0.00039520,25.00000000
2018-02-23 10:22:42,0.00039520,50.00000000
2018-02-23 10:22:43,0.00039520,3.92000000
2018-02-23 10:22:47,0.00039520,195.17000000
2018-02-23 10:22:47,0.00039500,689.42000000
2018-02-23 10:22:47,0.00039490,559.81000000
2018-02-23 10:22:48,0.00039540,25.31000000
2018-02-23 10:22:48,0.00039550,11.04000000
2018-02-23 10:22:48,0.00039550,27.36000000
2018-02-23 10:22:48,0.00039550,27.36000000
2018-02-23 10:22:49,0.00039550,6.57000000
2018-02-23 10:22:50,0.00039550,623.53000000
2018-02-23 10:22:50,0.00039490,376.47000000
2018-02-23 10:22:50,0.00039580,17.63000000
2018-02-23 10:22:50,0.00039580,10.00000000
2018-02-23 10:22:55,0.00039580,3.03000000
2018-02-23 10:22:58,0.00039580,7.57000000
2018-02-23 10:23:02,0.00039570,17.96000000
2018-02-23 10:23:04,0.00039520,50.82000000
2018-02-23 10:23:05,0.00039490,17.25000000
2018-02-23 10:23:05,0.00039480,8.55000000
2018-02-23 10:23:05,0.00039480,17.25000000
2018-02-23 10:23:05,0.00039500,10.12000000
2018-02-23 10:23:05,0.00039490,8.58000000
2018-02-23 10:23:05,0.00039480,1.83000000
2018-02-23 10:23:05,0.00039470,72.22000000
2018-02-23 10:23:05,0.00039470,16.12000000
2018-02-23 10:23:05,0.00039450,16.13000000
2018-02-23 10:23:05,0.00039450,15.90000000
2018-02-23 10:23:05,0.00039450,50.51000000
2018-02-23 10:23:05,0.00039450,76.08000000
2018-02-23 10:23:05,0.00039450,299.14000000
2018-02-23 10:23:05,0.00039450,31.46000000
2018-02-23 10:23:05,0.00039490,6.57000000
2018-02-23 10:23:05,0.00039490,19.38000000
2018-02-23 10:23:05,0.00039500,0.62000000
2018-02-23 10:23:06,0.00039460,10.75000000
2018-02-23 10:23:06,0.00039460,7.21000000
2018-02-23 10:23:06,0.00039450,0.01000000
2018-02-23 10:23:06,0.00039420,10.74000000
2018-02-23 10:23:06,0.00039420,126.74000000
2018-02-23 10:23:06,0.00039410,64.22000000
2018-02-23 10:23:10,0.00039450,7.72000000
2018-02-23 10:23:10,0.00039410,100.00000000
2018-02-23 10:23:14,0.00039460,43.27000000
2018-02-23 10:23:18,0.00039440,28.27000000
2018-02-23 10:23:19,0.00039470,28.27000000
2018-02-23 10:23:19,0.00039490,135.51000000
2018-02-23 10:23:20,0.00039440,28.29000000
2018-02-23 10:23:20,0.00039480,19.99000000
2018-02-23 10:23:20,0.00039480,19.98000000
2018-02-23 10:23:20,0.00039480,98.73000000
2018-02-23 10:23:20,0.00039430,25.36000000
2018-02-23 10:23:20,0.00039420,66.05000000
2018-02-23 10:23:20,0.00039410,47.29000000
2018-02-23 10:23:20,0.00039410,75.98000000
2018-02-23 10:23:22,0.00039460,11.21000000
2018-02-23 10:23:23,0.00039450,28.29000000
2018-02-23 10:23:24,0.00039460,35.90000000
2018-02-23 10:23:24,0.00039410,35.90000000
2018-02-23 10:23:24,0.00039460,19.46000000
2018-02-23 10:23:27,0.00039430,9.90000000
2018-02-23 10:23:33,0.00039410,19.55000000
2018-02-23 10:23:33,0.00039360,130.41000000
2018-02-23 10:23:37,0.00039390,244.78000000
2018-02-23 10:23:37,0.00039370,153.07000000
2018-02-23 10:23:37,0.00039440,47.93000000
2018-02-23 10:23:37,0.00039450,2.07000000
2018-02-23 10:23:37,0.00039450,100.00000000
2018-02-23 10:23:42,0.00039450,48.68000000
2018-02-23 10:23:42,0.00039400,28.25000000
2018-02-23 10:23:42,0.00039390,25.38000000
2018-02-23 10:23:42,0.00039380,190.72000000
2018-02-23 10:23:45,0.00039410,43.08000000
2018-02-23 10:23:47,0.00039450,28.25000000
2018-02-23 10:23:47,0.00039410,100.76000000
2018-02-23 10:23:50,0.00039410,16.52000000
2018-02-23 10:23:50,0.00039440,55.00000000
2018-02-23 10:23:55,0.00039440,0.54000000
2018-02-23 10:23:56,0.00039440,19.11000000
2018-02-23 10:23:58,0.00039410,364.36000000
2018-02-23 10:24:00,0.00039440,294.51000000
2018-02-23 10:24:00,0.00039420,76.09000000
2018-02-23 10:24:00,0.00039420,23.90000000
2018-02-23 10:24:00,0.00039420,0.01000000
2018-02-23 10:24:01,0.00039410,23.90000000
2018-02-23 10:24:02,0.00039410,24.00000000
2018-02-23 10:24:03,0.00039440,478.66000000
2018-02-23 10:24:03,0.00039440,337.82000000
2018-02-23 10:24:04,0.00039430,221.13000000
2018-02-23 10:24:05,0.00039410,21.71000000
2018-02-23 10:24:05,0.00039410,228.29000000
2018-02-23 10:24:07,0.00039450,20.00000000
2018-02-23 10:24:07,0.00039460,5.35000000
2018-02-23 10:24:07,0.00039450,25.38000000
2018-02-23 10:24:08,0.00039420,38.29000000
2018-02-23 10:24:08,0.00039420,38.29000000
2018-02-23 10:24:08,0.00039420,76.09000000
2018-02-23 10:24:08,0.00039460,46.99000000
2018-02-23 10:24:09,0.00039470,31.61000000
2018-02-23 10:24:09,0.00039480,6.57000000
2018-02-23 10:24:11,0.00039440,68.45000000
2018-02-23 10:24:11,0.00039500,38.98000000
2018-02-23 10:24:12,0.00039430,25.36000000
2018-02-23 10:24:12,0.00039440,103.96000000
2018-02-23 10:24:12,0.00039450,29.77000000
2018-02-23 10:24:13,0.00039430,15.00000000
2018-02-23 10:24:13,0.00039450,6.24000000
2018-02-23 10:24:13,0.00039460,225.07000000
2018-02-23 10:24:14,0.00039420,2.54000000
2018-02-23 10:24:14,0.00039430,15.00000000
2018-02-23 10:24:14,0.00039440,29.77000000
2018-02-23 10:24:14,0.00039440,8.59000000
2018-02-23 10:24:14,0.00039420,8.59000000
2018-02-23 10:24:16,0.00039430,44.78000000
2018-02-23 10:24:17,0.00039420,15.00000000
2018-02-23 10:24:17,0.00039430,89.10000000
2018-02-23 10:24:18,0.00039480,29.78000000
2018-02-23 10:24:19,0.00039430,121.32000000
2018-02-23 10:24:20,0.00039430,26.97000000
2018-02-23 10:24:21,0.00039430,29.81000000
2018-02-23 10:24:25,0.00039460,29.81000000
2018-02-23 10:24:28,0.00039430,29.84000000
2018-02-23 10:24:29,0.00039430,150.57000000
2018-02-23 10:24:29,0.00039430,76.99000000
2018-02-23 10:24:31,0.00039420,11.47000000
2018-02-23 10:24:31,0.00039410,9.67000000
2018-02-23 10:24:31,0.00039430,76.08000000
2018-02-23 10:24:31,0.00039430,32.64000000
2018-02-23 10:24:31,0.00039410,0.32000000
2018-02-23 10:24:31,0.00039460,14.10000000
2018-02-23 10:24:33,0.00039430,7.30000000
2018-02-23 10:24:34,0.00039410,4.77000000
2018-02-23 10:24:34,0.00039390,27.23000000
2018-02-23 10:24:35,0.00039420,29.84000000
2018-02-23 10:24:36,0.00039430,2.19000000
2018-02-23 10:24:38,0.00039440,4.79000000
2018-02-23 10:24:40,0.00039450,25.36000000
2018-02-23 10:24:40,0.00039460,7.64000000
2018-02-23 10:24:43,0.00039460,34.67000000
2018-02-23 10:24:44,0.00039460,76.01000000
2018-02-23 10:24:44,0.00039460,71.20000000
2018-02-23 10:24:44,0.00039460,71.21000000
2018-02-23 10:24:44,0.00039460,172.11000000
2018-02-23 10:24:44,0.00039460,36.56000000
2018-02-23 10:24:44,0.00039400,390.53000000
2018-02-23 10:24:44,0.00039400,76.02000000
2018-02-23 10:24:46,0.00039400,56.51000000
2018-02-23 10:24:55,0.00039450,29.08000000
2018-02-23 10:24:55,0.00039460,61.94000000
2018-02-23 10:24:55,0.00039490,105.63000000
2018-02-23 10:24:57,0.00039420,69.46000000
2018-02-23 10:24:57,0.00039410,84.54000000
2018-02-23 10:24:57,0.00039400,26.00000000
2018-02-23 10:25:01,0.00039420,76.09000000
2018-02-23 10:25:01,0.00039420,76.09000000
2018-02-23 10:25:01,0.00039420,76.09000000
2018-02-23 10:25:02,0.00039420,76.09000000
2018-02-23 10:25:03,0.00039430,76.12000000
2018-02-23 10:25:03,0.00039430,40.11000000
2018-02-23 10:25:03,0.00039420,43.56000000
2018-02-23 10:25:04,0.00039420,76.09000000
2018-02-23 10:25:04,0.00039420,15.00000000
2018-02-23 10:25:05,0.00039420,15.69000000
2018-02-23 10:25:06,0.00039410,249.68000000
2018-02-23 10:25:06,0.00039400,161.19000000
2018-02-23 10:25:06,0.00039420,13.41000000
2018-02-23 10:25:06,0.00039430,8.49000000
2018-02-23 10:25:06,0.00039430,76.07000000
2018-02-23 10:25:06,0.00039430,37.86000000
2018-02-23 10:25:06,0.00039430,8.62000000
2018-02-23 10:25:07,0.00039400,37.85000000
2018-02-23 10:25:10,0.00039430,28.31000000
2018-02-23 10:25:13,0.00039470,6.33000000
2018-02-23 10:25:14,0.00039470,47.34000000
2018-02-23 10:25:14,0.00039490,22.90000000
2018-02-23 10:25:14,0.00039430,22.90000000
2018-02-23 10:25:15,0.00039440,28.34000000
2018-02-23 10:25:15,0.00039420,28.33000000
2018-02-23 10:25:15,0.00039440,28.34000000
2018-02-23 10:25:16,0.00039430,28.34000000
2018-02-23 10:25:17,0.00039490,8.48000000
2018-02-23 10:25:17,0.00039430,40.23000000
2018-02-23 10:25:17,0.00039430,0.13000000
2018-02-23 10:25:17,0.00039430,40.10000000
2018-02-23 10:25:17,0.00039430,28.34000000
2018-02-23 10:25:18,0.00039420,14.52000000
2018-02-23 10:25:19,0.00039410,15.00000000
2018-02-23 10:25:22,0.00039410,35.00000000
2018-02-23 10:25:24,0.00039420,6.02000000
2018-02-23 10:25:24,0.00039420,7.80000000
2018-02-23 10:25:25,0.00039430,11.89000000
2018-02-23 10:25:25,0.00039490,1.93000000
2018-02-23 10:25:27,0.00039430,43.34000000
2018-02-23 10:25:27,0.00039420,28.34000000
2018-02-23 10:25:30,0.00039420,2.54000000
2018-02-23 10:25:30,0.00039430,43.34000000
2018-02-23 10:25:31,0.00039430,252.95000000
2018-02-23 10:25:32,0.00039430,54.75000000
2018-02-23 10:25:32,0.00039430,76.07000000
2018-02-23 10:25:33,0.00039430,76.07000000
2018-02-23 10:25:33,0.00039430,76.07000000
2018-02-23 10:25:33,0.00039430,76.08000000
2018-02-23 10:25:33,0.00039430,76.08000000
2018-02-23 10:25:33,0.00039430,74.12000000
2018-02-23 10:25:33,0.00039420,74.11000000
2018-02-23 10:25:33,0.00039470,20.00000000
2018-02-23 10:25:33,0.00039420,76.09000000
2018-02-23 10:25:34,0.00039480,25.33000000
2018-02-23 10:25:34,0.00039420,76.09000000
2018-02-23 10:25:35,0.00039430,28.33000000
2018-02-23 10:25:35,0.00039420,67.68000000
2018-02-23 10:25:35,0.00039420,28.33000000
2018-02-23 10:25:36,0.00039430,10.33000000
2018-02-23 10:25:38,0.00039430,39.67000000
2018-02-23 10:25:40,0.00039430,11.36000000
2018-02-23 10:25:40,0.00039430,53.80000000
2018-02-23 10:25:42,0.00039480,25.36000000
2018-02-23 10:25:42,0.00039490,210.98000000
2018-02-23 10:25:42,0.00039510,37.68000000
2018-02-23 10:25:42,0.00039520,285.60000000
2018-02-23 10:25:43,0.00039450,76.05000000
2018-02-23 10:25:43,0.00039450,137.99000000
2018-02-23 10:25:43,0.00039450,168.21000000
2018-02-23 10:25:43,0.00039450,76.03000000
2018-02-23 10:25:43,0.00039450,7.95000000
2018-02-23 10:25:43,0.00039450,6.57000000
2018-02-23 10:25:44,0.00039450,16.96000000
2018-02-23 10:25:44,0.00039460,16.96000000
2018-02-23 10:25:44,0.00039460,11.35000000
2018-02-23 10:25:44,0.00039440,16.96000000
2018-02-23 10:25:44,0.00039440,76.05000000
2018-02-23 10:25:45,0.00039460,11.35000000
2018-02-23 10:25:45,0.00039470,136.86000000
2018-02-23 10:25:45,0.00039430,76.00000000
2018-02-23 10:25:46,0.00039450,32.77000000
2018-02-23 10:25:46,0.00039450,76.04000000
2018-02-23 10:25:46,0.00039450,380.46000000
2018-02-23 10:25:46,0.00039450,76.03000000
2018-02-23 10:25:46,0.00039460,8.60000000
2018-02-23 10:25:46,0.00039460,1.47000000
2018-02-23 10:25:46,0.00039450,7.13000000
2018-02-23 10:25:46,0.00039450,76.03000000
2018-02-23 10:25:46,0.00039450,156.54000000
2018-02-23 10:25:46,0.00039430,94.98000000
2018-02-23 10:25:46,0.00039430,76.04000000
2018-02-23 10:25:47,0.00039450,14.99000000
2018-02-23 10:25:48,0.00039480,155.69000000
2018-02-23 10:25:48,0.00039480,89.43000000
2018-02-23 10:25:48,0.00039480,75.97000000
2018-02-23 10:25:48,0.00039480,48.39000000
2018-02-23 10:25:48,0.00039480,89.43000000
2018-02-23 10:25:48,0.00039480,11.03000000
2018-02-23 10:25:48,0.00039480,94.56000000
2018-02-23 10:25:48,0.00039430,0.10000000
2018-02-23 10:25:49,0.00039430,75.97000000
2018-02-23 10:25:49,0.00039430,202.79000000
2018-02-23 10:25:54,0.00039470,384.08000000
2018-02-23 10:25:56,0.00039470,95.34000000
2018-02-23 10:26:00,0.00039480,57.61000000
2018-02-23 10:26:01,0.00039440,324.57000000
2018-02-23 10:26:02,0.00039440,0.13000000
2018-02-23 10:26:02,0.00039480,62.29000000
2018-02-23 10:26:02,0.00039530,28.31000000
2018-02-23 10:26:02,0.00039540,31.27000000
2018-02-23 10:26:02,0.00039480,172.08000000
2018-02-23 10:26:02,0.00039480,27.92000000
2018-02-23 10:26:02,0.00039450,125.85000000
2018-02-23 10:26:02,0.00039440,46.23000000
2018-02-23 10:26:02,0.00039440,10.73000000
2018-02-23 10:26:02,0.00039430,17.22000000
2018-02-23 10:26:02,0.00039430,27.95000000
2018-02-23 10:26:02,0.00039430,75.97000000
2018-02-23 10:26:04,0.00039430,76.08000000
2018-02-23 10:26:04,0.00039430,52.83000000
2018-02-23 10:26:05,0.00039460,9.00000000
2018-02-23 10:26:06,0.00039440,29.79000000
2018-02-23 10:26:06,0.00039460,116.85000000
2018-02-23 10:26:06,0.00039480,27.92000000
2018-02-23 10:26:06,0.00039580,6.26000000
2018-02-23 10:26:06,0.00039590,98.97000000
2018-02-23 10:26:06,0.00039450,76.03000000
2018-02-23 10:26:06,0.00039450,17.85000000
2018-02-23 10:26:06,0.00039450,17.84000000
2018-02-23 10:26:06,0.00039450,141.74000000
2018-02-23 10:26:06,0.00039440,76.03000000
2018-02-23 10:26:06,0.00039450,17.91000000
2018-02-23 10:26:07,0.00039450,76.04000000
2018-02-23 10:26:07,0.00039450,31.90000000
2018-02-23 10:26:07,0.00039450,25.34000000
2018-02-23 10:26:07,0.00039450,15.00000000
2018-02-23 10:26:07,0.00039450,15.00000000
2018-02-23 10:26:08,0.00039450,14.81000000
2018-02-23 10:26:08,0.00039450,29.63000000
2018-02-23 10:26:08,0.00039450,69.34000000
2018-02-23 10:26:08,0.00039440,76.05000000
2018-02-23 10:26:08,0.00039440,178.09000000
2018-02-23 10:26:08,0.00039430,15.00000000
2018-02-23 10:26:09,0.00039440,25.00000000
2018-02-23 10:26:10,0.00039430,100.00000000
2018-02-23 10:26:12,0.00039440,25.00000000
2018-02-23 10:26:12,0.00039440,139.39000000
2018-02-23 10:26:14,0.00039440,11.83000000
2018-02-23 10:26:14,0.00039450,141.03000000
2018-02-23 10:26:14,0.00039450,76.04000000
2018-02-23 10:26:14,0.00039460,76.03000000
2018-02-23 10:26:14,0.00039460,177.39000000
2018-02-23 10:26:14,0.00039460,25.00000000
2018-02-23 10:26:14,0.00039450,10.24000000
2018-02-23 10:26:15,0.00039460,51.03000000
2018-02-23 10:26:15,0.00039480,249.55000000
2018-02-23 10:26:15,0.00039450,3.87000000
2018-02-23 10:26:18,0.00039510,1.00000000
2018-02-23 10:26:21,0.00039550,22.16000000
2018-02-23 10:26:24,0.00039540,0.68000000
2018-02-23 10:26:29,0.00039540,29.13000000
2018-02-23 10:26:29,0.00039580,10.87000000
2018-02-23 10:26:32,0.00039550,10.87000000
2018-02-23 10:26:33,0.00039480,6.59000000
2018-02-23 10:26:34,0.00039550,105.16000000
2018-02-23 10:26:34,0.00039580,15.84000000
2018-02-23 10:26:37,0.00039550,6.58000000
2018-02-23 10:26:37,0.00039550,6.58000000
2018-02-23 10:26:38,0.00039570,8.77000000
2018-02-23 10:26:43,0.00039600,313.44000000
2018-02-23 10:26:43,0.00039570,28.38000000
2018-02-23 10:26:43,0.00039560,7.07000000
2018-02-23 10:26:43,0.00039550,69.65000000
2018-02-23 10:26:43,0.00039510,7.74000000
2018-02-23 10:26:44,0.00039500,19.22000000
2018-02-23 10:26:45,0.00039500,67.94000000
2018-02-23 10:26:45,0.00039590,190.62000000
2018-02-23 10:26:54,0.00039580,7.74000000
2018-02-23 10:26:54,0.00039590,30.51000000
2018-02-23 10:26:55,0.00039590,6.57000000
2018-02-23 10:26:56,0.00039590,30.38000000
2018-02-23 10:26:56,0.00039580,70.10000000
2018-02-23 10:27:02,0.00039520,5.00000000
2018-02-23 10:27:02,0.00039580,8.84000000
2018-02-23 10:27:02,0.00039580,34.39000000
2018-02-23 10:27:07,0.00039570,18.38000000
2018-02-23 10:27:12,0.00039560,7.58000000
2018-02-23 10:27:13,0.00039560,10.06000000
2018-02-23 10:27:17,0.00039570,120.29000000
2018-02-23 10:27:19,0.00039560,15.94000000
2018-02-23 10:27:24,0.00039560,23.46000000
2018-02-23 10:27:30,0.00039560,0.59000000
2018-02-23 10:27:31,0.00039570,55.29000000
2018-02-23 10:27:49,0.00039600,5.05000000
2018-02-23 10:27:51,0.00039580,0.01000000
2018-02-23 10:27:54,0.00039580,6.00000000
2018-02-23 10:27:55,0.00039580,6.63000000
2018-02-23 10:27:57,0.00039580,2.00000000
2018-02-23 10:27:57,0.00039580,12.64000000
2018-02-23 10:27:59,0.00039580,14.50000000
2018-02-23 10:28:14,0.00039570,316.55000000
2018-02-23 10:28:18,0.00039570,66.03000000
2018-02-23 10:28:18,0.00039580,37.53000000
2018-02-23 10:28:19,0.00039570,61.92000000
2018-02-23 10:28:20,0.00039570,10.07000000
2018-02-23 10:28:20,0.00039580,323.94000000
2018-02-23 10:28:20,0.00039600,115.53000000
2018-02-23 10:28:21,0.00039570,125.50000000
2018-02-23 10:28:24,0.00039570,171.87000000
2018-02-23 10:28:31,0.00039560,138.66000000
2018-02-23 10:28:33,0.00039560,75.82000000
2018-02-23 10:28:33,0.00039570,25.00000000
2018-02-23 10:28:34,0.00039570,47.00000000
2018-02-23 10:28:37,0.00039570,14.98000000
2018-02-23 10:28:39,0.00039560,8.34000000
2018-02-23 10:28:49,0.00039570,50.00000000
2018-02-23 10:28:58,0.00039560,68.58000000
2018-02-23 10:28:58,0.00039560,0.01000000
2018-02-23 10:28:59,0.00039560,225.85000000
2018-02-23 10:29:03,0.00039560,27.31000000
2018-02-23 10:29:09,0.00039560,178.70000000
2018-02-23 10:29:14,0.00039530,2.53000000
2018-02-23 10:29:15,0.00039560,52.29000000
2018-02-23 10:29:20,0.00039560,10.31000000
2018-02-23 10:29:21,0.00039560,770.81000000
2018-02-23 10:29:21,0.00039560,118.26000000
2018-02-23 10:29:22,0.00039550,56.78000000
2018-02-23 10:29:22,0.00039550,179.75000000
2018-02-23 10:29:22,0.00039530,52.05000000
2018-02-23 10:29:22,0.00039530,75.84000000
2018-02-23 10:29:22,0.00039560,261.46000000
2018-02-23 10:29:23,0.00039560,142.29000000
2018-02-23 10:29:39,0.00039550,35.00000000
2018-02-23 10:29:41,0.00039530,95.44000000
2018-02-23 10:29:41,0.00039520,40.35000000
2018-02-23 10:29:41,0.00039510,64.07000000
2018-02-23 10:29:41,0.00039510,135.93000000
2018-02-23 10:29:41,0.00039500,235.86000000
2018-02-23 10:29:41,0.00039500,10.13000000
2018-02-23 10:29:47,0.00039540,72.04000000
2018-02-23 10:29:47,0.00039540,61.66000000
2018-02-23 10:29:47,0.00039550,5.75000000
2018-02-23 10:29:56,0.00039540,14.43000000
2018-02-23 10:29:56,0.00039550,71.44000000
2018-02-23 10:29:56,0.00039560,320.19000000
2018-02-23 10:29:56,0.00039560,70.62000000
2018-02-23 10:29:56,0.00039560,23.32000000
2018-02-23 10:29:58,0.00039560,2.54000000
2018-02-23 10:29:58,0.00039550,75.84000000
2018-02-23 10:29:58,0.00039550,45.31000000
2018-02-23 10:29:58,0.00039500,51.00000000
2018-02-23 10:29:58,0.00039490,10.02000000
2018-02-23 10:29:58,0.00039490,75.91000000
2018-02-23 10:29:58,0.00039490,75.96000000
2018-02-23 10:29:58,0.00039490,75.91000000
2018-02-23 10:29:58,0.00039490,15.00000000
2018-02-23 10:29:58,0.00039490,46.45000000
2018-02-23 10:29:58,0.00039490,141.36000000
2018-02-23 10:30:08,0.00039510,108.73000000
2018-02-23 10:30:09,0.00039490,31.77000000
2018-02-23 10:30:09,0.00039480,15.30000000
2018-02-23 10:30:09,0.00039470,75.99000000
2018-02-23 10:30:11,0.00039490,75.91000000
2018-02-23 10:30:11,0.00039490,75.91000000
2018-02-23 10:30:11,0.00039490,71.90000000
2018-02-23 10:30:11,0.00039470,171.82000000
2018-02-23 10:30:11,0.00039490,143.46000000
2018-02-23 10:30:11,0.00039470,71.90000000
2018-02-23 10:30:14,0.00039490,105.00000000
2018-02-23 10:30:16,0.00039470,489.44000000
2018-02-23 10:30:17,0.00039490,1.97000000
2018-02-23 10:30:23,0.00039490,120.00000000
2018-02-23 10:30:27,0.00039510,6.74000000
2018-02-23 10:30:28,0.00039490,142.49000000
2018-02-23 10:30:36,0.00039470,122.84000000
2018-02-23 10:30:38,0.00039490,143.71000000
2018-02-23 10:30:38,0.00039510,107.51000000
2018-02-23 10:30:41,0.00039510,83.47000000
2018-02-23 10:30:43,0.00039470,70.08000000
2018-02-23 10:30:59,0.00039470,10.00000000
2018-02-23 10:31:00,0.00039510,97.45000000
2018-02-23 10:31:01,0.00039470,2.96000000
2018-02-23 10:31:03,0.00039480,30.00000000
2018-02-23 10:31:03,0.00039480,14.16000000
2018-02-23 10:31:03,0.00039470,35.83000000
2018-02-23 10:31:12,0.00039530,12.38000000
2018-02-23 10:31:13,0.00039530,16.78000000
2018-02-23 10:31:13,0.00039530,12.38000000
2018-02-23 10:31:14,0.00039530,163.41000000
2018-02-23 10:31:14,0.00039540,15.00000000
2018-02-23 10:31:14,0.00039550,261.36000000
2018-02-23 10:31:14,0.00039560,86.09000000
2018-02-23 10:31:15,0.00039490,2.54000000
2018-02-23 10:31:20,0.00039550,20.00000000
2018-02-23 10:31:25,0.00039500,25.31000000
2018-02-23 10:31:25,0.00039490,49.17000000
