DATE,PRICE,VOLUME
2018-02-24 03:00:09,0.00038940,44.90000000
2018-02-24 03:00:12,0.00038930,5.94000000
2018-02-24 03:00:20,0.00038930,670.86000000
2018-02-24 03:00:21,0.00038940,5.10000000
2018-02-24 03:00:22,0.00038940,62.62000000
2018-02-24 03:00:30,0.00038950,339.76000000
2018-02-24 03:00:30,0.00038960,680.98000000
2018-02-24 03:00:36,0.00038960,226.16000000
2018-02-24 03:00:47,0.00038930,2.57000000
2018-02-24 03:00:52,0.00038930,0.13000000
2018-02-24 03:01:02,0.00038930,38.13000000
2018-02-24 03:01:03,0.00038930,38.13000000
2018-02-24 03:01:12,0.00038960,128.33000000
2018-02-24 03:01:17,0.00038950,288.86000000
2018-02-24 03:01:17,0.00038940,741.14000000
2018-02-24 03:01:19,0.00038960,20.28000000
2018-02-24 03:01:26,0.00038940,332.60000000
2018-02-24 03:01:35,0.00038960,735.25000000
2018-02-24 03:01:52,0.00038970,38.01000000
2018-02-24 03:01:52,0.00038960,285.89000000
2018-02-24 03:01:52,0.00038960,4.00000000
2018-02-24 03:02:27,0.00038980,839.59000000
2018-02-24 03:02:28,0.00038950,5.03000000
2018-02-24 03:02:32,0.00038980,47.70000000
2018-02-24 03:02:35,0.00039000,75.38000000
2018-02-24 03:02:54,0.00038980,76.95000000
2018-02-24 03:02:54,0.00038980,4.07000000
2018-02-24 03:02:55,0.00038980,4.73000000
2018-02-24 03:02:58,0.00038980,4.73000000
2018-02-24 03:03:02,0.00039000,21.78000000
2018-02-24 03:03:02,0.00039040,3.86000000
2018-02-24 03:03:05,0.00038980,10.24000000
2018-02-24 03:03:05,0.00038980,31.73000000
2018-02-24 03:03:05,0.00038980,3.00000000
2018-02-24 03:03:06,0.00038960,7.21000000
2018-02-24 03:03:10,0.00038960,2.57000000
2018-02-24 03:03:20,0.00038960,621.91000000
2018-02-24 03:03:25,0.00038960,250.00000000
2018-02-24 03:03:27,0.00038970,15.00000000
2018-02-24 03:03:27,0.00038960,185.00000000
2018-02-24 03:03:42,0.00038970,11.70000000
2018-02-24 03:03:46,0.00038960,23.57000000
2018-02-24 03:03:47,0.00038960,10.33000000
2018-02-24 03:04:09,0.00038960,59.65000000
2018-02-24 03:04:09,0.00038950,15.00000000
2018-02-24 03:04:16,0.00038950,5.00000000
2018-02-24 03:04:19,0.00038950,178.22000000
2018-02-24 03:04:28,0.00038940,192.68000000
2018-02-24 03:04:29,0.00038950,7.49000000
2018-02-24 03:04:34,0.00038950,25.67000000
2018-02-24 03:04:45,0.00038950,34.94000000
2018-02-24 03:04:45,0.00038950,37.88000000
2018-02-24 03:05:07,0.00038940,9.99000000
2018-02-24 03:05:07,0.00038940,14.77000000
2018-02-24 03:05:11,0.00038950,13.09000000
2018-02-24 03:05:13,0.00038940,8.82000000
2018-02-24 03:05:14,0.00038940,25.57000000
2018-02-24 03:05:15,0.00038920,50.00000000
2018-02-24 03:05:15,0.00038910,330.10000000
2018-02-24 03:05:15,0.00038900,2806.14000000
2018-02-24 03:05:15,0.00038880,44.98000000
2018-02-24 03:05:15,0.00038850,18.00000000
2018-02-24 03:05:15,0.00038840,320.00000000
2018-02-24 03:05:15,0.00038830,76.41000000
2018-02-24 03:05:15,0.00038830,73.52000000
2018-02-24 03:05:15,0.00038830,10.32000000
2018-02-24 03:05:15,0.00038830,77.16000000
2018-02-24 03:05:15,0.00038830,43.26000000
2018-02-24 03:05:15,0.00038830,10.33000000
2018-02-24 03:05:15,0.00038830,32.95000000
2018-02-24 03:05:15,0.00038830,32.95000000
2018-02-24 03:05:15,0.00038830,33.93000000
2018-02-24 03:05:15,0.00038820,32.95000000
2018-02-24 03:05:15,0.00038830,84.82000000
2018-02-24 03:05:15,0.00038830,77.19000000
2018-02-24 03:05:16,0.00038830,77.19000000
2018-02-24 03:05:16,0.00038830,77.19000000
2018-02-24 03:05:16,0.00038830,14.04000000
2018-02-24 03:05:16,0.00038830,14.02000000
2018-02-24 03:05:16,0.00038820,14.03000000
2018-02-24 03:05:19,0.00038830,5.95000000
2018-02-24 03:05:20,0.00038830,5.00000000
2018-02-24 03:05:21,0.00038830,7.73000000
2018-02-24 03:05:24,0.00038810,109.82000000
2018-02-24 03:05:24,0.00038830,9.53000000
2018-02-24 03:05:35,0.00038830,10.03000000
2018-02-24 03:05:36,0.00038830,4.50000000
2018-02-24 03:05:43,0.00038830,325.28000000
2018-02-24 03:05:43,0.00038840,339.81000000
2018-02-24 03:05:43,0.00038830,477.82000000
2018-02-24 03:05:45,0.00038910,22.36000000
2018-02-24 03:05:46,0.00038840,74.89000000
2018-02-24 03:05:46,0.00038840,8.49000000
2018-02-24 03:05:50,0.00038910,12.08000000
2018-02-24 03:05:53,0.00038860,5.65000000
2018-02-24 03:05:54,0.00038860,3.34000000
2018-02-24 03:05:54,0.00038850,19.11000000
2018-02-24 03:05:59,0.00038850,59.76000000
2018-02-24 03:06:09,0.00038860,25.00000000
2018-02-24 03:06:12,0.00038850,76.27000000
2018-02-24 03:06:19,0.00038850,7.01000000
2018-02-24 03:06:23,0.00038840,3.99000000
2018-02-24 03:06:23,0.00038860,3.25000000
2018-02-24 03:06:27,0.00038830,263.60000000
2018-02-24 03:06:27,0.00038810,370.16000000
2018-02-24 03:06:27,0.00038800,79.28000000
2018-02-24 03:06:31,0.00038860,45.29000000
2018-02-24 03:06:34,0.00038800,193.37000000
2018-02-24 03:06:36,0.00038790,269.19000000
2018-02-24 03:06:36,0.00038780,3.35000000
2018-02-24 03:06:36,0.00038770,3.99000000
2018-02-24 03:06:36,0.00038760,18.00000000
2018-02-24 03:06:36,0.00038800,54.13000000
2018-02-24 03:06:38,0.00038790,52.10000000
2018-02-24 03:06:39,0.00038790,9.50000000
2018-02-24 03:06:39,0.00038790,9.48000000
2018-02-24 03:06:39,0.00038790,108.77000000
2018-02-24 03:06:47,0.00038790,10.47000000
2018-02-24 03:06:49,0.00038770,12.61000000
2018-02-24 03:06:49,0.00038800,7.73000000
2018-02-24 03:06:50,0.00038800,20.87000000
2018-02-24 03:06:51,0.00038800,5.41000000
2018-02-24 03:06:53,0.00038800,6.44000000
2018-02-24 03:06:55,0.00038800,43.93000000
2018-02-24 03:06:57,0.00038800,7.73000000
2018-02-24 03:07:05,0.00038780,190.32000000
2018-02-24 03:07:05,0.00038770,25.79000000
2018-02-24 03:07:05,0.00038760,7.00000000
2018-02-24 03:07:05,0.00038750,20.79000000
2018-02-24 03:07:05,0.00038720,420.53000000
2018-02-24 03:07:07,0.00038790,7.48000000
2018-02-24 03:07:10,0.00038790,32.10000000
2018-02-24 03:07:14,0.00038800,7.97000000
2018-02-24 03:07:18,0.00038790,72.31000000
2018-02-24 03:07:23,0.00038780,225.60000000
2018-02-24 03:07:26,0.00038790,361.35000000
2018-02-24 03:07:29,0.00038790,322.02000000
2018-02-24 03:07:31,0.00038790,70.40000000
2018-02-24 03:07:32,0.00038780,1009.88000000
2018-02-24 03:07:32,0.00038790,7.73000000
2018-02-24 03:07:34,0.00038790,5.98000000
2018-02-24 03:07:38,0.00038790,25.77000000
2018-02-24 03:07:42,0.00038830,12.61000000
2018-02-24 03:07:42,0.00038840,36.05000000
2018-02-24 03:07:43,0.00038790,63.60000000
2018-02-24 03:07:47,0.00038790,136.38000000
2018-02-24 03:08:01,0.00038790,26.30000000
2018-02-24 03:08:02,0.00038790,5.70000000
2018-02-24 03:08:02,0.00038800,9.27000000
2018-02-24 03:08:02,0.00038800,77.30000000
2018-02-24 03:08:02,0.00038800,5.98000000
2018-02-24 03:08:03,0.00038800,5.70000000
2018-02-24 03:08:10,0.00038800,25.79000000
2018-02-24 03:08:13,0.00038840,6.44000000
2018-02-24 03:08:26,0.00038840,28.10000000
2018-02-24 03:08:27,0.00038840,6.11000000
2018-02-24 03:08:28,0.00038840,3.37000000
2018-02-24 03:08:31,0.00038860,7.93000000
2018-02-24 03:08:34,0.00038850,40.14000000
2018-02-24 03:08:37,0.00038840,49.53000000
2018-02-24 03:08:39,0.00038800,43.60000000
2018-02-24 03:08:41,0.00038840,418.68000000
2018-02-24 03:08:43,0.00038840,8.24000000
2018-02-24 03:08:54,0.00038800,0.02000000
2018-02-24 03:08:54,0.00038790,114.31000000
2018-02-24 03:08:57,0.00038800,13.52000000
2018-02-24 03:09:07,0.00038800,13.72000000
2018-02-24 03:09:11,0.00038790,3.22000000
2018-02-24 03:09:12,0.00038790,779.44000000
2018-02-24 03:09:12,0.00038780,102.60000000
2018-02-24 03:09:19,0.00038780,93.45000000
2018-02-24 03:09:45,0.00038780,119.22000000
2018-02-24 03:09:45,0.00038790,7.73000000
2018-02-24 03:09:59,0.00038790,8.58000000
2018-02-24 03:10:05,0.00038790,37.88000000
2018-02-24 03:10:38,0.00038800,26.49000000
2018-02-24 03:10:45,0.00038830,3.09000000
2018-02-24 03:10:53,0.00038820,5.67000000
2018-02-24 03:10:55,0.00038800,247.08000000
2018-02-24 03:11:02,0.00038800,64.39000000
2018-02-24 03:11:02,0.00038800,73.06000000
2018-02-24 03:11:04,0.00038820,2.00000000
2018-02-24 03:11:09,0.00038810,4.00000000
2018-02-24 03:11:09,0.00038800,39.44000000
2018-02-24 03:11:19,0.00038800,568.30000000
2018-02-24 03:11:20,0.00038800,5.49000000
2018-02-24 03:11:32,0.00038800,61.60000000
2018-02-24 03:11:32,0.00038800,86.18000000
2018-02-24 03:11:33,0.00038800,7.20000000
2018-02-24 03:11:33,0.00038800,7.74000000
2018-02-24 03:11:33,0.00038810,10.00000000
2018-02-24 03:11:34,0.00038800,184.36000000
2018-02-24 03:11:34,0.00038800,65.95000000
2018-02-24 03:11:36,0.00038810,329.81000000
2018-02-24 03:11:36,0.00038810,38.04000000
2018-02-24 03:11:37,0.00038810,6.13000000
2018-02-24 03:11:37,0.00038810,182.97000000
2018-02-24 03:11:49,0.00038810,59.39000000
2018-02-24 03:11:51,0.00038810,2.85000000
2018-02-24 03:11:58,0.00038810,408.62000000
2018-02-24 03:12:26,0.00038810,73.43000000
2018-02-24 03:12:38,0.00038810,1196.53000000
2018-02-24 03:12:40,0.00038810,25.75000000
2018-02-24 03:12:46,0.00038810,21.31000000
2018-02-24 03:12:51,0.00038800,6.25000000
2018-02-24 03:13:04,0.00038810,39.53000000
2018-02-24 03:13:04,0.00038820,2.33000000
2018-02-24 03:13:04,0.00038830,26.30000000
2018-02-24 03:13:10,0.00038830,6.44000000
2018-02-24 03:13:10,0.00038830,22.71000000
2018-02-24 03:13:14,0.00038830,28.00000000
2018-02-24 03:13:18,0.00038810,7.00000000
2018-02-24 03:13:23,0.00038820,7.36000000
2018-02-24 03:13:34,0.00038820,65.84000000
2018-02-24 03:13:40,0.00038810,18.94000000
2018-02-24 03:13:41,0.00038810,206.13000000
2018-02-24 03:13:41,0.00038810,265.90000000
2018-02-24 03:13:42,0.00038820,57.15000000
2018-02-24 03:13:56,0.00038810,18.98000000
2018-02-24 03:14:03,0.00038810,199.90000000
2018-02-24 03:14:05,0.00038820,184.60000000
2018-02-24 03:14:09,0.00038820,3.77000000
2018-02-24 03:14:11,0.00038840,387.15000000
2018-02-24 03:14:11,0.00038850,132.85000000
2018-02-24 03:14:16,0.00038820,21.30000000
2018-02-24 03:14:16,0.00038820,61.96000000
2018-02-24 03:14:17,0.00038820,51.42000000
2018-02-24 03:14:54,0.00038820,40.27000000
2018-02-24 03:15:01,0.00038820,12.66000000
2018-02-24 03:15:01,0.00038820,103.84000000
2018-02-24 03:15:14,0.00038820,155.19000000
2018-02-24 03:15:18,0.00038820,60.00000000
2018-02-24 03:15:18,0.00038850,238.00000000
2018-02-24 03:15:20,0.00038810,5.00000000
2018-02-24 03:15:53,0.00038810,3.89000000
2018-02-24 03:15:54,0.00038810,145.76000000
2018-02-24 03:15:54,0.00038820,21.29000000
2018-02-24 03:16:11,0.00038800,0.75000000
2018-02-24 03:16:11,0.00038790,4.25000000
2018-02-24 03:16:13,0.00038810,3.86000000
2018-02-24 03:16:17,0.00038810,3.51000000
2018-02-24 03:16:20,0.00038850,1000.00000000
2018-02-24 03:16:20,0.00038860,766.06000000
2018-02-24 03:16:27,0.00038840,11.69000000
2018-02-24 03:16:27,0.00038860,10.65000000
2018-02-24 03:16:27,0.00038830,113.33000000
2018-02-24 03:16:36,0.00038860,314.17000000
2018-02-24 03:16:39,0.00038840,5.59000000
2018-02-24 03:16:40,0.00038840,166.95000000
2018-02-24 03:17:11,0.00038860,18.95000000
2018-02-24 03:17:25,0.00038920,5.72000000
2018-02-24 03:17:25,0.00038930,172.54000000
2018-02-24 03:17:25,0.00038940,19.98000000
2018-02-24 03:17:25,0.00038950,14.65000000
2018-02-24 03:17:25,0.00038980,216.55000000
2018-02-24 03:17:25,0.00038990,239.47000000
2018-02-24 03:17:25,0.00038990,85.93000000
2018-02-24 03:17:26,0.00038990,86.20000000
2018-02-24 03:17:26,0.00038990,21.00000000
2018-02-24 03:17:26,0.00038990,86.19000000
2018-02-24 03:17:26,0.00038990,128.44000000
2018-02-24 03:17:26,0.00038990,292.06000000
2018-02-24 03:17:26,0.00038990,36.46000000
2018-02-24 03:17:26,0.00038990,76.94000000
2018-02-24 03:17:26,0.00038990,637.93000000
2018-02-24 03:17:27,0.00038870,257.95000000
2018-02-24 03:17:36,0.00038990,7.00000000
2018-02-24 03:17:42,0.00038990,3.08000000
2018-02-24 03:17:59,0.00038980,26.95000000
2018-02-24 03:17:59,0.00038990,18.04000000
2018-02-24 03:18:05,0.00038990,5.78000000
2018-02-24 03:18:07,0.00038990,14.00000000
2018-02-24 03:18:21,0.00038990,65.29000000
2018-02-24 03:18:21,0.00039000,1826.50000000
2018-02-24 03:18:21,0.00039000,81.71000000
2018-02-24 03:18:21,0.00039000,94.50000000
2018-02-24 03:18:21,0.00038920,51.65000000
2018-02-24 03:18:36,0.00038950,68.88000000
2018-02-24 03:18:41,0.00038950,6.99000000
2018-02-24 03:18:47,0.00039020,7.73000000
2018-02-24 03:18:47,0.00039040,7.27000000
2018-02-24 03:18:57,0.00039040,11.79000000
2018-02-24 03:18:57,0.00039040,2.77000000
2018-02-24 03:18:59,0.00039040,102.14000000
2018-02-24 03:19:01,0.00039050,12.81000000
2018-02-24 03:19:04,0.00039050,53.23000000
2018-02-24 03:19:07,0.00039050,12.81000000
2018-02-24 03:19:10,0.00039040,16.00000000
2018-02-24 03:19:10,0.00039040,10.97000000
2018-02-24 03:19:11,0.00039040,16.00000000
2018-02-24 03:19:11,0.00039040,136.18000000
2018-02-24 03:19:18,0.00039040,32.00000000
2018-02-24 03:19:29,0.00039050,6.55000000
2018-02-24 03:19:45,0.00039040,30.60000000
2018-02-24 03:19:45,0.00039050,39.32000000
2018-02-24 03:19:45,0.00039050,98.08000000
2018-02-24 03:19:46,0.00039050,40.00000000
2018-02-24 03:20:00,0.00039050,25.60000000
2018-02-24 03:20:00,0.00039050,25.60000000
2018-02-24 03:20:01,0.00039050,12.81000000
2018-02-24 03:20:05,0.00039050,71.65000000
2018-02-24 03:20:09,0.00039050,6.54000000
2018-02-24 03:20:15,0.00039050,116.44000000
2018-02-24 03:20:15,0.00039080,1.00000000
2018-02-24 03:20:22,0.00039070,2.90000000
2018-02-24 03:20:24,0.00039070,0.51000000
2018-02-24 03:20:31,0.00039060,72.89000000
2018-02-24 03:20:31,0.00039050,57.46000000
2018-02-24 03:20:31,0.00039040,626.47000000
2018-02-24 03:20:42,0.00039040,446.64000000
2018-02-24 03:20:46,0.00039030,6.61000000
2018-02-24 03:20:51,0.00039030,36.35000000
2018-02-24 03:20:51,0.00039030,10.25000000
2018-02-24 03:20:52,0.00039030,44.17000000
2018-02-24 03:20:52,0.00039030,44.16000000
2018-02-24 03:20:52,0.00039030,10.34000000
2018-02-24 03:21:10,0.00038990,42.82000000
2018-02-24 03:21:22,0.00038990,6.08000000
2018-02-24 03:21:46,0.00038970,139.03000000
2018-02-24 03:21:47,0.00038950,12.84000000
2018-02-24 03:21:51,0.00038950,22.73000000
2018-02-24 03:21:51,0.00038970,39.32000000
2018-02-24 03:21:51,0.00038980,56.42000000
2018-02-24 03:21:51,0.00038990,941.08000000
2018-02-24 03:21:51,0.00038940,4.00000000
2018-02-24 03:21:51,0.00038920,10.00000000
2018-02-24 03:21:51,0.00038900,53.21000000
2018-02-24 03:21:51,0.00038880,12.93000000
2018-02-24 03:21:51,0.00038860,419.71000000
2018-02-24 03:22:45,0.00038910,7.80000000
2018-02-24 03:22:46,0.00038910,3.10000000
2018-02-24 03:23:10,0.00038910,100.50000000
2018-02-24 03:23:10,0.00038980,53.21000000
2018-02-24 03:23:10,0.00039000,330.76000000
2018-02-24 03:23:10,0.00039040,80.53000000
2018-02-24 03:23:11,0.00038920,4.03000000
2018-02-24 03:23:13,0.00038980,2.61000000
2018-02-24 03:23:15,0.00038930,2.58000000
2018-02-24 03:23:16,0.00038940,9.85000000
2018-02-24 03:23:16,0.00038940,25.87000000
2018-02-24 03:23:16,0.00038950,25.67000000
2018-02-24 03:23:16,0.00038950,51.37000000
2018-02-24 03:23:16,0.00038950,69.05000000
2018-02-24 03:23:17,0.00038940,35.65000000
2018-02-24 03:23:17,0.00038940,33.40000000
2018-02-24 03:23:17,0.00038930,35.64000000
2018-02-24 03:23:22,0.00038940,35.71000000
2018-02-24 03:23:23,0.00038930,193.50000000
2018-02-24 03:23:31,0.00038940,0.01000000
2018-02-24 03:23:31,0.00039000,11.29000000
2018-02-24 03:23:46,0.00039000,11.35000000
2018-02-24 03:23:52,0.00039000,18.00000000
2018-02-24 03:23:56,0.00039000,4.13000000
2018-02-24 03:24:19,0.00038930,25.95000000
2018-02-24 03:24:19,0.00038870,4.05000000
2018-02-24 03:24:47,0.00038940,5.65000000
2018-02-24 03:25:16,0.00038930,231.72000000
2018-02-24 03:25:16,0.00038940,2415.96000000
2018-02-24 03:25:18,0.00038940,74.00000000
2018-02-24 03:25:21,0.00038940,16.83000000
2018-02-24 03:25:30,0.00038940,77.03000000
2018-02-24 03:25:31,0.00038940,17.55000000
2018-02-24 03:25:31,0.00038940,0.01000000
2018-02-24 03:25:38,0.00038880,18.71000000
2018-02-24 03:25:38,0.00038870,145.53000000
2018-02-24 03:25:38,0.00038860,483.66000000
2018-02-24 03:25:38,0.00038850,10.01000000
2018-02-24 03:25:39,0.00038840,124.44000000
2018-02-24 03:26:02,0.00038860,339.81000000
2018-02-24 03:26:02,0.00038850,20.34000000
2018-02-24 03:26:02,0.00038860,125.01000000
2018-02-24 03:26:02,0.00038850,72.90000000
2018-02-24 03:26:02,0.00038840,202.67000000
2018-02-24 03:26:09,0.00038910,11.69000000
2018-02-24 03:26:09,0.00038910,11.69000000
2018-02-24 03:26:09,0.00038910,11.69000000
2018-02-24 03:26:09,0.00038910,9.74000000
2018-02-24 03:26:09,0.00038910,11.69000000
2018-02-24 03:26:09,0.00038910,11.69000000
2018-02-24 03:26:09,0.00038910,25.70000000
2018-02-24 03:26:09,0.00038910,12.85000000
2018-02-24 03:26:09,0.00038840,11.69000000
2018-02-24 03:26:09,0.00038910,11.69000000
2018-02-24 03:26:16,0.00038910,5.95000000
2018-02-24 03:26:26,0.00038850,53.68000000
2018-02-24 03:26:33,0.00038910,26.35000000
2018-02-24 03:26:33,0.00038910,0.01000000
2018-02-24 03:26:49,0.00038860,25.73000000
2018-02-24 03:26:49,0.00038860,8.51000000
2018-02-24 03:26:53,0.00038860,3.00000000
2018-02-24 03:26:53,0.00038860,5.50000000
2018-02-24 03:27:05,0.00038930,20.00000000
2018-02-24 03:27:12,0.00038900,1078.00000000
2018-02-24 03:27:12,0.00038900,622.32000000
2018-02-24 03:27:12,0.00038860,325.10000000
2018-02-24 03:27:12,0.00038850,17.63000000
2018-02-24 03:27:12,0.00038840,1281.93000000
2018-02-24 03:27:12,0.00038830,103.01000000
2018-02-24 03:27:12,0.00038820,76.97000000
2018-02-24 03:27:12,0.00038810,173.50000000
2018-02-24 03:27:12,0.00038800,26.53000000
2018-02-24 03:27:12,0.00038790,257.75000000
2018-02-24 03:27:12,0.00038780,551.88000000
2018-02-24 03:27:12,0.00038760,7.68000000
2018-02-24 03:27:12,0.00038730,883.01000000
2018-02-24 03:27:12,0.00038720,15.95000000
2018-02-24 03:27:12,0.00038760,77.32000000
2018-02-24 03:27:13,0.00038770,15.00000000
2018-02-24 03:27:13,0.00038760,22.34000000
2018-02-24 03:27:14,0.00038770,10.13000000
2018-02-24 03:27:16,0.00038770,4.18000000
2018-02-24 03:27:17,0.00038760,12.39000000
2018-02-24 03:27:20,0.00038760,12.90000000
2018-02-24 03:27:26,0.00038720,12.90000000
2018-02-24 03:27:26,0.00038710,62.22000000
2018-02-24 03:27:27,0.00038740,25.80000000
2018-02-24 03:27:27,0.00038710,15.95000000
2018-02-24 03:27:28,0.00038740,6.38000000
2018-02-24 03:27:33,0.00038710,22.50000000
2018-02-24 03:27:37,0.00038760,51.60000000
2018-02-24 03:27:49,0.00038740,120.10000000
2018-02-24 03:27:50,0.00038740,83.00000000
2018-02-24 03:27:57,0.00038720,12.92000000
2018-02-24 03:28:01,0.00038720,13.95000000
2018-02-24 03:28:02,0.00038720,5.68000000
2018-02-24 03:28:04,0.00038720,7.49000000
2018-02-24 03:28:05,0.00038720,25.33000000
2018-02-24 03:28:05,0.00038720,10.33000000
2018-02-24 03:28:05,0.00038710,651.76000000
2018-02-24 03:28:09,0.00038710,252.65000000
2018-02-24 03:28:09,0.00038700,0.03000000
2018-02-24 03:28:10,0.00038700,660.37000000
2018-02-24 03:28:14,0.00038700,5.42000000
2018-02-24 03:28:14,0.00038700,5.98000000
2018-02-24 03:28:16,0.00038690,12.92000000
2018-02-24 03:28:20,0.00038690,43.89000000
2018-02-24 03:28:22,0.00038690,474.31000000
2018-02-24 03:28:23,0.00038690,3.15000000
2018-02-24 03:28:23,0.00038690,6.46000000
2018-02-24 03:28:24,0.00038690,12.92000000
2018-02-24 03:28:25,0.00038690,46.25000000
2018-02-24 03:28:28,0.00038680,816.64000000
2018-02-24 03:28:28,0.00038670,944.56000000
2018-02-24 03:28:28,0.00038650,1007.57000000
2018-02-24 03:28:28,0.00038680,50.00000000
2018-02-24 03:28:31,0.00038680,6.46000000
2018-02-24 03:28:34,0.00038680,258.57000000
2018-02-24 03:28:34,0.00038690,41.43000000
2018-02-24 03:28:48,0.00038690,2482.08000000
2018-02-24 03:28:48,0.00038690,109.29000000
2018-02-24 03:28:50,0.00038690,22.49000000
2018-02-24 03:29:07,0.00038700,864.34000000
2018-02-24 03:29:08,0.00038700,0.02000000
2018-02-24 03:29:09,0.00038700,21.60000000
2018-02-24 03:29:11,0.00038700,558.19000000
2018-02-24 03:29:12,0.00038710,32.55000000
2018-02-24 03:29:12,0.00038700,4.00000000
2018-02-24 03:29:14,0.00038700,182.58000000
2018-02-24 03:29:14,0.00038700,21.39000000
2018-02-24 03:29:16,0.00038700,77.51000000
2018-02-24 03:29:16,0.00038700,58.34000000
2018-02-24 03:29:16,0.00038690,77.52000000
2018-02-24 03:29:22,0.00038700,5.00000000
2018-02-24 03:29:25,0.00038690,512.17000000
2018-02-24 03:29:25,0.00038690,14.79000000
2018-02-24 03:29:26,0.00038710,25.83000000
2018-02-24 03:29:29,0.00038690,1507.98000000
2018-02-24 03:29:32,0.00038690,2500.00000000
2018-02-24 03:29:34,0.00038690,19.30000000
2018-02-24 03:29:36,0.00038660,30.32000000
2018-02-24 03:29:38,0.00038660,2.18000000
2018-02-24 03:29:44,0.00038670,4.02000000
2018-02-24 03:29:45,0.00038670,8.91000000
2018-02-24 03:29:45,0.00038660,15.39000000
2018-02-24 03:29:47,0.00038690,12.92000000
2018-02-24 03:29:53,0.00038690,88.84000000
2018-02-24 03:29:53,0.00038690,4.00000000
2018-02-24 03:29:54,0.00038690,20.13000000
2018-02-24 03:29:54,0.00038710,37.21000000
2018-02-24 03:29:54,0.00038730,50.39000000
2018-02-24 03:29:58,0.00038760,3.33000000
2018-02-24 03:29:58,0.00038760,4.37000000
2018-02-24 03:29:59,0.00038760,10.32000000
2018-02-24 03:30:01,0.00038680,100.00000000
2018-02-24 03:30:03,0.00038750,53.94000000
2018-02-24 03:30:06,0.00038750,13.68000000
2018-02-24 03:30:07,0.00038750,13.44000000
2018-02-24 03:30:07,0.00038750,6.45000000
2018-02-24 03:30:15,0.00038750,5.69000000
2018-02-24 03:30:19,0.00038750,5.69000000
2018-02-24 03:30:25,0.00038760,4.64000000
2018-02-24 03:30:28,0.00038750,151.25000000
2018-02-24 03:30:32,0.00038750,12.89000000
2018-02-24 03:30:33,0.00038750,101.00000000
2018-02-24 03:30:40,0.00038740,15.23000000
2018-02-24 03:30:44,0.00038740,15.14000000
2018-02-24 03:30:44,0.00038750,53.13000000
2018-02-24 03:30:57,0.00038750,1037.50000000
2018-02-24 03:30:57,0.00038750,20.94000000
2018-02-24 03:31:06,0.00038720,77.31000000
2018-02-24 03:31:07,0.00038760,1828.91000000
2018-02-24 03:31:13,0.00038760,25.79000000
2018-02-24 03:31:19,0.00038750,6.00000000
2018-02-24 03:31:28,0.00038760,25.79000000
2018-02-24 03:31:30,0.00038750,41.74000000
2018-02-24 03:31:30,0.00038730,3.23000000
2018-02-24 03:31:31,0.00038750,12.49000000
2018-02-24 03:31:32,0.00038760,5.68000000
2018-02-24 03:31:35,0.00038760,364.24000000
2018-02-24 03:31:43,0.00038750,0.06000000
2018-02-24 03:31:53,0.00038760,72.00000000
2018-02-24 03:32:04,0.00038760,7.74000000
2018-02-24 03:32:08,0.00038750,77.41000000
2018-02-24 03:32:08,0.00038750,41.85000000
2018-02-24 03:32:09,0.00038750,12.36000000
2018-02-24 03:32:09,0.00038750,0.01000000
2018-02-24 03:32:11,0.00038750,5.67000000
2018-02-24 03:32:12,0.00038750,68.45000000
2018-02-24 03:32:16,0.00038750,77.41000000
2018-02-24 03:32:16,0.00038750,16.64000000
2018-02-24 03:32:16,0.00038750,42.33000000
2018-02-24 03:32:20,0.00038750,34.01000000
2018-02-24 03:32:25,0.00038750,252.35000000
2018-02-24 03:32:26,0.00038750,661.56000000
2018-02-24 03:32:29,0.00038750,10.13000000
2018-02-24 03:32:34,0.00038730,77.44000000
2018-02-24 03:32:35,0.00038730,31.92000000
2018-02-24 03:32:37,0.00038730,6.90000000
2018-02-24 03:33:02,0.00038750,241.95000000
2018-02-24 03:33:02,0.00038760,1863.02000000
2018-02-24 03:33:02,0.00038770,61.38000000
2018-02-24 03:33:05,0.00038830,28.48000000
2018-02-24 03:33:19,0.00038770,36.14000000
2018-02-24 03:33:19,0.00038830,21.00000000
2018-02-24 03:33:27,0.00038770,51.98000000
2018-02-24 03:33:27,0.00038770,129.58000000
2018-02-24 03:33:27,0.00038770,60.71000000
2018-02-24 03:33:27,0.00038770,0.02000000
2018-02-24 03:33:28,0.00038760,77.38000000
2018-02-24 03:33:28,0.00038770,125.40000000
2018-02-24 03:33:28,0.00038760,77.37000000
2018-02-24 03:33:28,0.00038770,0.08000000
2018-02-24 03:33:28,0.00038830,373.34000000
2018-02-24 03:33:28,0.00038830,373.04000000
2018-02-24 03:33:29,0.00038760,125.40000000
2018-02-24 03:33:30,0.00038760,109.11000000
2018-02-24 03:33:31,0.00038770,125.40000000
2018-02-24 03:33:32,0.00038760,109.26000000
2018-02-24 03:33:33,0.00038810,125.40000000
2018-02-24 03:33:33,0.00038830,244.55000000
2018-02-24 03:33:34,0.00038770,125.06000000
2018-02-24 03:33:34,0.00038840,110.00000000
2018-02-24 03:33:35,0.00038770,54.53000000
2018-02-24 03:33:35,0.00038800,77.30000000
2018-02-24 03:33:35,0.00038800,77.31000000
2018-02-24 03:33:35,0.00038800,77.30000000
2018-02-24 03:33:35,0.00038800,19.07000000
2018-02-24 03:33:35,0.00038800,0.01000000
2018-02-24 03:33:36,0.00038770,19.05000000
2018-02-24 03:33:36,0.00038770,77.37000000
2018-02-24 03:33:36,0.00038780,12.39000000
2018-02-24 03:33:36,0.00038770,0.17000000
2018-02-24 03:33:36,0.00038830,54.52000000
2018-02-24 03:33:36,0.00038770,52.24000000
2018-02-24 03:33:37,0.00038810,265.14000000
2018-02-24 03:33:37,0.00038820,38.75000000
2018-02-24 03:33:47,0.00038830,12.91000000
2018-02-24 03:33:48,0.00038780,77.34000000
2018-02-24 03:33:48,0.00038780,77.34000000
2018-02-24 03:33:48,0.00038780,21.47000000
2018-02-24 03:33:51,0.00038790,77.32000000
2018-02-24 03:33:51,0.00038790,47.74000000
2018-02-24 03:34:00,0.00038780,0.01000000
2018-02-24 03:34:00,0.00038780,15.99000000
2018-02-24 03:34:01,0.00038770,0.01000000
2018-02-24 03:34:01,0.00038770,11.72000000
2018-02-24 03:34:01,0.00038760,15.89000000
2018-02-24 03:34:02,0.00038770,14.99000000
2018-02-24 03:34:02,0.00038770,0.01000000
2018-02-24 03:34:03,0.00038760,46.34000000
2018-02-24 03:34:03,0.00038760,125.06000000
2018-02-24 03:34:03,0.00038770,14.89000000
2018-02-24 03:34:03,0.00038820,15.00000000
2018-02-24 03:34:04,0.00038770,77.36000000
2018-02-24 03:34:04,0.00038770,21.12000000
2018-02-24 03:34:04,0.00038770,26.57000000
2018-02-24 03:34:05,0.00038770,0.02000000
2018-02-24 03:34:05,0.00038760,77.38000000
2018-02-24 03:34:07,0.00038760,77.39000000
2018-02-24 03:34:07,0.00038820,125.07000000
2018-02-24 03:34:09,0.00038770,77.36000000
2018-02-24 03:34:09,0.00038770,47.71000000
2018-02-24 03:34:09,0.00038760,77.39000000
2018-02-24 03:34:09,0.00038760,77.38000000
2018-02-24 03:34:09,0.00038770,77.36000000
2018-02-24 03:34:09,0.00038770,47.71000000
2018-02-24 03:34:09,0.00038770,15.00000000
2018-02-24 03:34:09,0.00038760,4.29000000
2018-02-24 03:34:09,0.00038820,15.00000000
2018-02-24 03:34:11,0.00038810,190.54000000
2018-02-24 03:34:11,0.00038810,59.60000000
2018-02-24 03:34:12,0.00038770,140.06000000
2018-02-24 03:34:12,0.00038770,0.01000000
2018-02-24 03:34:13,0.00038760,77.35000000
2018-02-24 03:34:13,0.00038760,77.37000000
2018-02-24 03:34:13,0.00038770,33.53000000
2018-02-24 03:34:13,0.00038800,15.00000000
2018-02-24 03:34:16,0.00038810,3.09000000
2018-02-24 03:34:26,0.00038790,116.01000000
2018-02-24 03:34:30,0.00038790,31.79000000
2018-02-24 03:34:31,0.00038770,0.02000000
2018-02-24 03:34:31,0.00038760,4.78000000
2018-02-24 03:34:39,0.00038780,47.71000000
2018-02-24 03:34:39,0.00038790,14.75000000
2018-02-24 03:34:41,0.00038780,58.89000000
2018-02-24 03:34:51,0.00038790,38.74000000
2018-02-24 03:34:51,0.00038800,77.48000000
2018-02-24 03:34:55,0.00038800,6.39000000
2018-02-24 03:34:59,0.00038800,30.55000000
2018-02-24 03:35:01,0.00038800,30.00000000
2018-02-24 03:35:04,0.00038800,47.23000000
2018-02-24 03:35:04,0.00038810,2.77000000
2018-02-24 03:35:07,0.00038790,4.54000000
2018-02-24 03:35:10,0.00038790,6.63000000
2018-02-24 03:35:18,0.00038790,29.70000000
2018-02-24 03:35:18,0.00038780,150.00000000
2018-02-24 03:35:18,0.00038760,8531.24000000
2018-02-24 03:35:23,0.00038760,30.38000000
2018-02-24 03:35:23,0.00038750,38.25000000
2018-02-24 03:35:23,0.00038740,124.66000000
2018-02-24 03:35:23,0.00038730,944.54000000
2018-02-24 03:35:26,0.00038730,155.04000000
2018-02-24 03:35:26,0.00038720,17.29000000
2018-02-24 03:35:26,0.00038710,100.00000000
2018-02-24 03:35:26,0.00038690,50.30000000
2018-02-24 03:35:26,0.00038670,257.89000000
2018-02-24 03:35:26,0.00038650,470.58000000
2018-02-24 03:35:26,0.00038630,59.46000000
2018-02-24 03:35:26,0.00038630,77.48000000
2018-02-24 03:35:26,0.00038630,120.20000000
2018-02-24 03:35:26,0.00038630,120.22000000
2018-02-24 03:35:26,0.00038630,77.38000000
2018-02-24 03:35:26,0.00038630,100.17000000
2018-02-24 03:35:26,0.00038630,25.88000000
2018-02-24 03:35:26,0.00038630,77.65000000
2018-02-24 03:35:26,0.00038630,98.08000000
2018-02-24 03:35:26,0.00038630,77.56000000
2018-02-24 03:35:26,0.00038630,120.20000000
2018-02-24 03:35:26,0.00038630,77.59000000
2018-02-24 03:35:26,0.00038630,77.59000000
2018-02-24 03:35:26,0.00038620,29.48000000
2018-02-24 03:35:26,0.00038630,77.58000000
2018-02-24 03:35:26,0.00038630,129.43000000
2018-02-24 03:35:26,0.00038630,77.59000000
2018-02-24 03:35:26,0.00038610,48.08000000
2018-02-24 03:35:26,0.00038630,28.10000000
2018-02-24 03:35:26,0.00038610,77.59000000
2018-02-24 03:35:26,0.00038630,12.94000000
2018-02-24 03:35:26,0.00038630,9.33000000
2018-02-24 03:35:26,0.00038630,130.03000000
2018-02-24 03:35:27,0.00038640,15.00000000
2018-02-24 03:35:27,0.00038630,22.01000000
2018-02-24 03:35:27,0.00038620,87.65000000
2018-02-24 03:35:28,0.00038660,30.49000000
2018-02-24 03:35:29,0.00038660,218.83000000
2018-02-24 03:35:29,0.00038610,144.02000000
2018-02-24 03:35:29,0.00038600,681.33000000
2018-02-24 03:35:29,0.00038590,1535.84000000
2018-02-24 03:35:32,0.00038640,87.65000000
2018-02-24 03:35:32,0.00038650,15.00000000
2018-02-24 03:35:33,0.00038590,28.16000000
2018-02-24 03:35:33,0.00038580,522.24000000
2018-02-24 03:35:33,0.00038560,172.60000000
2018-02-24 03:35:33,0.00038550,177.11000000
2018-02-24 03:35:33,0.00038540,157.80000000
2018-02-24 03:35:33,0.00038530,297.00000000
2018-02-24 03:35:33,0.00038520,253.68000000
2018-02-24 03:35:33,0.00038510,3834.88000000
2018-02-24 03:35:33,0.00038630,249.32000000
2018-02-24 03:35:33,0.00038660,24.73000000
2018-02-24 03:35:33,0.00038660,1.06000000
2018-02-24 03:35:35,0.00038610,3.00000000
2018-02-24 03:35:44,0.00038630,6.04000000
2018-02-24 03:35:49,0.00038690,7.75000000
2018-02-24 03:35:55,0.00038620,19.85000000
2018-02-24 03:36:09,0.00038650,5.24000000
2018-02-24 03:36:17,0.00038590,10.00000000
2018-02-24 03:36:23,0.00038650,2.76000000
2018-02-24 03:36:25,0.00038640,98.46000000
2018-02-24 03:36:26,0.00038650,21.62000000
2018-02-24 03:36:26,0.00038650,4.93000000
2018-02-24 03:36:26,0.00038590,21.61000000
2018-02-24 03:36:26,0.00038590,4.93000000
2018-02-24 03:36:28,0.00038620,124.66000000
2018-02-24 03:36:29,0.00038610,10.35000000
2018-02-24 03:36:31,0.00038610,12.95000000
2018-02-24 03:36:44,0.00038610,615.63000000
2018-02-24 03:36:46,0.00038610,5.97000000
2018-02-24 03:36:54,0.00038620,204.17000000
2018-02-24 03:36:59,0.00038610,2.60000000
2018-02-24 03:37:00,0.00038610,63.00000000
2018-02-24 03:37:02,0.00038620,21.40000000
2018-02-24 03:37:02,0.00038620,77.60000000
2018-02-24 03:37:02,0.00038620,77.61000000
2018-02-24 03:37:02,0.00038620,77.61000000
2018-02-24 03:37:03,0.00038620,129.47000000
2018-02-24 03:37:03,0.00038620,77.60000000
2018-02-24 03:37:03,0.00038620,155.84000000
2018-02-24 03:37:03,0.00038610,1542.81000000
2018-02-24 03:37:04,0.00038620,23.02000000
2018-02-24 03:37:04,0.00038610,23.01000000
2018-02-24 03:37:05,0.00038650,35.64000000
2018-02-24 03:37:05,0.00038690,19.85000000
2018-02-24 03:37:05,0.00038700,100.00000000
2018-02-24 03:37:05,0.00038710,120.02000000
2018-02-24 03:37:06,0.00038620,12.88000000
2018-02-24 03:37:08,0.00038700,15.88000000
2018-02-24 03:37:09,0.00038740,1.53000000
2018-02-24 03:37:11,0.00038730,5.16000000
2018-02-24 03:37:13,0.00038660,6.08000000
2018-02-24 03:37:24,0.00038710,6.08000000
2018-02-24 03:37:28,0.00038730,53.45000000
2018-02-24 03:37:38,0.00038720,170.00000000
2018-02-24 03:37:40,0.00038720,4.90000000
2018-02-24 03:37:40,0.00038720,4.90000000
2018-02-24 03:37:40,0.00038720,12.91000000
2018-02-24 03:37:44,0.00038720,6.46000000
2018-02-24 03:37:52,0.00038660,7.69000000
2018-02-24 03:37:56,0.00038690,51.41000000
2018-02-24 03:38:08,0.00038720,4.00000000
2018-02-24 03:38:09,0.00038690,72.82000000
2018-02-24 03:38:13,0.00038720,23.23000000
2018-02-24 03:38:13,0.00038700,77.51000000
2018-02-24 03:38:14,0.00038700,54.79000000
2018-02-24 03:38:14,0.00038700,59.18000000
2018-02-24 03:38:16,0.00038700,2.60000000
2018-02-24 03:38:18,0.00038720,5.68000000
2018-02-24 03:38:19,0.00038690,77.53000000
2018-02-24 03:38:19,0.00038690,26.65000000
2018-02-24 03:38:19,0.00038690,22.45000000
2018-02-24 03:38:29,0.00038720,5.16000000
2018-02-24 03:38:33,0.00038700,18.39000000
2018-02-24 03:38:33,0.00038690,75.61000000
2018-02-24 03:38:36,0.00038690,22.00000000
2018-02-24 03:38:38,0.00038720,13.34000000
2018-02-24 03:38:38,0.00038730,51.94000000
2018-02-24 03:38:44,0.00038700,8.57000000
2018-02-24 03:39:04,0.00038730,5.68000000
2018-02-24 03:39:23,0.00038730,3.00000000
2018-02-24 03:39:29,0.00038730,62.00000000
2018-02-24 03:39:39,0.00038730,25.00000000
2018-02-24 03:39:39,0.00038700,210.69000000
2018-02-24 03:39:39,0.00038690,2161.99000000
2018-02-24 03:39:39,0.00038690,4.00000000
2018-02-24 03:39:41,0.00038680,224.34000000
2018-02-24 03:39:46,0.00038690,70.40000000
2018-02-24 03:39:47,0.00038690,125.00000000
2018-02-24 03:39:50,0.00038690,697.99000000
2018-02-24 03:39:50,0.00038710,222.54000000
2018-02-24 03:40:00,0.00038710,14.21000000
2018-02-24 03:40:01,0.00038710,32.09000000
2018-02-24 03:40:02,0.00038710,74.75000000
2018-02-24 03:40:02,0.00038710,21.53000000
2018-02-24 03:40:04,0.00038710,298.61000000
2018-02-24 03:40:15,0.00038710,204.96000000
2018-02-24 03:40:27,0.00038710,245.59000000
2018-02-24 03:40:57,0.00038700,15.00000000
2018-02-24 03:40:57,0.00038710,15.00000000
2018-02-24 03:41:02,0.00038710,30.62000000
2018-02-24 03:41:10,0.00038710,10.32000000
2018-02-24 03:41:10,0.00038710,41.79000000
2018-02-24 03:41:10,0.00038720,54.21000000
2018-02-24 03:41:10,0.00038720,12.43000000
2018-02-24 03:41:12,0.00038720,27.03000000
2018-02-24 03:41:12,0.00038720,27.04000000
2018-02-24 03:41:12,0.00038720,27.04000000
2018-02-24 03:41:12,0.00038690,27.04000000
2018-02-24 03:41:19,0.00038720,77.42000000
2018-02-24 03:41:19,0.00038730,6.24000000
2018-02-24 03:41:41,0.00038720,25.18000000
2018-02-24 03:42:15,0.00038720,77.44000000
2018-02-24 03:42:16,0.00038720,15.50000000
2018-02-24 03:42:18,0.00038720,21.30000000
2018-02-24 03:42:18,0.00038720,15.68000000
2018-02-24 03:42:23,0.00038710,5.95000000
2018-02-24 03:42:30,0.00038710,9.67000000
2018-02-24 03:42:34,0.00038710,3.84000000
2018-02-24 03:42:35,0.00038710,14.39000000
2018-02-24 03:42:52,0.00038710,38.73000000
2018-02-24 03:43:01,0.00038720,78.54000000
2018-02-24 03:43:05,0.00038720,15.00000000
2018-02-24 03:43:16,0.00038710,470.05000000
2018-02-24 03:43:19,0.00038670,12.93000000
2018-02-24 03:43:19,0.00038650,192.07000000
2018-02-24 03:43:21,0.00038710,2.59000000
2018-02-24 03:43:46,0.00038700,341.87000000
2018-02-24 03:43:46,0.00038700,343.34000000
2018-02-24 03:44:01,0.00038710,129.17000000
2018-02-24 03:44:01,0.00038710,77.43000000
2018-02-24 03:44:01,0.00038700,55.18000000
2018-02-24 03:44:23,0.00038710,15.00000000
2018-02-24 03:44:47,0.00038710,387.51000000
2018-02-24 03:45:04,0.00038700,2.90000000
2018-02-24 03:45:06,0.00038710,12.14000000
2018-02-24 03:45:17,0.00038710,434.97000000
2018-02-24 03:45:20,0.00038700,7.00000000
2018-02-24 03:45:20,0.00038700,100.00000000
2018-02-24 03:45:22,0.00038710,2.95000000
2018-02-24 03:45:34,0.00038700,54.34000000
2018-02-24 03:45:36,0.00038700,329.73000000
2018-02-24 03:45:40,0.00038710,98.40000000
2018-02-24 03:45:42,0.00038700,48.95000000
2018-02-24 03:45:50,0.00038700,28.07000000
2018-02-24 03:46:10,0.00038710,120.57000000
2018-02-24 03:46:26,0.00038710,250.00000000
2018-02-24 03:46:28,0.00038710,9.39000000
2018-02-24 03:46:41,0.00038710,33.65000000
2018-02-24 03:46:44,0.00038720,49.84000000
2018-02-24 03:47:02,0.00038720,26.00000000
2018-02-24 03:47:11,0.00038700,29.76000000
2018-02-24 03:47:11,0.00038700,6.66000000
2018-02-24 03:47:11,0.00038700,3.62000000
2018-02-24 03:47:12,0.00038700,33.21000000
2018-02-24 03:47:12,0.00038700,77.32000000
2018-02-24 03:47:12,0.00038700,4.50000000
2018-02-24 03:47:12,0.00038700,7.31000000
2018-02-24 03:47:13,0.00038700,8.22000000
2018-02-24 03:47:13,0.00038700,51.62000000
2018-02-24 03:47:13,0.00038690,5.23000000
2018-02-24 03:47:13,0.00038690,2.99000000
2018-02-24 03:47:13,0.00038700,37.01000000
2018-02-24 03:47:17,0.00038670,12.25000000
2018-02-24 03:47:18,0.00038700,22.83000000
2018-02-24 03:47:25,0.00038720,0.70000000
2018-02-24 03:47:25,0.00038740,19.98000000
2018-02-24 03:47:31,0.00038740,29.32000000
2018-02-24 03:47:35,0.00038740,6.45000000
2018-02-24 03:47:39,0.00038740,4.00000000
2018-02-24 03:47:46,0.00038740,0.22000000
2018-02-24 03:47:46,0.00038760,99.78000000
2018-02-24 03:47:58,0.00038760,9.40000000
2018-02-24 03:48:01,0.00038760,24.35000000
2018-02-24 03:48:11,0.00038820,30.00000000
2018-02-24 03:48:19,0.00038810,12.00000000
2018-02-24 03:48:32,0.00038810,23.19000000
2018-02-24 03:48:36,0.00038810,10.00000000
2018-02-24 03:48:37,0.00038810,67.74000000
2018-02-24 03:48:37,0.00038810,15.03000000
2018-02-24 03:48:37,0.00038810,45.00000000
2018-02-24 03:48:43,0.00038810,5.68000000
2018-02-24 03:48:43,0.00038810,5.68000000
2018-02-24 03:48:46,0.00038800,5.68000000
2018-02-24 03:48:48,0.00038800,3.61000000
2018-02-24 03:48:55,0.00038760,10.00000000
2018-02-24 03:49:19,0.00038800,19.00000000
2018-02-24 03:49:20,0.00038800,30.76000000
2018-02-24 03:49:21,0.00038800,10.34000000
2018-02-24 03:49:21,0.00038800,10.33000000
2018-02-24 03:49:21,0.00038800,14.89000000
2018-02-24 03:49:21,0.00038800,77.31000000
2018-02-24 03:49:22,0.00038800,5.68000000
2018-02-24 03:49:22,0.00038800,144.36000000
2018-02-24 03:49:22,0.00038810,3.67000000
2018-02-24 03:49:22,0.00038820,208.43000000
2018-02-24 03:49:27,0.00038800,7.68000000
2018-02-24 03:49:30,0.00038800,139.02000000
2018-02-24 03:49:31,0.00038800,27.03000000
2018-02-24 03:49:31,0.00038800,6.58000000
2018-02-24 03:49:36,0.00038800,596.32000000
2018-02-24 03:49:38,0.00038820,3.00000000
2018-02-24 03:50:13,0.00038800,56.66000000
2018-02-24 03:50:15,0.00038800,70.76000000
2018-02-24 03:50:18,0.00038810,10.56000000
2018-02-24 03:50:53,0.00038810,12.89000000
2018-02-24 03:50:53,0.00038810,16.54000000
2018-02-24 03:50:59,0.00038810,12.89000000
2018-02-24 03:51:06,0.00038800,6.57000000
2018-02-24 03:51:16,0.00038810,255.73000000
2018-02-24 03:51:23,0.00038810,22.90000000
2018-02-24 03:51:40,0.00038810,33.84000000
2018-02-24 03:52:26,0.00038810,82.90000000
2018-02-24 03:52:48,0.00038810,295.63000000
2018-02-24 03:52:56,0.00038810,5.68000000
2018-02-24 03:52:56,0.00038810,5.68000000
2018-02-24 03:53:01,0.00038770,12.90000000
2018-02-24 03:53:02,0.00038760,4.98000000
2018-02-24 03:53:02,0.00038760,3.00000000
2018-02-24 03:53:11,0.00038750,12.91000000
2018-02-24 03:53:11,0.00038740,7.09000000
2018-02-24 03:53:11,0.00038760,3.38000000
2018-02-24 03:53:11,0.00038770,13.46000000
2018-02-24 03:53:13,0.00038810,3.09000000
2018-02-24 03:53:41,0.00038800,8.19000000
2018-02-24 03:53:51,0.00038800,91.81000000
2018-02-24 03:53:51,0.00038810,10.19000000
2018-02-24 03:53:59,0.00038800,15.00000000
2018-02-24 03:53:59,0.00038810,384.87000000
2018-02-24 03:53:59,0.00038830,115.63000000
2018-02-24 03:53:59,0.00038840,7.75000000
2018-02-24 03:53:59,0.00038850,53.65000000
2018-02-24 03:53:59,0.00038860,923.10000000
2018-02-24 03:54:04,0.00038820,14.99000000
2018-02-24 03:54:05,0.00038860,6.43000000
2018-02-24 03:54:06,0.00038810,145.17000000
2018-02-24 03:54:06,0.00038780,25.78000000
2018-02-24 03:54:06,0.00038760,124.01000000
2018-02-24 03:54:06,0.00038750,308.93000000
2018-02-24 03:54:11,0.00038810,124.01000000
2018-02-24 03:54:11,0.00038820,25.78000000
2018-02-24 03:54:11,0.00038840,115.34000000
2018-02-24 03:54:18,0.00038840,5.68000000
2018-02-24 03:54:53,0.00038830,5.68000000
2018-02-24 03:54:53,0.00038840,65.50000000
2018-02-24 03:54:59,0.00038810,8.25000000
2018-02-24 03:55:11,0.00038810,114.16000000
2018-02-24 03:55:11,0.00038810,6.44000000
2018-02-24 03:55:12,0.00038810,12.82000000
2018-02-24 03:55:12,0.00038810,10.00000000
2018-02-24 03:55:18,0.00038820,67.65000000
2018-02-24 03:55:23,0.00038810,49.79000000
2018-02-24 03:55:31,0.00038820,30.06000000
2018-02-24 03:55:31,0.00038810,77.28000000
2018-02-24 03:55:38,0.00038820,15.00000000
2018-02-24 03:55:40,0.00038820,1200.00000000
2018-02-24 03:55:54,0.00038860,2.58000000
2018-02-24 03:56:28,0.00038850,5.00000000
2018-02-24 03:56:34,0.00038810,2.24000000
2018-02-24 03:56:34,0.00038770,13.87000000
2018-02-24 03:57:15,0.00038780,125.00000000
2018-02-24 03:57:16,0.00038780,31.53000000
2018-02-24 03:57:16,0.00038830,15.01000000
2018-02-24 03:57:16,0.00038840,14.99000000
2018-02-24 03:57:22,0.00038790,20.00000000
2018-02-24 03:57:23,0.00038830,5.00000000
2018-02-24 03:57:23,0.00038840,13.87000000
2018-02-24 03:57:23,0.00038850,61.63000000
2018-02-24 03:57:25,0.00038790,4.73000000
2018-02-24 03:57:29,0.00038820,23.40000000
2018-02-24 03:57:32,0.00038790,4.73000000
2018-02-24 03:57:33,0.00038800,77.31000000
2018-02-24 03:57:34,0.00038800,45.15000000
2018-02-24 03:57:35,0.00038790,4.73000000
2018-02-24 03:57:36,0.00038790,77.33000000
2018-02-24 03:57:36,0.00038790,4.50000000
2018-02-24 03:57:36,0.00038790,61.13000000
2018-02-24 03:57:37,0.00038790,4.73000000
2018-02-24 03:57:51,0.00038790,16.53000000
2018-02-24 03:58:04,0.00038790,147.53000000
2018-02-24 03:58:08,0.00038780,0.02000000
2018-02-24 03:58:17,0.00038780,3.43000000
2018-02-24 03:58:34,0.00038780,114.16000000
2018-02-24 03:58:34,0.00038780,13.23000000
2018-02-24 03:58:34,0.00038780,77.34000000
2018-02-24 03:58:34,0.00038780,137.33000000
2018-02-24 03:58:34,0.00038770,25.79000000
2018-02-24 03:58:34,0.00038760,178.94000000
2018-02-24 03:58:34,0.00038760,40.21000000
2018-02-24 03:58:34,0.00038760,77.38000000
2018-02-24 03:58:34,0.00038760,9.87000000
2018-02-24 03:58:36,0.00038760,104.67000000
2018-02-24 03:58:36,0.00038730,200.00000000
2018-02-24 03:58:36,0.00038720,117.16000000
2018-02-24 03:58:36,0.00038710,407.73000000
2018-02-24 03:58:36,0.00038700,175.05000000
2018-02-24 03:58:36,0.00038680,39.58000000
2018-02-24 03:58:36,0.00038660,387.99000000
2018-02-24 03:58:36,0.00038650,811.77000000
2018-02-24 03:58:36,0.00038630,7.69000000
2018-02-24 03:58:36,0.00038600,719.94000000
2018-02-24 03:58:36,0.00038560,1487.07000000
2018-02-24 03:58:36,0.00038550,1968.50000000
2018-02-24 03:58:36,0.00038540,527.25000000
2018-02-24 03:58:36,0.00038530,545.60000000
2018-02-24 03:58:38,0.00038700,11.16000000
2018-02-24 03:58:40,0.00038690,25.79000000
2018-02-24 03:58:40,0.00038700,178.38000000
2018-02-24 03:58:43,0.00038690,5.67000000
2018-02-24 03:58:49,0.00038590,25.91000000
2018-02-24 03:58:49,0.00038590,136.15000000
2018-02-24 03:58:49,0.00038590,77.66000000
2018-02-24 03:58:49,0.00038590,77.66000000
2018-02-24 03:58:49,0.00038590,69.90000000
2018-02-24 03:58:49,0.00038590,0.71000000
2018-02-24 03:58:50,0.00038680,45.73000000
2018-02-24 03:58:54,0.00038680,16.46000000
2018-02-24 03:59:08,0.00038590,0.02000000
2018-02-24 03:59:08,0.00038590,60.66000000
2018-02-24 03:59:15,0.00038640,3.19000000
2018-02-24 03:59:15,0.00038590,430.19000000
2018-02-24 03:59:15,0.00038590,673.26000000
2018-02-24 03:59:15,0.00038590,15.97000000
2018-02-24 03:59:15,0.00038590,15.97000000
2018-02-24 03:59:15,0.00038590,62.36000000
2018-02-24 03:59:15,0.00038580,15.97000000
2018-02-24 03:59:15,0.00038590,62.36000000
2018-02-24 03:59:15,0.00038580,187.44000000
2018-02-24 03:59:15,0.00038530,99.01000000
2018-02-24 03:59:15,0.00038530,62.36000000
2018-02-24 03:59:16,0.00038590,25.87000000
2018-02-24 03:59:17,0.00038580,25.92000000
2018-02-24 03:59:20,0.00038580,330.00000000
2018-02-24 03:59:20,0.00038530,5.63000000
2018-02-24 03:59:20,0.00038580,6.55000000
2018-02-24 03:59:21,0.00038540,222.89000000
2018-02-24 03:59:21,0.00038530,554.63000000
2018-02-24 03:59:22,0.00038580,54.10000000
2018-02-24 03:59:22,0.00038590,28.60000000
2018-02-24 03:59:22,0.00038570,12.91000000
2018-02-24 03:59:24,0.00038580,142.56000000
2018-02-24 03:59:25,0.00038580,25.40000000
2018-02-24 03:59:25,0.00038580,56.68000000
2018-02-24 03:59:27,0.00038590,14.22000000
2018-02-24 03:59:28,0.00038590,16.10000000
2018-02-24 03:59:31,0.00038590,9.07000000
2018-02-24 03:59:33,0.00038590,7.77000000
2018-02-24 03:59:33,0.00038590,45.27000000
2018-02-24 03:59:33,0.00038590,45.27000000
2018-02-24 03:59:33,0.00038580,45.27000000
2018-02-24 03:59:40,0.00038590,109.10000000
2018-02-24 03:59:40,0.00038590,140.04000000
2018-02-24 03:59:42,0.00038540,185.64000000
2018-02-24 03:59:42,0.00038530,254.25000000
2018-02-24 03:59:42,0.00038590,100.00000000
2018-02-24 03:59:43,0.00038570,22.45000000
2018-02-24 03:59:44,0.00038530,11.17000000
2018-02-24 03:59:55,0.00038570,1.54000000
2018-02-24 03:59:55,0.00038590,86.57000000
