DATE,PRICE,VOLUME
2018-02-25 19:00:02,0.00039700,29.13000000
2018-02-25 19:00:12,0.00039690,10.00000000
2018-02-25 19:00:15,0.00039690,230.92000000
2018-02-25 19:00:30,0.00039670,10.00000000
2018-02-25 19:00:30,0.00039660,240.92000000
2018-02-25 19:00:30,0.00039650,394.84000000
2018-02-25 19:00:31,0.00039650,232.67000000
2018-02-25 19:00:31,0.00039650,8.07000000
2018-02-25 19:00:32,0.00039650,20.00000000
2018-02-25 19:00:32,0.00039650,436.31000000
2018-02-25 19:00:34,0.00039650,148.80000000
2018-02-25 19:00:34,0.00039650,27.75000000
2018-02-25 19:00:40,0.00039650,214.55000000
2018-02-25 19:00:47,0.00039690,3.27000000
2018-02-25 19:00:56,0.00039690,22.97000000
2018-02-25 19:00:59,0.00039690,7.11000000
2018-02-25 19:00:59,0.00039690,17.79000000
2018-02-25 19:01:01,0.00039690,19.78000000
2018-02-25 19:01:05,0.00039690,299.84000000
2018-02-25 19:01:17,0.00039700,16.02000000
2018-02-25 19:01:18,0.00039700,73.12000000
2018-02-25 19:01:19,0.00039700,117.11000000
2018-02-25 19:01:19,0.00039700,48.64000000
2018-02-25 19:01:21,0.00039700,73.12000000
2018-02-25 19:01:24,0.00039700,410.99000000
2018-02-25 19:01:36,0.00039700,220.94000000
2018-02-25 19:01:50,0.00039700,30.00000000
2018-02-25 19:01:53,0.00039700,201.16000000
2018-02-25 19:02:03,0.00039700,41.00000000
2018-02-25 19:02:06,0.00039700,74.55000000
2018-02-25 19:02:08,0.00039690,100.00000000
2018-02-25 19:02:19,0.00039690,101.13000000
2018-02-25 19:02:22,0.00039690,19.87000000
2018-02-25 19:02:24,0.00039700,133.36000000
2018-02-25 19:02:36,0.00039700,6.61000000
2018-02-25 19:02:44,0.00039700,25.18000000
2018-02-25 19:02:47,0.00039700,20.00000000
2018-02-25 19:02:49,0.00039700,15.49000000
2018-02-25 19:02:56,0.00039700,49.53000000
2018-02-25 19:02:56,0.00039700,41.28000000
2018-02-25 19:02:56,0.00039690,41.27000000
2018-02-25 19:02:58,0.00039700,5.00000000
2018-02-25 19:03:01,0.00039700,21.11000000
2018-02-25 19:03:02,0.00039700,40.00000000
2018-02-25 19:03:05,0.00039700,93.29000000
2018-02-25 19:03:06,0.00039700,3.00000000
2018-02-25 19:03:10,0.00039700,70.37000000
2018-02-25 19:03:10,0.00039690,5.00000000
2018-02-25 19:03:11,0.00039690,101.67000000
2018-02-25 19:03:12,0.00039700,6.30000000
2018-02-25 19:03:13,0.00039700,70.70000000
2018-02-25 19:03:19,0.00039710,301.47000000
2018-02-25 19:03:19,0.00039700,2198.72000000
2018-02-25 19:03:25,0.00039700,485.81000000
2018-02-25 19:03:40,0.00039760,24.12000000
2018-02-25 19:03:45,0.00039760,6.00000000
2018-02-25 19:03:53,0.00039760,339.57000000
2018-02-25 19:04:01,0.00039770,214.88000000
2018-02-25 19:04:04,0.00039770,920.09000000
2018-02-25 19:04:10,0.00039790,98.05000000
2018-02-25 19:04:14,0.00039790,70.07000000
2018-02-25 19:04:14,0.00039790,30.00000000
2018-02-25 19:04:20,0.00039790,14.58000000
2018-02-25 19:04:21,0.00039790,123.49000000
2018-02-25 19:04:22,0.00039790,124.73000000
2018-02-25 19:04:27,0.00039790,0.19000000
2018-02-25 19:04:56,0.00039790,92.98000000
2018-02-25 19:05:01,0.00039790,54.58000000
2018-02-25 19:05:07,0.00039790,10.00000000
2018-02-25 19:05:10,0.00039800,20.00000000
2018-02-25 19:05:10,0.00039820,27.26000000
2018-02-25 19:05:11,0.00039820,20.00000000
2018-02-25 19:05:11,0.00039820,229.41000000
2018-02-25 19:05:11,0.00039830,19.99000000
2018-02-25 19:05:11,0.00039830,20.19000000
2018-02-25 19:05:11,0.00039790,40.00000000
2018-02-25 19:05:20,0.00039790,100.00000000
2018-02-25 19:05:27,0.00039830,457.37000000
2018-02-25 19:05:27,0.00039840,42.63000000
2018-02-25 19:05:33,0.00039840,14.34000000
2018-02-25 19:05:39,0.00039790,24.02000000
2018-02-25 19:05:53,0.00039820,24.74000000
2018-02-25 19:05:55,0.00039800,12.57000000
2018-02-25 19:06:00,0.00039810,8.00000000
2018-02-25 19:06:09,0.00039810,179.67000000
2018-02-25 19:06:12,0.00039800,4.80000000
2018-02-25 19:06:14,0.00039790,25.00000000
2018-02-25 19:06:14,0.00039800,50.00000000
2018-02-25 19:06:19,0.00039800,2.84000000
2018-02-25 19:06:21,0.00039800,961.09000000
2018-02-25 19:06:32,0.00039790,522.62000000
2018-02-25 19:06:40,0.00039790,46.67000000
2018-02-25 19:06:43,0.00039760,251.26000000
2018-02-25 19:06:48,0.00039740,240.92000000
2018-02-25 19:06:48,0.00039720,54.24000000
2018-02-25 19:06:55,0.00039720,57.08000000
2018-02-25 19:06:57,0.00039720,84.00000000
2018-02-25 19:07:08,0.00039700,124.18000000
2018-02-25 19:07:10,0.00039760,3.00000000
2018-02-25 19:07:17,0.00039710,209.00000000
2018-02-25 19:07:17,0.00039700,115.18000000
2018-02-25 19:07:22,0.00039750,3.00000000
2018-02-25 19:07:24,0.00039710,33.94000000
2018-02-25 19:07:35,0.00039710,29.48000000
2018-02-25 19:07:35,0.00039700,14.92000000
2018-02-25 19:07:35,0.00039750,3.00000000
2018-02-25 19:07:37,0.00039750,119.09000000
2018-02-25 19:07:41,0.00039740,28.26000000
2018-02-25 19:07:43,0.00039740,8.42000000
2018-02-25 19:07:43,0.00039740,3.00000000
2018-02-25 19:07:47,0.00039710,31.57000000
2018-02-25 19:07:55,0.00039700,200.00000000
2018-02-25 19:07:56,0.00039710,3.00000000
2018-02-25 19:07:58,0.00039710,13.14000000
2018-02-25 19:08:02,0.00039710,20.00000000
2018-02-25 19:08:07,0.00039710,95.32000000
2018-02-25 19:08:10,0.00039700,1.11000000
2018-02-25 19:08:10,0.00039690,222.68000000
2018-02-25 19:08:15,0.00039710,3.10000000
2018-02-25 19:08:22,0.00039710,17.87000000
2018-02-25 19:08:26,0.00039710,287.19000000
2018-02-25 19:08:30,0.00039710,25.66000000
2018-02-25 19:08:36,0.00039710,87.15000000
2018-02-25 19:08:45,0.00039700,11.83000000
2018-02-25 19:08:48,0.00039690,62.24000000
2018-02-25 19:08:52,0.00039690,607.08000000
2018-02-25 19:08:58,0.00039700,0.02000000
2018-02-25 19:09:01,0.00039710,13.57000000
2018-02-25 19:09:02,0.00039700,5.23000000
2018-02-25 19:09:05,0.00039690,28.80000000
2018-02-25 19:09:14,0.00039700,1.31000000
2018-02-25 19:09:14,0.00039730,100.55000000
2018-02-25 19:09:14,0.00039740,398.14000000
2018-02-25 19:09:21,0.00039750,38.97000000
2018-02-25 19:09:34,0.00039750,558.72000000
2018-02-25 19:09:39,0.00039750,50.00000000
2018-02-25 19:09:55,0.00039750,277.54000000
2018-02-25 19:10:00,0.00039750,3.99000000
2018-02-25 19:10:01,0.00039750,45.64000000
2018-02-25 19:10:20,0.00039750,786.66000000
2018-02-25 19:10:28,0.00039770,64.00000000
2018-02-25 19:10:44,0.00039780,11.56000000
2018-02-25 19:10:45,0.00039770,5.60000000
2018-02-25 19:10:45,0.00039750,547.83000000
2018-02-25 19:10:45,0.00039740,257.62000000
2018-02-25 19:10:45,0.00039730,2.60000000
2018-02-25 19:10:45,0.00039710,158.90000000
2018-02-25 19:10:49,0.00039770,159.00000000
2018-02-25 19:10:50,0.00039780,20.00000000
2018-02-25 19:10:50,0.00039780,159.09000000
2018-02-25 19:10:50,0.00039790,100.00000000
2018-02-25 19:10:53,0.00039720,25.49000000
2018-02-25 19:10:58,0.00039800,393.75000000
2018-02-25 19:10:59,0.00039800,77.90000000
2018-02-25 19:11:21,0.00039790,3.87000000
2018-02-25 19:11:24,0.00039790,11.60000000
2018-02-25 19:11:24,0.00039800,116.18000000
2018-02-25 19:11:41,0.00039780,7.76000000
2018-02-25 19:11:41,0.00039770,180.97000000
2018-02-25 19:11:47,0.00039750,29.60000000
2018-02-25 19:11:53,0.00039770,27.15000000
2018-02-25 19:11:55,0.00039770,3.31000000
2018-02-25 19:11:55,0.00039770,386.50000000
2018-02-25 19:11:57,0.00039770,0.01000000
2018-02-25 19:12:03,0.00039800,11.56000000
2018-02-25 19:12:10,0.00039770,499.50000000
2018-02-25 19:12:26,0.00039800,345.05000000
2018-02-25 19:12:47,0.00039800,44.57000000
2018-02-25 19:12:55,0.00039800,68.12000000
2018-02-25 19:13:00,0.00039750,99.81000000
2018-02-25 19:13:00,0.00039730,277.86000000
2018-02-25 19:13:00,0.00039720,453.61000000
2018-02-25 19:13:00,0.00039710,821.47000000
2018-02-25 19:13:00,0.00039690,8058.89000000
2018-02-25 19:13:03,0.00039700,8.42000000
2018-02-25 19:13:22,0.00039750,12.58000000
2018-02-25 19:13:22,0.00039750,3.03000000
2018-02-25 19:13:23,0.00039750,311.74000000
2018-02-25 19:13:23,0.00039750,100.00000000
2018-02-25 19:13:23,0.00039750,19.96000000
2018-02-25 19:13:29,0.00039700,296.69000000
2018-02-25 19:13:29,0.00039690,990.52000000
2018-02-25 19:13:29,0.00039750,12.62000000
2018-02-25 19:13:31,0.00039760,13.17000000
2018-02-25 19:13:36,0.00039770,2.52000000
2018-02-25 19:13:42,0.00039750,556.08000000
2018-02-25 19:13:43,0.00039750,6.75000000
2018-02-25 19:13:45,0.00039750,5.40000000
2018-02-25 19:13:50,0.00039750,26.65000000
2018-02-25 19:13:50,0.00039700,66.09000000
2018-02-25 19:14:04,0.00039700,4.00000000
2018-02-25 19:14:08,0.00039700,100.00000000
2018-02-25 19:14:13,0.00039750,96.79000000
2018-02-25 19:14:24,0.00039770,2.59000000
2018-02-25 19:14:28,0.00039790,13.80000000
2018-02-25 19:14:34,0.00039790,23.20000000
2018-02-25 19:14:53,0.00039780,160.83000000
2018-02-25 19:14:53,0.00039790,66.70000000
2018-02-25 19:14:53,0.00039770,46.25000000
2018-02-25 19:14:54,0.00039770,45.14000000
2018-02-25 19:14:55,0.00039770,9.76000000
2018-02-25 19:14:56,0.00039790,12.71000000
2018-02-25 19:15:00,0.00039790,193.52000000
2018-02-25 19:15:19,0.00039770,15.00000000
2018-02-25 19:15:23,0.00039770,14.00000000
2018-02-25 19:15:39,0.00039770,722.26000000
2018-02-25 19:15:39,0.00039780,3.30000000
2018-02-25 19:16:03,0.00039780,1.36000000
2018-02-25 19:16:12,0.00039780,48.94000000
2018-02-25 19:16:12,0.00039780,329.31000000
2018-02-25 19:16:13,0.00039780,53.67000000
2018-02-25 19:16:23,0.00039780,2.60000000
2018-02-25 19:16:27,0.00039790,88.40000000
2018-02-25 19:16:28,0.00039780,1.63000000
2018-02-25 19:16:31,0.00039790,2.53000000
2018-02-25 19:16:39,0.00039790,1401.11000000
2018-02-25 19:16:40,0.00039790,478.56000000
2018-02-25 19:16:42,0.00039790,363.07000000
2018-02-25 19:16:44,0.00039790,20.00000000
2018-02-25 19:16:44,0.00039790,21.19000000
2018-02-25 19:16:57,0.00039790,1225.04000000
2018-02-25 19:17:16,0.00039770,237.86000000
2018-02-25 19:17:16,0.00039760,1644.17000000
2018-02-25 19:17:16,0.00039700,494.72000000
2018-02-25 19:17:16,0.00039690,159.99000000
2018-02-25 19:17:22,0.00039780,25.00000000
2018-02-25 19:17:22,0.00039690,411.14000000
2018-02-25 19:17:31,0.00039700,22.48000000
2018-02-25 19:17:31,0.00039690,413.23000000
2018-02-25 19:17:37,0.00039690,101.10000000
2018-02-25 19:17:41,0.00039760,58.98000000
2018-02-25 19:18:07,0.00039740,79.61000000
2018-02-25 19:18:11,0.00039730,34.60000000
2018-02-25 19:18:17,0.00039710,58.98000000
2018-02-25 19:18:17,0.00039700,156.23000000
2018-02-25 19:18:32,0.00039710,7.41000000
2018-02-25 19:18:33,0.00039700,35.09000000
2018-02-25 19:18:33,0.00039690,6.91000000
2018-02-25 19:18:36,0.00039690,510.33000000
2018-02-25 19:18:37,0.00039690,49.98000000
2018-02-25 19:18:40,0.00039690,25.18000000
2018-02-25 19:18:44,0.00039690,65.40000000
2018-02-25 19:18:54,0.00039680,45.40000000
2018-02-25 19:18:58,0.00039680,7.96000000
2018-02-25 19:18:58,0.00039680,453.41000000
2018-02-25 19:18:59,0.00039660,5.90000000
2018-02-25 19:19:00,0.00039680,1760.66000000
2018-02-25 19:19:00,0.00039690,407.46000000
2018-02-25 19:19:00,0.00039730,239.87000000
2018-02-25 19:19:04,0.00039730,297.72000000
2018-02-25 19:19:06,0.00039670,239.87000000
2018-02-25 19:19:18,0.00039730,2.52000000
2018-02-25 19:19:26,0.00039690,41.00000000
2018-02-25 19:19:26,0.00039660,69.94000000
2018-02-25 19:19:37,0.00039730,20.00000000
2018-02-25 19:19:39,0.00039700,220.98000000
2018-02-25 19:19:40,0.00039700,119.96000000
2018-02-25 19:19:40,0.00039660,14.36000000
2018-02-25 19:19:40,0.00039660,144.68000000
2018-02-25 19:19:42,0.00039720,3.05000000
2018-02-25 19:19:55,0.00039660,8.26000000
2018-02-25 19:20:09,0.00039660,4.79000000
2018-02-25 19:20:10,0.00039660,9.75000000
2018-02-25 19:20:12,0.00039660,92.18000000
2018-02-25 19:20:16,0.00039650,3.84000000
2018-02-25 19:20:16,0.00039720,138.52000000
2018-02-25 19:20:18,0.00039720,121.23000000
2018-02-25 19:20:18,0.00039720,130.45000000
2018-02-25 19:20:23,0.00039720,436.39000000
2018-02-25 19:20:27,0.00039730,12.57000000
2018-02-25 19:20:30,0.00039730,12.57000000
2018-02-25 19:20:34,0.00039720,320.39000000
2018-02-25 19:20:38,0.00039730,12.57000000
2018-02-25 19:20:41,0.00039730,39.65000000
2018-02-25 19:20:41,0.00039730,33.04000000
2018-02-25 19:20:41,0.00039730,39.64000000
2018-02-25 19:20:41,0.00039730,25.16000000
2018-02-25 19:20:41,0.00039730,12.57000000
2018-02-25 19:20:42,0.00039720,188.99000000
2018-02-25 19:20:44,0.00039730,6.74000000
2018-02-25 19:20:44,0.00039730,6.75000000
2018-02-25 19:20:44,0.00039730,76.00000000
2018-02-25 19:20:44,0.00039730,261.00000000
2018-02-25 19:20:44,0.00039730,65.00000000
2018-02-25 19:20:45,0.00039730,20.00000000
2018-02-25 19:20:45,0.00039730,27.80000000
2018-02-25 19:20:45,0.00039730,12.57000000
2018-02-25 19:20:46,0.00039730,20.87000000
2018-02-25 19:20:46,0.00039720,3.01000000
2018-02-25 19:20:47,0.00039740,27.97000000
2018-02-25 19:20:47,0.00039740,112.23000000
2018-02-25 19:20:48,0.00039770,19.96000000
2018-02-25 19:20:50,0.00039770,133.18000000
2018-02-25 19:20:50,0.00039770,25.14000000
2018-02-25 19:20:50,0.00039770,5.61000000
2018-02-25 19:20:50,0.00039770,1.12000000
2018-02-25 19:20:50,0.00039770,6.73000000
2018-02-25 19:20:51,0.00039770,6.74000000
2018-02-25 19:20:52,0.00039770,5.50000000
2018-02-25 19:20:53,0.00039770,150.33000000
2018-02-25 19:20:55,0.00039780,6.74000000
2018-02-25 19:21:01,0.00039770,4.41000000
2018-02-25 19:21:02,0.00039770,59.33000000
2018-02-25 19:21:02,0.00039770,4.41000000
2018-02-25 19:21:04,0.00039770,24.21000000
2018-02-25 19:21:07,0.00039770,48.07000000
2018-02-25 19:21:21,0.00039770,221.21000000
2018-02-25 19:21:21,0.00039780,342.79000000
2018-02-25 19:21:21,0.00039720,177.15000000
2018-02-25 19:21:21,0.00039670,339.87000000
2018-02-25 19:21:21,0.00039650,56.16000000
2018-02-25 19:21:21,0.00039650,1411.82000000
2018-02-25 19:21:23,0.00039760,15.00000000
2018-02-25 19:21:23,0.00039770,65.00000000
2018-02-25 19:21:47,0.00039670,15.00000000
2018-02-25 19:21:48,0.00039670,163.93000000
2018-02-25 19:21:55,0.00039670,30.00000000
2018-02-25 19:21:57,0.00039670,75.04000000
2018-02-25 19:22:14,0.00039740,15.00000000
2018-02-25 19:22:14,0.00039750,77.11000000
2018-02-25 19:22:15,0.00039750,322.26000000
2018-02-25 19:22:15,0.00039760,31.96000000
2018-02-25 19:22:19,0.00039760,218.35000000
2018-02-25 19:22:19,0.00039760,21.52000000
2018-02-25 19:22:19,0.00039770,128.48000000
2018-02-25 19:22:23,0.00039730,31.96000000
2018-02-25 19:22:23,0.00039720,0.39000000
2018-02-25 19:22:25,0.00039760,30.00000000
2018-02-25 19:22:28,0.00039770,15.00000000
2018-02-25 19:22:29,0.00039770,999.33000000
2018-02-25 19:22:36,0.00039760,37.03000000
2018-02-25 19:22:36,0.00039760,95.72000000
2018-02-25 19:22:41,0.00039770,17.86000000
2018-02-25 19:22:42,0.00039770,600.36000000
2018-02-25 19:22:50,0.00039770,8.26000000
2018-02-25 19:22:57,0.00039790,8.73000000
2018-02-25 19:22:57,0.00039800,1.10000000
2018-02-25 19:23:06,0.00039770,12.40000000
2018-02-25 19:23:07,0.00039800,236.64000000
2018-02-25 19:23:12,0.00039800,10.51000000
2018-02-25 19:23:19,0.00039800,22.23000000
2018-02-25 19:23:20,0.00039800,6.70000000
2018-02-25 19:23:21,0.00039800,28.67000000
2018-02-25 19:23:29,0.00039800,300.00000000
2018-02-25 19:23:36,0.00039800,3884.77000000
2018-02-25 19:23:41,0.00039800,20.34000000
2018-02-25 19:23:43,0.00039810,80.56000000
2018-02-25 19:23:44,0.00039810,99.92000000
2018-02-25 19:23:44,0.00039820,9.80000000
2018-02-25 19:23:44,0.00039830,19.98000000
2018-02-25 19:23:44,0.00039840,57.74000000
2018-02-25 19:23:44,0.00039860,50.00000000
2018-02-25 19:23:44,0.00039870,2.02000000
2018-02-25 19:23:49,0.00039800,164.84000000
2018-02-25 19:24:08,0.00039850,5.00000000
2018-02-25 19:24:10,0.00039850,28.21000000
2018-02-25 19:24:19,0.00039840,31.87000000
2018-02-25 19:24:19,0.00039850,43.31000000
2018-02-25 19:24:21,0.00039840,5.39000000
2018-02-25 19:24:21,0.00039850,249.61000000
2018-02-25 19:24:24,0.00039850,53.44000000
2018-02-25 19:24:26,0.00039850,10.00000000
2018-02-25 19:24:31,0.00039850,18.27000000
2018-02-25 19:24:39,0.00039850,85.17000000
2018-02-25 19:24:40,0.00039860,239.48000000
2018-02-25 19:24:44,0.00039860,967.19000000
2018-02-25 19:24:45,0.00039850,110.65000000
2018-02-25 19:24:45,0.00039850,3.79000000
2018-02-25 19:24:45,0.00039820,28.05000000
2018-02-25 19:24:54,0.00039850,1961.29000000
2018-02-25 19:24:57,0.00039860,4.42000000
2018-02-25 19:24:57,0.00039810,20.00000000
2018-02-25 19:24:57,0.00039800,3.42000000
2018-02-25 19:24:57,0.00039780,13.58000000
2018-02-25 19:25:10,0.00039850,120.00000000
2018-02-25 19:25:14,0.00039820,40.13000000
2018-02-25 19:25:14,0.00039800,159.87000000
2018-02-25 19:25:17,0.00039850,892.33000000
2018-02-25 19:25:22,0.00039860,0.03000000
2018-02-25 19:25:27,0.00039860,43.21000000
2018-02-25 19:25:35,0.00039860,95.23000000
2018-02-25 19:26:04,0.00039830,133.18000000
2018-02-25 19:26:08,0.00039830,758.92000000
2018-02-25 19:26:08,0.00039820,7.97000000
2018-02-25 19:26:08,0.00039800,495.39000000
2018-02-25 19:26:08,0.00039790,24.00000000
2018-02-25 19:26:16,0.00039790,587.27000000
2018-02-25 19:26:16,0.00039780,1446.17000000
2018-02-25 19:26:16,0.00039770,1461.12000000
2018-02-25 19:26:23,0.00039820,4.58000000
2018-02-25 19:26:26,0.00039730,16.93000000
2018-02-25 19:26:27,0.00039720,1.93000000
2018-02-25 19:26:29,0.00039720,10.64000000
2018-02-25 19:26:29,0.00039700,193.61000000
2018-02-25 19:26:31,0.00039700,50.00000000
2018-02-25 19:26:31,0.00039800,25.11000000
2018-02-25 19:26:46,0.00039710,55.81000000
2018-02-25 19:26:46,0.00039700,192.61000000
2018-02-25 19:26:49,0.00039750,120.00000000
2018-02-25 19:26:53,0.00039780,15.00000000
2018-02-25 19:26:53,0.00039790,61.64000000
2018-02-25 19:27:04,0.00039780,14.57000000
2018-02-25 19:27:08,0.00039750,6.41000000
2018-02-25 19:27:10,0.00039750,18.95000000
2018-02-25 19:27:10,0.00039780,37.94000000
2018-02-25 19:27:13,0.00039720,12.57000000
2018-02-25 19:27:19,0.00039720,20.00000000
2018-02-25 19:27:33,0.00039710,11.96000000
2018-02-25 19:27:33,0.00039700,1.83000000
2018-02-25 19:27:35,0.00039720,40.06000000
2018-02-25 19:27:35,0.00039700,138.36000000
2018-02-25 19:27:37,0.00039780,22.78000000
2018-02-25 19:27:37,0.00039790,53.68000000
2018-02-25 19:27:41,0.00039790,3.58000000
2018-02-25 19:27:47,0.00039710,12.57000000
2018-02-25 19:27:48,0.00039790,3.80000000
2018-02-25 19:27:52,0.00039780,22.12000000
2018-02-25 19:27:55,0.00039780,2.81000000
2018-02-25 19:27:55,0.00039710,88.69000000
2018-02-25 19:28:00,0.00039780,12.56000000
2018-02-25 19:28:00,0.00039710,130.59000000
2018-02-25 19:28:04,0.00039780,35.00000000
2018-02-25 19:28:04,0.00039790,9.60000000
2018-02-25 19:28:07,0.00039780,88.54000000
2018-02-25 19:28:08,0.00039780,110.68000000
2018-02-25 19:28:08,0.00039780,9.07000000
2018-02-25 19:28:09,0.00039780,27.67000000
2018-02-25 19:28:09,0.00039780,4.41000000
2018-02-25 19:28:09,0.00039780,106.17000000
2018-02-25 19:28:10,0.00039780,4.02000000
2018-02-25 19:28:22,0.00039700,50.00000000
2018-02-25 19:28:39,0.00039700,150.99000000
2018-02-25 19:28:39,0.00039690,380.06000000
2018-02-25 19:28:39,0.00039770,6.70000000
2018-02-25 19:28:47,0.00039750,30.00000000
2018-02-25 19:28:55,0.00039750,13.22000000
2018-02-25 19:29:02,0.00039770,8.30000000
2018-02-25 19:29:16,0.00039770,7.54000000
2018-02-25 19:29:18,0.00039770,130.04000000
2018-02-25 19:29:38,0.00039760,10.00000000
2018-02-25 19:29:38,0.00039770,110.00000000
2018-02-25 19:29:48,0.00039750,100.00000000
2018-02-25 19:29:50,0.00039740,42.32000000
2018-02-25 19:29:50,0.00039730,15.00000000
2018-02-25 19:29:50,0.00039720,17.78000000
2018-02-25 19:29:59,0.00039750,100.00000000
2018-02-25 19:30:03,0.00039720,157.56000000
2018-02-25 19:30:03,0.00039700,177.30000000
2018-02-25 19:30:03,0.00039690,140.95000000
2018-02-25 19:30:03,0.00039680,2.17000000
2018-02-25 19:30:03,0.00039750,204.85000000
2018-02-25 19:30:06,0.00039680,153.92000000
2018-02-25 19:30:17,0.00039680,15.00000000
2018-02-25 19:30:28,0.00039730,6.70000000
2018-02-25 19:30:29,0.00039670,87.63000000
2018-02-25 19:30:31,0.00039730,5.00000000
2018-02-25 19:30:36,0.00039730,6.60000000
2018-02-25 19:30:41,0.00039680,3.30000000
2018-02-25 19:30:44,0.00039680,80.77000000
2018-02-25 19:30:45,0.00039680,114.77000000
2018-02-25 19:30:46,0.00039680,1.16000000
2018-02-25 19:31:05,0.00039680,50.98000000
2018-02-25 19:31:14,0.00039680,27.12000000
2018-02-25 19:31:14,0.00039680,68.61000000
2018-02-25 19:31:21,0.00039680,238.80000000
2018-02-25 19:31:22,0.00039680,10.07000000
2018-02-25 19:31:24,0.00039670,50.00000000
2018-02-25 19:31:26,0.00039670,20.39000000
2018-02-25 19:31:27,0.00039670,30.00000000
2018-02-25 19:31:56,0.00039690,89.00000000
2018-02-25 19:32:01,0.00039690,55.37000000
2018-02-25 19:32:02,0.00039690,36.78000000
2018-02-25 19:32:10,0.00039690,114.11000000
2018-02-25 19:32:12,0.00039670,137.91000000
2018-02-25 19:32:17,0.00039690,27.00000000
2018-02-25 19:32:21,0.00039690,364.73000000
2018-02-25 19:32:22,0.00039670,269.65000000
2018-02-25 19:32:23,0.00039690,41.53000000
2018-02-25 19:32:32,0.00039690,189.21000000
2018-02-25 19:32:40,0.00039680,101.17000000
2018-02-25 19:32:45,0.00039690,44.60000000
2018-02-25 19:32:53,0.00039670,74.39000000
2018-02-25 19:32:58,0.00039670,2119.05000000
2018-02-25 19:33:00,0.00039670,898.64000000
2018-02-25 19:33:00,0.00039650,181.31000000
2018-02-25 19:33:03,0.00039640,80.56000000
2018-02-25 19:33:05,0.00039650,92.06000000
2018-02-25 19:33:11,0.00039640,2.94000000
2018-02-25 19:33:14,0.00039650,12.61000000
2018-02-25 19:33:16,0.00039650,111.86000000
2018-02-25 19:33:18,0.00039650,29.53000000
2018-02-25 19:33:33,0.00039650,1.19000000
2018-02-25 19:33:36,0.00039650,371.44000000
2018-02-25 19:33:36,0.00039690,0.56000000
2018-02-25 19:33:42,0.00039690,15.00000000
2018-02-25 19:34:02,0.00039650,35.00000000
2018-02-25 19:34:14,0.00039640,785.53000000
2018-02-25 19:34:14,0.00039630,657.05000000
2018-02-25 19:34:28,0.00039630,2514.98000000
2018-02-25 19:34:28,0.00039640,50.52000000
2018-02-25 19:34:30,0.00039640,341.95000000
2018-02-25 19:34:31,0.00039640,170.40000000
2018-02-25 19:34:32,0.00039640,25.22000000
2018-02-25 19:34:35,0.00039640,55.02000000
2018-02-25 19:34:42,0.00039620,12.62000000
2018-02-25 19:34:42,0.00039620,30.18000000
2018-02-25 19:34:42,0.00039620,30.18000000
2018-02-25 19:34:42,0.00039620,30.18000000
2018-02-25 19:34:42,0.00039620,5.05000000
2018-02-25 19:34:42,0.00039640,69.04000000
2018-02-25 19:34:42,0.00039650,14.21000000
2018-02-25 19:34:42,0.00039670,219.28000000
2018-02-25 19:34:42,0.00039670,5.04000000
2018-02-25 19:34:42,0.00039610,30.18000000
2018-02-25 19:34:54,0.00039640,29.59000000
2018-02-25 19:34:57,0.00039660,12.62000000
2018-02-25 19:34:57,0.00039670,36.87000000
2018-02-25 19:35:02,0.00039680,101.69000000
2018-02-25 19:35:04,0.00039670,11.33000000
2018-02-25 19:35:08,0.00039670,0.02000000
2018-02-25 19:35:11,0.00039640,5.42000000
2018-02-25 19:35:19,0.00039650,100.00000000
2018-02-25 19:35:20,0.00039650,21.14000000
2018-02-25 19:35:23,0.00039660,6.92000000
2018-02-25 19:35:23,0.00039670,106.20000000
2018-02-25 19:35:30,0.00039670,2400.56000000
2018-02-25 19:35:30,0.00039680,118.29000000
2018-02-25 19:35:35,0.00039680,18.66000000
2018-02-25 19:35:37,0.00039680,1265.21000000
2018-02-25 19:35:42,0.00039680,300.68000000
2018-02-25 19:35:48,0.00039680,50.00000000
2018-02-25 19:35:48,0.00039680,26.99000000
2018-02-25 19:35:53,0.00039650,1475.22000000
2018-02-25 19:35:54,0.00039650,187.05000000
2018-02-25 19:36:02,0.00039640,10.94000000
2018-02-25 19:36:03,0.00039680,34.05000000
2018-02-25 19:36:21,0.00039650,70.61000000
2018-02-25 19:36:31,0.00039650,25.22000000
2018-02-25 19:36:31,0.00039650,331.95000000
2018-02-25 19:36:34,0.00039650,15.04000000
2018-02-25 19:36:44,0.00039660,12.61000000
2018-02-25 19:36:44,0.00039650,111.60000000
2018-02-25 19:36:49,0.00039670,94.77000000
2018-02-25 19:36:53,0.00039660,12.61000000
2018-02-25 19:36:59,0.00039650,1280.59000000
2018-02-25 19:37:02,0.00039650,20.00000000
2018-02-25 19:37:02,0.00039660,192.00000000
2018-02-25 19:37:02,0.00039660,6.30000000
2018-02-25 19:37:04,0.00039640,8.66000000
2018-02-25 19:37:13,0.00039640,30.00000000
2018-02-25 19:37:27,0.00039640,137.01000000
2018-02-25 19:37:31,0.00039640,230.83000000
2018-02-25 19:37:36,0.00039650,25.22000000
2018-02-25 19:37:43,0.00039640,3.99000000
2018-02-25 19:37:44,0.00039640,5.00000000
2018-02-25 19:37:48,0.00039640,34.17000000
2018-02-25 19:37:48,0.00039620,184.30000000
2018-02-25 19:37:48,0.00039650,26.61000000
2018-02-25 19:37:49,0.00039650,12.62000000
2018-02-25 19:38:13,0.00039620,10.00000000
2018-02-25 19:38:39,0.00039620,69.40000000
2018-02-25 19:38:42,0.00039620,8.54000000
2018-02-25 19:38:43,0.00039620,2.08000000
2018-02-25 19:38:50,0.00039610,13.09000000
2018-02-25 19:38:51,0.00039610,331.98000000
2018-02-25 19:38:51,0.00039600,398.02000000
2018-02-25 19:38:53,0.00039620,12.93000000
2018-02-25 19:38:55,0.00039620,65.06000000
2018-02-25 19:39:04,0.00039600,119.42000000
2018-02-25 19:39:10,0.00039590,549.78000000
2018-02-25 19:39:10,0.00039580,561.50000000
2018-02-25 19:39:18,0.00039580,592.57000000
2018-02-25 19:39:18,0.00039610,307.18000000
2018-02-25 19:39:19,0.00039610,109.81000000
2018-02-25 19:39:19,0.00039610,25.79000000
2018-02-25 19:39:19,0.00039610,176.73000000
2018-02-25 19:39:20,0.00039580,24.00000000
2018-02-25 19:39:20,0.00039580,25.77000000
2018-02-25 19:39:21,0.00039580,25.77000000
2018-02-25 19:39:23,0.00039590,126.34000000
2018-02-25 19:39:24,0.00039580,25.77000000
2018-02-25 19:39:25,0.00039590,429.68000000
2018-02-25 19:39:28,0.00039590,14.49000000
2018-02-25 19:39:31,0.00039590,270.19000000
2018-02-25 19:39:33,0.00039590,49.50000000
2018-02-25 19:39:36,0.00039580,21.29000000
2018-02-25 19:39:52,0.00039600,11.16000000
2018-02-25 19:39:53,0.00039590,80.06000000
2018-02-25 19:39:56,0.00039590,0.02000000
2018-02-25 19:39:56,0.00039580,81.93000000
2018-02-25 19:39:58,0.00039580,20.00000000
2018-02-25 19:40:09,0.00039580,400.00000000
2018-02-25 19:40:10,0.00039580,6.08000000
2018-02-25 19:40:10,0.00039580,445.52000000
2018-02-25 19:40:11,0.00039580,6.08000000
2018-02-25 19:40:11,0.00039580,133.06000000
2018-02-25 19:40:17,0.00039580,2.00000000
2018-02-25 19:40:18,0.00039580,22.31000000
2018-02-25 19:40:19,0.00039580,2528.00000000
2018-02-25 19:40:24,0.00039580,200.00000000
2018-02-25 19:40:31,0.00039580,1885.97000000
2018-02-25 19:40:31,0.00039590,789.99000000
2018-02-25 19:40:31,0.00039580,2289.50000000
2018-02-25 19:40:34,0.00039580,3.00000000
2018-02-25 19:40:37,0.00039550,42.89000000
2018-02-25 19:40:37,0.00039550,127.00000000
2018-02-25 19:40:37,0.00039540,205.75000000
2018-02-25 19:40:37,0.00039530,525.22000000
2018-02-25 19:40:37,0.00039530,11.00000000
2018-02-25 19:40:39,0.00039530,58.84000000
2018-02-25 19:40:44,0.00039530,25.77000000
2018-02-25 19:40:45,0.00039530,25.78000000
2018-02-25 19:40:46,0.00039530,25.77000000
2018-02-25 19:40:47,0.00039560,98.05000000
2018-02-25 19:40:47,0.00039580,1901.95000000
2018-02-25 19:40:48,0.00039530,5761.25000000
2018-02-25 19:40:49,0.00039530,13.86000000
2018-02-25 19:40:52,0.00039530,284.95000000
2018-02-25 19:41:01,0.00039540,42.96000000
2018-02-25 19:41:11,0.00039540,69.64000000
2018-02-25 19:41:11,0.00039530,999.95000000
2018-02-25 19:41:13,0.00039530,2547.96000000
2018-02-25 19:41:15,0.00039530,923.03000000
2018-02-25 19:41:16,0.00039530,138.02000000
2018-02-25 19:41:19,0.00039560,10.00000000
2018-02-25 19:41:20,0.00039560,8.91000000
2018-02-25 19:41:20,0.00039560,53.71000000
2018-02-25 19:41:29,0.00039580,100.00000000
2018-02-25 19:41:32,0.00039560,164.15000000
2018-02-25 19:41:36,0.00039570,25.26000000
2018-02-25 19:41:36,0.00039560,35.84000000
2018-02-25 19:41:40,0.00039580,30.00000000
2018-02-25 19:41:44,0.00039580,57.56000000
2018-02-25 19:41:45,0.00039580,141.35000000
2018-02-25 19:41:46,0.00039560,0.03000000
2018-02-25 19:41:46,0.00039540,12.54000000
2018-02-25 19:41:46,0.00039580,100.00000000
2018-02-25 19:41:52,0.00039580,389.00000000
2018-02-25 19:41:52,0.00039580,119.17000000
2018-02-25 19:42:03,0.00039570,39.91000000
2018-02-25 19:42:05,0.00039580,18.45000000
2018-02-25 19:42:10,0.00039570,18.56000000
2018-02-25 19:42:10,0.00039580,24.00000000
2018-02-25 19:42:14,0.00039550,12.57000000
2018-02-25 19:42:16,0.00039550,111.64000000
2018-02-25 19:42:21,0.00039550,3.10000000
2018-02-25 19:42:28,0.00039550,10.00000000
2018-02-25 19:42:32,0.00039550,100.00000000
2018-02-25 19:42:33,0.00039550,62.82000000
2018-02-25 19:42:35,0.00039550,0.01000000
2018-02-25 19:42:35,0.00039540,1446.25000000
2018-02-25 19:42:35,0.00039520,1220.71000000
2018-02-25 19:42:36,0.00039540,12.64000000
2018-02-25 19:42:49,0.00039520,5.00000000
2018-02-25 19:43:05,0.00039520,18.04000000
2018-02-25 19:43:14,0.00039510,200.00000000
2018-02-25 19:43:28,0.00039520,25.28000000
2018-02-25 19:43:31,0.00039510,6.67000000
2018-02-25 19:43:38,0.00039520,9.10000000
2018-02-25 19:43:42,0.00039510,99.36000000
2018-02-25 19:44:10,0.00039520,56.30000000
2018-02-25 19:44:10,0.00039510,76.61000000
2018-02-25 19:44:16,0.00039510,12.01000000
2018-02-25 19:44:21,0.00039510,1456.11000000
2018-02-25 19:44:22,0.00039510,87.80000000
2018-02-25 19:44:25,0.00039510,30.22000000
2018-02-25 19:44:28,0.00039510,12.57000000
2018-02-25 19:44:30,0.00039540,25.29000000
2018-02-25 19:44:35,0.00039510,7.48000000
2018-02-25 19:44:35,0.00039510,151.25000000
2018-02-25 19:44:36,0.00039510,9.82000000
2018-02-25 19:44:37,0.00039540,25.29000000
2018-02-25 19:44:49,0.00039540,63.49000000
2018-02-25 19:45:05,0.00039530,7.59000000
2018-02-25 19:45:08,0.00039530,12.46000000
2018-02-25 19:45:08,0.00039530,4.66000000
2018-02-25 19:45:08,0.00039530,4.66000000
2018-02-25 19:45:10,0.00039530,6.66000000
2018-02-25 19:45:10,0.00039530,11.13000000
2018-02-25 19:45:11,0.00039530,15.58000000
2018-02-25 19:45:12,0.00039530,4.45000000
2018-02-25 19:45:13,0.00039530,8.90000000
2018-02-25 19:45:14,0.00039530,4.45000000
2018-02-25 19:45:17,0.00039540,345.53000000
2018-02-25 19:45:17,0.00039540,63.10000000
2018-02-25 19:45:21,0.00039530,101.09000000
2018-02-25 19:45:25,0.00039520,2.54000000
2018-02-25 19:45:27,0.00039530,100.00000000
2018-02-25 19:45:31,0.00039520,52.90000000
2018-02-25 19:45:34,0.00039530,68.31000000
2018-02-25 19:45:38,0.00039530,3.04000000
2018-02-25 19:45:48,0.00039530,50.00000000
2018-02-25 19:45:48,0.00039520,131.95000000
2018-02-25 19:45:51,0.00039530,48.52000000
2018-02-25 19:45:51,0.00039530,15.58000000
2018-02-25 19:45:52,0.00039530,7.16000000
2018-02-25 19:46:11,0.00039530,143.87000000
2018-02-25 19:46:13,0.00039520,242.57000000
2018-02-25 19:46:22,0.00039520,650.34000000
2018-02-25 19:46:22,0.00039510,623.64000000
2018-02-25 19:46:27,0.00039530,43.49000000
2018-02-25 19:46:27,0.00039540,29.48000000
2018-02-25 19:46:30,0.00039540,25.29000000
2018-02-25 19:46:31,0.00039510,9.99000000
2018-02-25 19:46:38,0.00039520,6.33000000
2018-02-25 19:46:39,0.00039520,8.86000000
2018-02-25 19:46:40,0.00039520,310.87000000
2018-02-25 19:46:41,0.00039530,32.13000000
2018-02-25 19:46:42,0.00039540,17.37000000
2018-02-25 19:46:51,0.00039530,36.19000000
2018-02-25 19:46:55,0.00039530,165.69000000
2018-02-25 19:47:01,0.00039540,44.91000000
2018-02-25 19:47:04,0.00039530,130.46000000
2018-02-25 19:47:10,0.00039540,43.49000000
2018-02-25 19:47:10,0.00039550,150.00000000
2018-02-25 19:47:12,0.00039550,22.26000000
2018-02-25 19:47:13,0.00039600,119.30000000
2018-02-25 19:47:13,0.00039630,198.96000000
2018-02-25 19:47:13,0.00039650,22.44000000
2018-02-25 19:47:13,0.00039730,250.08000000
2018-02-25 19:47:13,0.00039750,80.27000000
2018-02-25 19:47:13,0.00039760,143.44000000
2018-02-25 19:47:13,0.00039770,243.51000000
2018-02-25 19:47:13,0.00039780,1153.65000000
2018-02-25 19:47:13,0.00039790,105.25000000
2018-02-25 19:47:13,0.00039800,290.84000000
2018-02-25 19:47:13,0.00039800,126.35000000
2018-02-25 19:47:13,0.00039800,86.50000000
2018-02-25 19:47:13,0.00039800,101.63000000
2018-02-25 19:47:13,0.00039800,930.93000000
2018-02-25 19:47:13,0.00039800,600.00000000
2018-02-25 19:47:13,0.00039800,507.50000000
2018-02-25 19:47:13,0.00039800,800.00000000
2018-02-25 19:47:13,0.00039800,15.74000000
2018-02-25 19:47:14,0.00039800,25.19000000
2018-02-25 19:47:14,0.00039800,11.13000000
2018-02-25 19:47:18,0.00039800,37.91000000
2018-02-25 19:47:19,0.00039800,159.68000000
2018-02-25 19:47:23,0.00039800,1350.93000000
2018-02-25 19:47:30,0.00039810,175.31000000
2018-02-25 19:47:30,0.00039820,60.22000000
2018-02-25 19:47:30,0.00039800,25.29000000
2018-02-25 19:47:32,0.00039820,132.80000000
2018-02-25 19:47:34,0.00039820,19.23000000
2018-02-25 19:47:35,0.00039820,98.04000000
2018-02-25 19:47:35,0.00039820,0.01000000
2018-02-25 19:47:35,0.00039810,390.43000000
2018-02-25 19:47:35,0.00039810,0.01000000
2018-02-25 19:47:35,0.00039800,390.45000000
2018-02-25 19:47:36,0.00039800,49.73000000
2018-02-25 19:47:36,0.00039800,1243.66000000
2018-02-25 19:47:36,0.00039800,6.04000000
2018-02-25 19:47:41,0.00039800,34.00000000
2018-02-25 19:47:44,0.00039800,376.12000000
2018-02-25 19:47:44,0.00039820,98.19000000
2018-02-25 19:47:47,0.00039820,72.56000000
2018-02-25 19:47:47,0.00039800,178.68000000
2018-02-25 19:47:49,0.00039800,37.30000000
2018-02-25 19:47:53,0.00039800,75.04000000
2018-02-25 19:47:57,0.00039800,2000.00000000
2018-02-25 19:47:58,0.00039800,252.00000000
2018-02-25 19:47:59,0.00039800,55.96000000
2018-02-25 19:48:01,0.00039810,27.00000000
2018-02-25 19:48:02,0.00039800,86.23000000
2018-02-25 19:48:02,0.00039800,141.00000000
2018-02-25 19:48:02,0.00039810,2.76000000
2018-02-25 19:48:05,0.00039800,16.52000000
2018-02-25 19:48:06,0.00039790,301.47000000
2018-02-25 19:48:06,0.00039800,785.15000000
2018-02-25 19:48:06,0.00039810,511.86000000
2018-02-25 19:48:07,0.00039720,6.38000000
2018-02-25 19:48:09,0.00039800,32.87000000
2018-02-25 19:48:13,0.00039740,233.13000000
2018-02-25 19:48:16,0.00039740,4.41000000
2018-02-25 19:48:18,0.00039680,25.25000000
2018-02-25 19:48:18,0.00039670,120.24000000
2018-02-25 19:48:22,0.00039740,289.08000000
2018-02-25 19:48:23,0.00039740,26.07000000
2018-02-25 19:48:27,0.00039740,100.00000000
2018-02-25 19:48:29,0.00039740,475.67000000
2018-02-25 19:48:32,0.00039740,21.35000000
2018-02-25 19:48:34,0.00039740,50.24000000
2018-02-25 19:48:34,0.00039740,20.00000000
2018-02-25 19:48:47,0.00039670,9.99000000
2018-02-25 19:48:48,0.00039660,73.04000000
2018-02-25 19:48:48,0.00039660,116.95000000
2018-02-25 19:48:51,0.00039660,0.02000000
2018-02-25 19:48:51,0.00039700,5.00000000
2018-02-25 19:48:56,0.00039660,65.00000000
2018-02-25 19:48:56,0.00039660,101.69000000
2018-02-25 19:49:02,0.00039680,10.00000000
2018-02-25 19:49:12,0.00039680,21.78000000
2018-02-25 19:49:14,0.00039680,51.01000000
2018-02-25 19:49:14,0.00039680,44.73000000
2018-02-25 19:49:16,0.00039680,404.91000000
2018-02-25 19:49:16,0.00039700,396.00000000
2018-02-25 19:49:20,0.00039710,90.48000000
2018-02-25 19:49:23,0.00039710,736.61000000
2018-02-25 19:49:26,0.00039700,23.13000000
2018-02-25 19:49:29,0.00039700,66.54000000
2018-02-25 19:49:37,0.00039690,72.38000000
2018-02-25 19:49:37,0.00039700,23.46000000
2018-02-25 19:49:37,0.00039700,41.28000000
2018-02-25 19:49:41,0.00039680,358.99000000
2018-02-25 19:49:53,0.00039680,120.40000000
2018-02-25 19:49:54,0.00039680,20.08000000
2018-02-25 19:50:00,0.00039690,276.80000000
2018-02-25 19:50:04,0.00039680,6.00000000
2018-02-25 19:50:08,0.00039690,3.00000000
2018-02-25 19:50:12,0.00039690,5.53000000
2018-02-25 19:50:18,0.00039690,479.56000000
2018-02-25 19:50:24,0.00039690,1000.00000000
2018-02-25 19:50:30,0.00039690,49.97000000
2018-02-25 19:50:31,0.00039690,9.99000000
2018-02-25 19:50:45,0.00039700,15.00000000
2018-02-25 19:50:53,0.00039700,12.60000000
2018-02-25 19:50:53,0.00039700,16.58000000
2018-02-25 19:50:54,0.00039700,47.10000000
2018-02-25 19:50:58,0.00039690,922.00000000
2018-02-25 19:50:58,0.00039700,12.60000000
2018-02-25 19:51:00,0.00039700,267.47000000
2018-02-25 19:51:01,0.00039700,402.53000000
2018-02-25 19:51:02,0.00039690,5.00000000
2018-02-25 19:51:03,0.00039700,48.98000000
2018-02-25 19:51:04,0.00039700,12.60000000
2018-02-25 19:51:21,0.00039720,19.60000000
2018-02-25 19:51:22,0.00039720,9.75000000
2018-02-25 19:51:27,0.00039720,174.89000000
2018-02-25 19:51:50,0.00039730,9.94000000
2018-02-25 19:51:59,0.00039720,11.10000000
2018-02-25 19:52:02,0.00039730,27.86000000
2018-02-25 19:52:07,0.00039740,204.00000000
2018-02-25 19:52:07,0.00039750,631.06000000
2018-02-25 19:52:36,0.00039760,20.72000000
2018-02-25 19:52:36,0.00039760,1.70000000
2018-02-25 19:52:37,0.00039750,4.41000000
2018-02-25 19:52:38,0.00039750,122.39000000
2018-02-25 19:52:39,0.00039750,177.61000000
2018-02-25 19:52:39,0.00039750,660.92000000
2018-02-25 19:52:39,0.00039750,132.62000000
2018-02-25 19:52:39,0.00039750,12.57000000
2018-02-25 19:52:39,0.00039750,21.78000000
2018-02-25 19:52:42,0.00039750,108.42000000
2018-02-25 19:52:42,0.00039750,6.37000000
2018-02-25 19:52:50,0.00039750,4.57000000
2018-02-25 19:52:50,0.00039750,12.58000000
2018-02-25 19:52:52,0.00039750,5.00000000
2018-02-25 19:52:52,0.00039740,294.07000000
2018-02-25 19:52:54,0.00039740,5.91000000
2018-02-25 19:52:56,0.00039740,0.02000000
2018-02-25 19:52:57,0.00039740,12.57000000
2018-02-25 19:52:57,0.00039730,742.01000000
2018-02-25 19:53:07,0.00039740,314.06000000
2018-02-25 19:53:07,0.00039730,789.20000000
2018-02-25 19:53:08,0.00039740,12.58000000
2018-02-25 19:53:11,0.00039730,33.25000000
2018-02-25 19:53:11,0.00039730,279.67000000
2018-02-25 19:53:11,0.00039740,21.37000000
2018-02-25 19:53:12,0.00039730,4.87000000
2018-02-25 19:53:13,0.00039740,406.56000000
2018-02-25 19:53:14,0.00039740,140.12000000
2018-02-25 19:53:14,0.00039730,7108.89000000
2018-02-25 19:53:15,0.00039730,23.10000000
2018-02-25 19:53:25,0.00039750,453.49000000
2018-02-25 19:53:26,0.00039760,86.63000000
2018-02-25 19:53:40,0.00039740,21.85000000
2018-02-25 19:53:40,0.00039730,154.09000000
2018-02-25 19:53:42,0.00039760,6.28000000
2018-02-25 19:53:42,0.00039730,50.00000000
2018-02-25 19:53:47,0.00039740,25.75000000
2018-02-25 19:54:07,0.00039750,23.39000000
2018-02-25 19:54:25,0.00039750,412.55000000
2018-02-25 19:54:26,0.00039750,27.32000000
2018-02-25 19:54:47,0.00039750,48.33000000
2018-02-25 19:54:54,0.00039750,54.93000000
2018-02-25 19:54:54,0.00039750,78.90000000
2018-02-25 19:54:54,0.00039740,55.08000000
2018-02-25 19:54:54,0.00039740,250.06000000
2018-02-25 19:54:54,0.00039740,4.87000000
2018-02-25 19:54:58,0.00039740,976.42000000
2018-02-25 19:54:59,0.00039740,108.01000000
2018-02-25 19:55:00,0.00039740,887.18000000
2018-02-25 19:55:31,0.00039730,50.34000000
2018-02-25 19:55:33,0.00039730,2.60000000
2018-02-25 19:55:34,0.00039730,264.61000000
2018-02-25 19:55:37,0.00039740,12.59000000
2018-02-25 19:55:37,0.00039730,21.85000000
2018-02-25 19:55:42,0.00039740,12.59000000
2018-02-25 19:55:43,0.00039730,496.76000000
2018-02-25 19:55:43,0.00039730,199.20000000
2018-02-25 19:55:46,0.00039730,331.75000000
2018-02-25 19:55:47,0.00039740,12.55000000
2018-02-25 19:55:48,0.00039740,231.81000000
2018-02-25 19:55:48,0.00039730,12.59000000
2018-02-25 19:55:53,0.00039730,247.52000000
2018-02-25 19:55:54,0.00039730,12.59000000
2018-02-25 19:55:56,0.00039740,128.86000000
2018-02-25 19:55:59,0.00039750,30.12000000
2018-02-25 19:55:59,0.00039760,30.12000000
2018-02-25 19:56:03,0.00039730,26.35000000
2018-02-25 19:56:08,0.00039760,152.57000000
2018-02-25 19:56:17,0.00039730,10.00000000
2018-02-25 19:56:38,0.00039760,0.01000000
2018-02-25 19:56:38,0.00039740,43.85000000
2018-02-25 19:56:50,0.00039760,101.18000000
2018-02-25 19:56:50,0.00039770,147.82000000
2018-02-25 19:56:59,0.00039770,2694.68000000
2018-02-25 19:57:03,0.00039770,872.72000000
2018-02-25 19:57:08,0.00039770,4149.50000000
2018-02-25 19:57:09,0.00039760,33.64000000
2018-02-25 19:57:27,0.00039770,277.74000000
2018-02-25 19:57:29,0.00039770,199.14000000
2018-02-25 19:57:32,0.00039760,50.00000000
2018-02-25 19:57:59,0.00039770,500.00000000
2018-02-25 19:57:59,0.00039770,490.99000000
2018-02-25 19:58:03,0.00039760,3.97000000
2018-02-25 19:58:04,0.00039770,125.72000000
2018-02-25 19:58:07,0.00039770,7.04000000
2018-02-25 19:58:16,0.00039790,1728.68000000
2018-02-25 19:58:29,0.00039770,63.05000000
2018-02-25 19:58:31,0.00039780,12.57000000
2018-02-25 19:58:37,0.00039780,12.57000000
2018-02-25 19:58:38,0.00039780,25.13000000
2018-02-25 19:58:45,0.00039780,7.67000000
2018-02-25 19:58:55,0.00039780,197.16000000
2018-02-25 19:58:58,0.00039790,3686.12000000
2018-02-25 19:59:02,0.00039780,38.96000000
2018-02-25 19:59:03,0.00039790,539.57000000
2018-02-25 19:59:18,0.00039790,30.00000000
2018-02-25 19:59:18,0.00039790,12.57000000
2018-02-25 19:59:18,0.00039780,30.48000000
2018-02-25 19:59:21,0.00039790,48.54000000
2018-02-25 19:59:29,0.00039780,120.98000000
2018-02-25 19:59:37,0.00039790,39.68000000
2018-02-25 19:59:37,0.00039790,376.97000000
2018-02-25 19:59:38,0.00039790,206.71000000
2018-02-25 19:59:43,0.00039790,49.18000000
2018-02-25 19:59:48,0.00039790,0.37000000
