DATE,PRICE,VOLUME
2018-02-28 15:00:02,0.00035000,0.02000000
2018-02-28 15:00:05,0.00034970,180.11000000
2018-02-28 15:00:07,0.00035000,13.93000000
2018-02-28 15:00:07,0.00035000,21.76000000
2018-02-28 15:00:07,0.00035000,0.01000000
2018-02-28 15:00:09,0.00034970,6.00000000
2018-02-28 15:00:13,0.00035000,5.79000000
2018-02-28 15:00:27,0.00034970,102.97000000
2018-02-28 15:00:46,0.00034970,97.61000000
2018-02-28 15:00:48,0.00034970,40.48000000
2018-02-28 15:00:48,0.00034970,145.81000000
2018-02-28 15:00:50,0.00034940,94.61000000
2018-02-28 15:00:51,0.00034970,31.32000000
2018-02-28 15:00:53,0.00034940,16.70000000
2018-02-28 15:00:57,0.00034940,31.66000000
2018-02-28 15:00:57,0.00034940,77.31000000
2018-02-28 15:00:57,0.00034970,0.01000000
2018-02-28 15:00:57,0.00035000,5.69000000
2018-02-28 15:01:10,0.00035000,65.00000000
2018-02-28 15:01:22,0.00035000,3.54000000
2018-02-28 15:01:26,0.00035000,49.39000000
2018-02-28 15:01:32,0.00035000,211.67000000
2018-02-28 15:01:33,0.00035000,26.60000000
2018-02-28 15:01:35,0.00035000,38.50000000
2018-02-28 15:01:39,0.00035030,336.89000000
2018-02-28 15:01:39,0.00035030,2.26000000
2018-02-28 15:01:39,0.00035000,7.74000000
2018-02-28 15:01:56,0.00035000,99.90000000
2018-02-28 15:02:00,0.00035000,18.38000000
2018-02-28 15:02:13,0.00035040,329.66000000
2018-02-28 15:02:13,0.00035050,2.90000000
2018-02-28 15:02:13,0.00035050,65.59000000
2018-02-28 15:02:14,0.00035050,174.70000000
2018-02-28 15:02:18,0.00035050,2.86000000
2018-02-28 15:02:28,0.00035050,28.53000000
2018-02-28 15:02:35,0.00035060,1.00000000
2018-02-28 15:02:52,0.00035000,11.28000000
2018-02-28 15:02:58,0.00035000,83.99000000
2018-02-28 15:02:58,0.00034970,68.70000000
2018-02-28 15:02:58,0.00034940,13.46000000
2018-02-28 15:02:58,0.00034930,36.10000000
2018-02-28 15:02:59,0.00034930,167.43000000
2018-02-28 15:03:01,0.00034930,0.02000000
2018-02-28 15:03:05,0.00035040,12.40000000
2018-02-28 15:03:25,0.00034960,27.40000000
2018-02-28 15:03:25,0.00034950,40.00000000
2018-02-28 15:03:25,0.00034930,127.72000000
2018-02-28 15:03:25,0.00034920,64.00000000
2018-02-28 15:03:25,0.00034910,610.58000000
2018-02-28 15:03:31,0.00034990,1.44000000
2018-02-28 15:03:35,0.00034980,0.47000000
2018-02-28 15:03:43,0.00034910,286.45000000
2018-02-28 15:03:56,0.00034980,14.53000000
2018-02-28 15:03:56,0.00034990,10.47000000
2018-02-28 15:04:05,0.00034990,28.09000000
2018-02-28 15:04:05,0.00034990,23.74000000
2018-02-28 15:04:06,0.00034990,5.81000000
2018-02-28 15:04:11,0.00034990,12.36000000
2018-02-28 15:04:11,0.00034920,40.00000000
2018-02-28 15:04:11,0.00034910,90.36000000
2018-02-28 15:04:55,0.00034910,300.00000000
2018-02-28 15:05:07,0.00034920,14.25000000
2018-02-28 15:05:07,0.00034910,64.13000000
2018-02-28 15:05:07,0.00034900,521.62000000
2018-02-28 15:05:39,0.00034990,40.00000000
2018-02-28 15:05:39,0.00035010,100.35000000
2018-02-28 15:05:43,0.00035000,15.00000000
2018-02-28 15:05:43,0.00035010,23.50000000
2018-02-28 15:05:59,0.00035040,28.25000000
2018-02-28 15:05:59,0.00035050,49.75000000
2018-02-28 15:05:59,0.00035050,14.25000000
2018-02-28 15:05:59,0.00035060,200.96000000
2018-02-28 15:05:59,0.00035070,663.79000000
2018-02-28 15:06:20,0.00035070,257.17000000
2018-02-28 15:06:34,0.00035060,3.00000000
2018-02-28 15:06:59,0.00035030,30.00000000
2018-02-28 15:07:24,0.00035060,51.86000000
2018-02-28 15:07:30,0.00035030,35.23000000
2018-02-28 15:07:33,0.00035030,91.71000000
2018-02-28 15:07:33,0.00035010,10.00000000
2018-02-28 15:07:33,0.00035000,3.00000000
2018-02-28 15:07:33,0.00034980,229.14000000
2018-02-28 15:07:59,0.00035050,135.00000000
2018-02-28 15:08:12,0.00035050,124.37000000
2018-02-28 15:08:13,0.00035050,3.75000000
2018-02-28 15:08:15,0.00035040,14.74000000
2018-02-28 15:08:15,0.00035040,0.50000000
2018-02-28 15:08:22,0.00035040,37.79000000
2018-02-28 15:08:32,0.00035040,0.05000000
2018-02-28 15:08:35,0.00035040,0.34000000
2018-02-28 15:09:22,0.00035040,114.15000000
2018-02-28 15:09:32,0.00035040,56.02000000
2018-02-28 15:09:37,0.00035000,33.21000000
2018-02-28 15:09:38,0.00035000,30.86000000
2018-02-28 15:09:39,0.00035000,201.93000000
2018-02-28 15:09:39,0.00035000,144.71000000
2018-02-28 15:09:44,0.00035000,202.96000000
2018-02-28 15:09:58,0.00035000,50.31000000
2018-02-28 15:10:07,0.00034980,130.02000000
2018-02-28 15:10:10,0.00034980,12.27000000
2018-02-28 15:10:53,0.00035040,19.07000000
2018-02-28 15:11:08,0.00035020,13.88000000
2018-02-28 15:11:08,0.00035030,86.12000000
2018-02-28 15:11:29,0.00035020,4.70000000
2018-02-28 15:11:29,0.00035020,3.75000000
2018-02-28 15:11:30,0.00035020,154.00000000
2018-02-28 15:11:46,0.00035010,14.29000000
2018-02-28 15:11:47,0.00035010,237.35000000
2018-02-28 15:11:47,0.00035020,666.16000000
2018-02-28 15:11:50,0.00035000,6.93000000
2018-02-28 15:11:51,0.00035000,14.29000000
2018-02-28 15:11:55,0.00035000,80.51000000
2018-02-28 15:12:07,0.00035000,38.89000000
2018-02-28 15:12:11,0.00035000,596.20000000
2018-02-28 15:12:12,0.00035000,594.89000000
2018-02-28 15:12:13,0.00035000,594.59000000
2018-02-28 15:12:16,0.00035000,80.15000000
2018-02-28 15:12:16,0.00035000,4.95000000
2018-02-28 15:12:17,0.00034990,14.29000000
2018-02-28 15:12:17,0.00034990,4.70000000
2018-02-28 15:12:18,0.00034990,77.56000000
2018-02-28 15:12:20,0.00034990,14.29000000
2018-02-28 15:12:21,0.00034980,118.69000000
2018-02-28 15:12:23,0.00034980,129.27000000
2018-02-28 15:12:23,0.00034940,100.21000000
2018-02-28 15:12:29,0.00034980,4.28000000
2018-02-28 15:12:34,0.00034940,1.27000000
2018-02-28 15:12:37,0.00034940,206.48000000
2018-02-28 15:12:37,0.00034910,96.07000000
2018-02-28 15:12:37,0.00034900,630.78000000
2018-02-28 15:12:37,0.00034880,238.29000000
2018-02-28 15:12:37,0.00034870,193.54000000
2018-02-28 15:12:37,0.00034860,133.70000000
2018-02-28 15:12:37,0.00034850,160.89000000
2018-02-28 15:12:37,0.00034840,440.67000000
2018-02-28 15:12:37,0.00034830,1495.46000000
2018-02-28 15:12:37,0.00034820,177.00000000
2018-02-28 15:12:37,0.00034810,5690.68000000
2018-02-28 15:12:37,0.00034810,15.62000000
2018-02-28 15:12:37,0.00034980,15.62000000
2018-02-28 15:12:43,0.00034970,2.86000000
2018-02-28 15:12:43,0.00034970,14.51000000
2018-02-28 15:12:45,0.00034970,6.12000000
2018-02-28 15:12:46,0.00034970,64.09000000
2018-02-28 15:12:47,0.00034980,29.67000000
2018-02-28 15:12:52,0.00034970,32.82000000
2018-02-28 15:12:52,0.00034970,763.90000000
2018-02-28 15:12:53,0.00034970,244.40000000
2018-02-28 15:12:57,0.00034970,422.05000000
2018-02-28 15:12:57,0.00034980,81.84000000
2018-02-28 15:12:57,0.00034980,0.02000000
2018-02-28 15:13:15,0.00034980,6.73000000
2018-02-28 15:13:15,0.00034980,0.01000000
2018-02-28 15:13:19,0.00034970,5.72000000
2018-02-28 15:13:19,0.00034910,41.22000000
2018-02-28 15:13:19,0.00034910,105.92000000
2018-02-28 15:13:19,0.00034980,1.82000000
2018-02-28 15:13:19,0.00034990,4.33000000
2018-02-28 15:13:20,0.00034980,15.00000000
2018-02-28 15:13:27,0.00034980,114.65000000
2018-02-28 15:13:28,0.00034980,85.35000000
2018-02-28 15:13:31,0.00034980,78.28000000
2018-02-28 15:13:32,0.00034980,115.83000000
2018-02-28 15:13:34,0.00034990,236.05000000
2018-02-28 15:13:35,0.00034990,25.32000000
2018-02-28 15:13:35,0.00034990,49.96000000
2018-02-28 15:13:49,0.00034980,4.28000000
2018-02-28 15:13:54,0.00034980,202.40000000
2018-02-28 15:14:00,0.00034910,15.00000000
2018-02-28 15:14:00,0.00034900,205.86000000
2018-02-28 15:14:00,0.00034860,66.99000000
2018-02-28 15:14:00,0.00034850,64.00000000
2018-02-28 15:14:00,0.00034800,638.99000000
2018-02-28 15:14:00,0.00034790,1400.00000000
2018-02-28 15:14:00,0.00034780,60.30000000
2018-02-28 15:14:00,0.00034770,1088.00000000
2018-02-28 15:14:04,0.00034980,1537.27000000
2018-02-28 15:14:04,0.00034990,12988.07000000
2018-02-28 15:14:04,0.00035000,474.66000000
2018-02-28 15:14:05,0.00034970,47.00000000
2018-02-28 15:14:10,0.00034960,24.89000000
2018-02-28 15:14:15,0.00034940,14.33000000
2018-02-28 15:14:26,0.00034900,27.66000000
2018-02-28 15:14:26,0.00034900,162.28000000
2018-02-28 15:14:26,0.00034900,23.42000000
2018-02-28 15:14:27,0.00034900,20.00000000
2018-02-28 15:14:27,0.00034900,162.28000000
2018-02-28 15:14:28,0.00034900,3.33000000
2018-02-28 15:14:33,0.00034940,17.67000000
2018-02-28 15:14:33,0.00034850,136.61000000
2018-02-28 15:14:33,0.00034850,76.26000000
2018-02-28 15:14:33,0.00034850,80.54000000
2018-02-28 15:14:34,0.00034850,61.95000000
2018-02-28 15:14:35,0.00034850,172.17000000
2018-02-28 15:14:39,0.00034850,357.26000000
2018-02-28 15:14:51,0.00034850,5.45000000
2018-02-28 15:14:52,0.00034850,25.82000000
2018-02-28 15:14:53,0.00034850,49.03000000
2018-02-28 15:14:54,0.00034850,130.53000000
2018-02-28 15:14:56,0.00034850,14.58000000
2018-02-28 15:15:01,0.00034850,28.79000000
2018-02-28 15:15:01,0.00034850,26.03000000
2018-02-28 15:15:06,0.00034850,167.41000000
2018-02-28 15:15:07,0.00034850,5.74000000
2018-02-28 15:15:13,0.00034850,76.77000000
2018-02-28 15:15:14,0.00034840,204.97000000
2018-02-28 15:15:14,0.00034830,116.47000000
2018-02-28 15:15:14,0.00034820,102.55000000
2018-02-28 15:15:14,0.00034780,12.64000000
2018-02-28 15:15:14,0.00034770,99.07000000
2018-02-28 15:15:14,0.00034760,1114.43000000
2018-02-28 15:15:14,0.00034750,1437.42000000
2018-02-28 15:15:14,0.00034740,1700.00000000
2018-02-28 15:15:23,0.00034840,5.74000000
2018-02-28 15:15:28,0.00034830,129.61000000
2018-02-28 15:15:30,0.00034830,0.07000000
2018-02-28 15:15:30,0.00034840,167.09000000
2018-02-28 15:15:31,0.00034840,0.16000000
2018-02-28 15:15:31,0.00034850,35.77000000
2018-02-28 15:15:36,0.00034850,226.97000000
2018-02-28 15:15:36,0.00034840,13.98000000
2018-02-28 15:15:39,0.00034750,19.95000000
2018-02-28 15:15:39,0.00034750,5.04000000
2018-02-28 15:15:39,0.00034830,370.88000000
2018-02-28 15:15:41,0.00034830,4.74000000
2018-02-28 15:15:42,0.00034830,329.32000000
2018-02-28 15:15:42,0.00034830,54.37000000
2018-02-28 15:15:46,0.00034820,8.34000000
2018-02-28 15:15:46,0.00034830,521.81000000
2018-02-28 15:15:49,0.00034830,29.04000000
2018-02-28 15:15:49,0.00034830,29.04000000
2018-02-28 15:15:49,0.00034830,29.04000000
2018-02-28 15:15:49,0.00034830,29.04000000
2018-02-28 15:15:56,0.00034830,4.30000000
2018-02-28 15:16:06,0.00034750,12.26000000
2018-02-28 15:16:06,0.00034740,181.81000000
2018-02-28 15:16:06,0.00034730,12.82000000
2018-02-28 15:16:10,0.00034750,14.25000000
2018-02-28 15:16:10,0.00034730,44.18000000
2018-02-28 15:16:10,0.00034720,24.99000000
2018-02-28 15:16:17,0.00034830,255.73000000
2018-02-28 15:16:24,0.00034740,23.02000000
2018-02-28 15:16:24,0.00034740,23.77000000
2018-02-28 15:16:24,0.00034740,23.77000000
2018-02-28 15:16:24,0.00034740,83.19000000
2018-02-28 15:16:24,0.00034740,23.77000000
2018-02-28 15:16:24,0.00034740,12.48000000
2018-02-28 15:16:36,0.00034750,71.00000000
2018-02-28 15:16:39,0.00034830,11.11000000
2018-02-28 15:16:52,0.00034820,34.46000000
2018-02-28 15:16:53,0.00034820,348.98000000
2018-02-28 15:16:53,0.00034830,449.96000000
2018-02-28 15:17:33,0.00034830,10.00000000
2018-02-28 15:17:46,0.00034820,20.00000000
2018-02-28 15:17:52,0.00034820,783.64000000
2018-02-28 15:17:52,0.00034760,374.46000000
2018-02-28 15:17:52,0.00034750,646.39000000
2018-02-28 15:17:52,0.00034740,244.27000000
2018-02-28 15:17:52,0.00034730,27.37000000
2018-02-28 15:17:52,0.00034720,214.01000000
2018-02-28 15:17:52,0.00034710,583.02000000
2018-02-28 15:17:52,0.00034820,15.00000000
2018-02-28 15:17:52,0.00034830,35.00000000
2018-02-28 15:18:01,0.00034760,15.00000000
2018-02-28 15:18:01,0.00034750,28.00000000
2018-02-28 15:18:01,0.00034740,248.11000000
2018-02-28 15:18:15,0.00034850,12.00000000
2018-02-28 15:18:15,0.00034870,138.00000000
2018-02-28 15:18:23,0.00034860,8.14000000
2018-02-28 15:18:43,0.00034800,8.14000000
2018-02-28 15:18:43,0.00034790,0.47000000
2018-02-28 15:18:45,0.00034790,8.31000000
2018-02-28 15:18:57,0.00034790,50.58000000
2018-02-28 15:19:01,0.00034790,50.00000000
2018-02-28 15:19:05,0.00034790,77.36000000
2018-02-28 15:19:10,0.00034790,263.63000000
2018-02-28 15:19:11,0.00034820,35.41000000
2018-02-28 15:19:12,0.00034820,21.76000000
2018-02-28 15:19:13,0.00034830,9.45000000
2018-02-28 15:19:24,0.00034820,2.88000000
2018-02-28 15:19:29,0.00034820,5.98000000
2018-02-28 15:19:31,0.00034820,1296.79000000
2018-02-28 15:19:31,0.00034800,416.36000000
2018-02-28 15:19:31,0.00034790,2981.94000000
2018-02-28 15:19:31,0.00034820,3.00000000
2018-02-28 15:19:31,0.00034830,21.99000000
2018-02-28 15:19:37,0.00034830,23.38000000
2018-02-28 15:19:47,0.00034830,71.31000000
2018-02-28 15:19:47,0.00034820,183.81000000
2018-02-28 15:19:48,0.00034830,5.25000000
2018-02-28 15:19:55,0.00034830,148.63000000
2018-02-28 15:19:57,0.00034820,20.00000000
2018-02-28 15:20:00,0.00034820,10.01000000
2018-02-28 15:20:23,0.00034820,5.31000000
2018-02-28 15:20:24,0.00034830,38.45000000
2018-02-28 15:20:39,0.00034830,33.15000000
2018-02-28 15:20:48,0.00034820,55.65000000
2018-02-28 15:20:49,0.00034830,20.00000000
2018-02-28 15:20:52,0.00034830,200.00000000
2018-02-28 15:20:57,0.00034830,17.00000000
2018-02-28 15:20:57,0.00034820,348.90000000
2018-02-28 15:20:59,0.00034830,80.00000000
2018-02-28 15:21:01,0.00034830,101.53000000
2018-02-28 15:21:06,0.00034830,426.77000000
2018-02-28 15:21:06,0.00034830,597.19000000
2018-02-28 15:21:06,0.00034830,1227.26000000
2018-02-28 15:21:07,0.00034830,533.73000000
2018-02-28 15:21:07,0.00034820,166.72000000
2018-02-28 15:21:07,0.00034830,41.07000000
2018-02-28 15:21:09,0.00034830,3.27000000
2018-02-28 15:21:12,0.00034830,10.04000000
2018-02-28 15:21:55,0.00034920,50.00000000
2018-02-28 15:22:06,0.00034860,4.00000000
2018-02-28 15:22:18,0.00034850,9.85000000
2018-02-28 15:22:42,0.00034860,5.54000000
2018-02-28 15:22:50,0.00034870,14.34000000
2018-02-28 15:22:50,0.00034860,2.46000000
2018-02-28 15:22:51,0.00034860,14.35000000
2018-02-28 15:22:57,0.00034860,14.35000000
2018-02-28 15:23:01,0.00034850,301.64000000
2018-02-28 15:23:01,0.00034840,1510.55000000
2018-02-28 15:23:04,0.00034840,95.68000000
2018-02-28 15:23:16,0.00034830,16.12000000
2018-02-28 15:23:16,0.00034800,50.17000000
2018-02-28 15:23:16,0.00034750,183.09000000
2018-02-28 15:23:32,0.00034780,12.25000000
2018-02-28 15:23:32,0.00034770,14.25000000
2018-02-28 15:23:32,0.00034760,80.00000000
2018-02-28 15:23:32,0.00034750,17.68000000
2018-02-28 15:23:32,0.00034750,80.00000000
2018-02-28 15:23:32,0.00034750,932.31000000
2018-02-28 15:23:37,0.00034750,14.25000000
2018-02-28 15:23:38,0.00034750,451.25000000
2018-02-28 15:23:57,0.00034740,2484.01000000
2018-02-28 15:23:57,0.00034740,5.79000000
2018-02-28 15:23:57,0.00034740,534.85000000
2018-02-28 15:23:57,0.00034740,533.69000000
2018-02-28 15:23:57,0.00034730,301.47000000
2018-02-28 15:23:57,0.00034740,164.79000000
2018-02-28 15:24:01,0.00034720,200.00000000
2018-02-28 15:24:01,0.00034700,269.07000000
2018-02-28 15:24:02,0.00034740,2.88000000
2018-02-28 15:24:02,0.00034740,4.31000000
2018-02-28 15:24:03,0.00034740,106.92000000
2018-02-28 15:24:03,0.00034730,5.76000000
2018-02-28 15:24:04,0.00034730,56.46000000
2018-02-28 15:24:10,0.00034730,49.70000000
2018-02-28 15:24:10,0.00034730,20.02000000
2018-02-28 15:24:13,0.00034720,77.00000000
2018-02-28 15:24:14,0.00034720,90.34000000
2018-02-28 15:24:16,0.00034720,0.05000000
2018-02-28 15:24:16,0.00034730,16.32000000
2018-02-28 15:24:17,0.00034730,28.79000000
2018-02-28 15:24:18,0.00034730,100.00000000
2018-02-28 15:24:21,0.00034730,100.00000000
2018-02-28 15:24:29,0.00034730,52.10000000
2018-02-28 15:24:29,0.00034740,4.75000000
2018-02-28 15:24:30,0.00034740,4.75000000
2018-02-28 15:24:32,0.00034740,217.68000000
2018-02-28 15:24:40,0.00034740,1448.49000000
2018-02-28 15:24:51,0.00034720,63.94000000
2018-02-28 15:24:57,0.00034720,0.04000000
2018-02-28 15:24:57,0.00034740,199.96000000
2018-02-28 15:25:01,0.00034740,426.58000000
2018-02-28 15:25:12,0.00034740,30.00000000
2018-02-28 15:25:23,0.00034740,176.53000000
2018-02-28 15:25:26,0.00034710,5.18000000
2018-02-28 15:25:27,0.00034740,83.25000000
2018-02-28 15:25:27,0.00034740,2.00000000
2018-02-28 15:25:28,0.00034740,56.60000000
2018-02-28 15:25:37,0.00034710,4.00000000
2018-02-28 15:25:38,0.00034740,5.75000000
2018-02-28 15:25:40,0.00034740,4.31000000
2018-02-28 15:25:42,0.00034740,247.43000000
2018-02-28 15:25:50,0.00034740,20.01000000
2018-02-28 15:26:00,0.00034740,28.78000000
2018-02-28 15:26:17,0.00034740,21.42000000
2018-02-28 15:26:21,0.00034740,35.70000000
2018-02-28 15:26:21,0.00034740,13.08000000
2018-02-28 15:26:23,0.00034740,477.61000000
2018-02-28 15:26:23,0.00034740,1243.19000000
2018-02-28 15:26:23,0.00034740,11.41000000
2018-02-28 15:26:26,0.00034740,1030.00000000
2018-02-28 15:26:33,0.00034720,2.89000000
2018-02-28 15:26:34,0.00034740,31.18000000
2018-02-28 15:26:36,0.00034720,30.69000000
2018-02-28 15:26:46,0.00034720,0.02000000
2018-02-28 15:26:46,0.00034740,176.17000000
2018-02-28 15:26:52,0.00034740,44.44000000
2018-02-28 15:27:00,0.00034850,16.24000000
2018-02-28 15:27:01,0.00034760,32.33000000
2018-02-28 15:27:29,0.00034770,92.33000000
2018-02-28 15:27:30,0.00034770,58.39000000
2018-02-28 15:27:30,0.00034770,5.79000000
2018-02-28 15:27:30,0.00034770,5.79000000
2018-02-28 15:27:31,0.00034770,20.02000000
2018-02-28 15:27:31,0.00034770,5.75000000
2018-02-28 15:27:31,0.00034770,67.73000000
2018-02-28 15:27:31,0.00034770,61.89000000
2018-02-28 15:27:36,0.00034770,8.63000000
2018-02-28 15:27:44,0.00034770,321.94000000
2018-02-28 15:27:51,0.00034770,2.88000000
2018-02-28 15:27:55,0.00034770,148.00000000
2018-02-28 15:27:59,0.00034770,57.52000000
2018-02-28 15:28:05,0.00034830,6.82000000
2018-02-28 15:28:09,0.00034830,11.48000000
2018-02-28 15:28:10,0.00034780,35.78000000
2018-02-28 15:28:13,0.00034780,14.39000000
2018-02-28 15:28:16,0.00034780,14.39000000
2018-02-28 15:28:17,0.00034830,17.80000000
2018-02-28 15:28:21,0.00034790,3.91000000
2018-02-28 15:28:22,0.00034840,159.97000000
2018-02-28 15:28:26,0.00034800,14.35000000
2018-02-28 15:28:36,0.00034800,0.02000000
2018-02-28 15:28:37,0.00034800,5.93000000
2018-02-28 15:28:37,0.00034810,8.44000000
2018-02-28 15:28:41,0.00034810,28.67000000
2018-02-28 15:28:41,0.00034810,28.72000000
2018-02-28 15:28:41,0.00034810,28.72000000
2018-02-28 15:28:41,0.00034810,14.62000000
2018-02-28 15:28:41,0.00034810,11.89000000
2018-02-28 15:28:42,0.00034810,91.12000000
2018-02-28 15:28:43,0.00034810,3.56000000
2018-02-28 15:28:44,0.00034810,36.13000000
2018-02-28 15:28:44,0.00034810,25.92000000
2018-02-28 15:28:48,0.00034820,145.47000000
2018-02-28 15:28:48,0.00034820,20.86000000
2018-02-28 15:28:48,0.00034820,30.89000000
2018-02-28 15:28:49,0.00034820,34.39000000
2018-02-28 15:28:51,0.00034820,3.58000000
2018-02-28 15:28:51,0.00034820,3.56000000
2018-02-28 15:28:54,0.00034820,27.42000000
2018-02-28 15:28:57,0.00034850,9.92000000
2018-02-28 15:28:57,0.00034850,19.40000000
2018-02-28 15:28:57,0.00034850,14.39000000
2018-02-28 15:29:13,0.00034850,14.39000000
2018-02-28 15:29:14,0.00034850,41.90000000
2018-02-28 15:29:14,0.00034850,42.00000000
2018-02-28 15:29:20,0.00034850,156.60000000
2018-02-28 15:29:20,0.00034860,42.00000000
2018-02-28 15:29:20,0.00034860,16.62000000
2018-02-28 15:29:20,0.00034860,63.66000000
2018-02-28 15:29:21,0.00034820,0.01000000
2018-02-28 15:29:21,0.00034810,0.01000000
2018-02-28 15:29:21,0.00034790,0.01000000
2018-02-28 15:29:21,0.00034780,2.85000000
2018-02-28 15:29:29,0.00034850,76.49000000
2018-02-28 15:29:38,0.00034850,5.28000000
2018-02-28 15:30:11,0.00034840,35.68000000
2018-02-28 15:30:12,0.00034840,30.82000000
2018-02-28 15:30:13,0.00034840,345.83000000
2018-02-28 15:30:13,0.00034760,293.93000000
2018-02-28 15:30:14,0.00034770,15.00000000
2018-02-28 15:30:14,0.00034770,22.49000000
2018-02-28 15:30:45,0.00034760,6.38000000
2018-02-28 15:30:45,0.00034760,5.00000000
2018-02-28 15:31:02,0.00034800,22.48000000
2018-02-28 15:31:13,0.00034800,0.01000000
2018-02-28 15:31:20,0.00034800,60.98000000
2018-02-28 15:31:37,0.00034800,22.56000000
2018-02-28 15:32:25,0.00034830,1.00000000
2018-02-28 15:32:33,0.00034830,78.10000000
2018-02-28 15:32:34,0.00034840,3.31000000
2018-02-28 15:32:35,0.00034840,14.15000000
2018-02-28 15:32:45,0.00034840,21.91000000
2018-02-28 15:32:46,0.00034840,34.38000000
2018-02-28 15:32:52,0.00034840,25.68000000
2018-02-28 15:33:05,0.00034850,19.54000000
2018-02-28 15:33:11,0.00034850,4.95000000
2018-02-28 15:33:12,0.00034850,47.07000000
2018-02-28 15:33:16,0.00034880,30.00000000
2018-02-28 15:33:26,0.00034840,19.34000000
2018-02-28 15:34:18,0.00034850,4.74000000
2018-02-28 15:34:19,0.00034850,4.74000000
2018-02-28 15:34:23,0.00034840,17.00000000
2018-02-28 15:34:30,0.00034850,0.75000000
2018-02-28 15:34:30,0.00034880,8.69000000
2018-02-28 15:34:41,0.00034880,417.49000000
2018-02-28 15:34:42,0.00034880,63.70000000
2018-02-28 15:34:53,0.00034880,141.95000000
2018-02-28 15:34:53,0.00034900,158.05000000
2018-02-28 15:34:53,0.00034840,241.95000000
2018-02-28 15:34:53,0.00034840,10.00000000
2018-02-28 15:34:55,0.00034840,115.18000000
2018-02-28 15:34:55,0.00034840,12.34000000
2018-02-28 15:34:56,0.00034840,297.49000000
2018-02-28 15:35:05,0.00034840,8.18000000
2018-02-28 15:35:19,0.00034830,10.24000000
2018-02-28 15:35:20,0.00034830,5.74000000
2018-02-28 15:35:22,0.00034830,26.22000000
2018-02-28 15:35:23,0.00034840,53.10000000
2018-02-28 15:35:27,0.00034840,31.28000000
2018-02-28 15:35:28,0.00034840,9.24000000
2018-02-28 15:35:32,0.00034840,41.25000000
2018-02-28 15:35:33,0.00034840,20.00000000
2018-02-28 15:35:36,0.00034840,6.70000000
2018-02-28 15:35:42,0.00034840,13.83000000
2018-02-28 15:35:47,0.00034840,4.00000000
2018-02-28 15:35:47,0.00034840,9.96000000
2018-02-28 15:35:54,0.00034810,46.95000000
2018-02-28 15:36:00,0.00034840,129.75000000
2018-02-28 15:36:00,0.00034910,70.25000000
2018-02-28 15:36:10,0.00034920,54.16000000
2018-02-28 15:36:35,0.00034840,2.88000000
2018-02-28 15:36:37,0.00034840,45.19000000
2018-02-28 15:36:38,0.00034840,5.66000000
2018-02-28 15:36:39,0.00034840,14.35000000
2018-02-28 15:36:42,0.00034840,34.70000000
2018-02-28 15:36:57,0.00034910,14.00000000
2018-02-28 15:37:10,0.00034910,36.68000000
2018-02-28 15:37:34,0.00034910,13.81000000
2018-02-28 15:37:34,0.00034910,13.81000000
2018-02-28 15:37:34,0.00034910,13.81000000
2018-02-28 15:37:34,0.00034910,13.81000000
2018-02-28 15:37:34,0.00034910,13.84000000
2018-02-28 15:37:35,0.00034910,14.39000000
2018-02-28 15:37:38,0.00034910,15.00000000
2018-02-28 15:37:40,0.00034910,14.39000000
2018-02-28 15:37:43,0.00034910,27.85000000
2018-02-28 15:37:51,0.00034910,4.00000000
2018-02-28 15:37:59,0.00034910,14.39000000
2018-02-28 15:38:06,0.00034910,376.26000000
2018-02-28 15:38:06,0.00034920,567.37000000
2018-02-28 15:38:09,0.00034920,3.91000000
2018-02-28 15:38:11,0.00034920,31.85000000
2018-02-28 15:38:13,0.00034930,50.17000000
2018-02-28 15:38:15,0.00034940,160.88000000
2018-02-28 15:38:16,0.00034930,30.00000000
2018-02-28 15:38:17,0.00034940,20.31000000
2018-02-28 15:38:17,0.00034950,79.69000000
2018-02-28 15:38:24,0.00034930,30.00000000
2018-02-28 15:38:30,0.00034950,14.00000000
2018-02-28 15:38:34,0.00034950,3.98000000
2018-02-28 15:38:38,0.00034950,20.00000000
2018-02-28 15:38:41,0.00034950,14.38000000
2018-02-28 15:38:45,0.00034950,13.02000000
2018-02-28 15:39:00,0.00034950,123.92000000
2018-02-28 15:39:02,0.00034950,5.79000000
2018-02-28 15:39:03,0.00034940,14.32000000
2018-02-28 15:39:05,0.00034940,76.58000000
2018-02-28 15:39:05,0.00034950,113.12000000
2018-02-28 15:39:12,0.00034940,14.32000000
2018-02-28 15:39:16,0.00034950,30.00000000
2018-02-28 15:39:16,0.00034940,0.05000000
2018-02-28 15:39:18,0.00034940,14.27000000
2018-02-28 15:39:21,0.00034950,286.75000000
2018-02-28 15:39:21,0.00034950,34.67000000
2018-02-28 15:39:22,0.00034950,40.32000000
2018-02-28 15:39:44,0.00034950,250.00000000
2018-02-28 15:40:02,0.00034940,5.72000000
2018-02-28 15:40:15,0.00034930,83.96000000
2018-02-28 15:40:15,0.00034940,38.46000000
2018-02-28 15:40:26,0.00034930,43.31000000
2018-02-28 15:40:26,0.00034940,94.18000000
2018-02-28 15:40:38,0.00034940,227.12000000
2018-02-28 15:40:40,0.00034940,53.00000000
2018-02-28 15:40:43,0.00034940,1.27000000
2018-02-28 15:40:43,0.00034940,22.87000000
2018-02-28 15:41:14,0.00034940,43.71000000
2018-02-28 15:41:23,0.00034940,6.37000000
2018-02-28 15:41:26,0.00034940,50.49000000
2018-02-28 15:41:37,0.00034940,5.88000000
2018-02-28 15:41:37,0.00034910,6.33000000
2018-02-28 15:41:37,0.00034910,43.67000000
2018-02-28 15:41:49,0.00034910,9.00000000
2018-02-28 15:41:56,0.00034910,34.00000000
2018-02-28 15:41:56,0.00034890,14.39000000
2018-02-28 15:42:34,0.00034890,94.76000000
2018-02-28 15:42:36,0.00034890,14.66000000
2018-02-28 15:42:36,0.00034890,4.73000000
2018-02-28 15:42:36,0.00034890,10.08000000
2018-02-28 15:42:37,0.00034890,14.39000000
2018-02-28 15:42:39,0.00034890,12.27000000
2018-02-28 15:42:47,0.00034890,8.72000000
2018-02-28 15:43:05,0.00034890,9.88000000
2018-02-28 15:43:12,0.00034890,31.92000000
2018-02-28 15:43:12,0.00034910,12.53000000
2018-02-28 15:43:12,0.00034950,55.30000000
2018-02-28 15:43:14,0.00034950,31.96000000
2018-02-28 15:43:15,0.00034950,10.65000000
2018-02-28 15:43:24,0.00034880,8.45000000
2018-02-28 15:43:24,0.00034860,5.00000000
2018-02-28 15:43:24,0.00034850,0.94000000
2018-02-28 15:43:48,0.00034860,4.74000000
2018-02-28 15:43:50,0.00034860,10.26000000
2018-02-28 15:43:50,0.00034850,56.10000000
2018-02-28 15:43:57,0.00034850,16.60000000
2018-02-28 15:43:58,0.00034850,24.42000000
2018-02-28 15:43:59,0.00034850,36.07000000
2018-02-28 15:43:59,0.00034850,4.98000000
2018-02-28 15:44:00,0.00034850,334.14000000
2018-02-28 15:44:12,0.00034850,14.39000000
2018-02-28 15:44:15,0.00034850,156.87000000
2018-02-28 15:44:15,0.00034850,149.53000000
2018-02-28 15:44:15,0.00034850,37.64000000
2018-02-28 15:44:17,0.00034890,150.00000000
2018-02-28 15:44:19,0.00034890,4.69000000
2018-02-28 15:44:24,0.00034850,56.20000000
2018-02-28 15:44:25,0.00034850,50.00000000
2018-02-28 15:44:27,0.00034850,29.84000000
2018-02-28 15:44:28,0.00034850,77.52000000
2018-02-28 15:44:54,0.00034860,21.20000000
2018-02-28 15:44:57,0.00034850,511.03000000
2018-02-28 15:44:59,0.00034850,467.05000000
2018-02-28 15:45:00,0.00034840,90.57000000
2018-02-28 15:45:01,0.00034830,15.00000000
2018-02-28 15:45:10,0.00034840,100.00000000
2018-02-28 15:45:42,0.00034830,158.53000000
2018-02-28 15:45:42,0.00034820,198.37000000
2018-02-28 15:45:42,0.00034810,2.35000000
2018-02-28 15:45:51,0.00034840,9.57000000
2018-02-28 15:46:00,0.00034840,33.18000000
2018-02-28 15:46:00,0.00034810,166.08000000
2018-02-28 15:46:00,0.00034800,1234.95000000
2018-02-28 15:46:07,0.00034780,31.80000000
2018-02-28 15:46:07,0.00034770,468.20000000
2018-02-28 15:46:09,0.00034800,4.74000000
2018-02-28 15:46:13,0.00034800,31.01000000
2018-02-28 15:46:41,0.00034800,0.01000000
2018-02-28 15:46:59,0.00034850,100.00000000
2018-02-28 15:47:03,0.00034850,30.63000000
2018-02-28 15:47:08,0.00034800,74.48000000
2018-02-28 15:47:08,0.00034800,29.12000000
2018-02-28 15:47:08,0.00034800,6.15000000
2018-02-28 15:47:13,0.00034800,36.42000000
2018-02-28 15:47:30,0.00034790,200.00000000
2018-02-28 15:47:30,0.00034800,3058.33000000
2018-02-28 15:47:41,0.00034790,16.00000000
2018-02-28 15:47:41,0.00034800,25.42000000
2018-02-28 15:47:54,0.00034790,9.53000000
2018-02-28 15:47:58,0.00034800,4.84000000
2018-02-28 15:47:59,0.00034790,18.54000000
2018-02-28 15:47:59,0.00034780,93.22000000
2018-02-28 15:48:00,0.00034800,41.00000000
2018-02-28 15:48:17,0.00034780,20.58000000
2018-02-28 15:48:17,0.00034770,1073.37000000
2018-02-28 15:48:17,0.00034760,6.05000000
2018-02-28 15:48:35,0.00034760,61.70000000
2018-02-28 15:48:36,0.00034800,124.82000000
2018-02-28 15:48:37,0.00034760,52.97000000
2018-02-28 15:48:52,0.00034770,94.00000000
2018-02-28 15:48:55,0.00034800,3.00000000
2018-02-28 15:48:55,0.00034760,118.82000000
2018-02-28 15:49:01,0.00034790,13.69000000
2018-02-28 15:49:03,0.00034790,2.19000000
2018-02-28 15:49:15,0.00034790,46.10000000
2018-02-28 15:49:33,0.00034790,20.68000000
2018-02-28 15:49:33,0.00034790,20.68000000
2018-02-28 15:49:33,0.00034790,20.72000000
2018-02-28 15:49:42,0.00034790,58.97000000
2018-02-28 15:49:42,0.00034800,3.31000000
2018-02-28 15:49:43,0.00034800,254.21000000
2018-02-28 15:49:44,0.00034800,77.14000000
2018-02-28 15:49:46,0.00034800,5.75000000
2018-02-28 15:49:46,0.00034800,81.04000000
2018-02-28 15:49:47,0.00034800,206.75000000
2018-02-28 15:49:54,0.00034770,2.88000000
2018-02-28 15:50:03,0.00034760,6.91000000
2018-02-28 15:50:11,0.00034760,19.46000000
2018-02-28 15:50:26,0.00034800,0.01000000
2018-02-28 15:50:26,0.00034850,11.64000000
2018-02-28 15:50:29,0.00034850,166.03000000
2018-02-28 15:50:31,0.00034850,0.03000000
2018-02-28 15:50:41,0.00034850,22.53000000
2018-02-28 15:50:41,0.00034850,15.63000000
2018-02-28 15:51:17,0.00034850,20.58000000
2018-02-28 15:51:20,0.00034850,200.66000000
2018-02-28 15:51:20,0.00034850,37.18000000
2018-02-28 15:51:21,0.00034850,4.75000000
2018-02-28 15:51:22,0.00034850,69.25000000
2018-02-28 15:51:22,0.00034850,337.69000000
2018-02-28 15:51:24,0.00034850,2.87000000
2018-02-28 15:51:25,0.00034900,54.00000000
2018-02-28 15:51:29,0.00034900,49.41000000
2018-02-28 15:51:29,0.00034910,0.68000000
2018-02-28 15:51:32,0.00034910,16.70000000
2018-02-28 15:51:34,0.00034910,30.00000000
2018-02-28 15:52:09,0.00034900,37.75000000
2018-02-28 15:52:09,0.00034910,65.44000000
2018-02-28 15:52:13,0.00034850,12.00000000
2018-02-28 15:52:32,0.00034890,28.73000000
2018-02-28 15:52:44,0.00034890,77.59000000
2018-02-28 15:52:45,0.00034890,23.28000000
2018-02-28 15:52:59,0.00034890,38.48000000
2018-02-28 15:53:02,0.00034890,100.00000000
2018-02-28 15:53:04,0.00034890,150.20000000
2018-02-28 15:53:22,0.00034880,137.88000000
2018-02-28 15:53:22,0.00034890,27.75000000
2018-02-28 15:53:25,0.00034890,55.26000000
2018-02-28 15:53:25,0.00034890,133.76000000
2018-02-28 15:53:26,0.00034890,500.23000000
2018-02-28 15:53:28,0.00034910,28.64000000
2018-02-28 15:53:31,0.00034890,13.13000000
2018-02-28 15:53:31,0.00034850,546.26000000
2018-02-28 15:53:34,0.00034850,23.98000000
2018-02-28 15:53:42,0.00034850,23.75000000
2018-02-28 15:53:42,0.00034850,66.84000000
2018-02-28 15:53:42,0.00034850,60.00000000
2018-02-28 15:53:52,0.00034830,14.36000000
2018-02-28 15:53:53,0.00034830,214.59000000
2018-02-28 15:53:53,0.00034830,9.25000000
2018-02-28 15:53:53,0.00034830,4.99000000
2018-02-28 15:53:54,0.00034830,14.36000000
2018-02-28 15:53:55,0.00034830,269.22000000
2018-02-28 15:54:00,0.00034900,15.00000000
2018-02-28 15:54:00,0.00034910,27.00000000
2018-02-28 15:54:12,0.00034910,38.12000000
2018-02-28 15:54:30,0.00034860,15.00000000
2018-02-28 15:54:30,0.00034850,14.35000000
2018-02-28 15:54:30,0.00034830,30.22000000
2018-02-28 15:54:35,0.00034910,96.00000000
2018-02-28 15:54:38,0.00034830,172.95000000
2018-02-28 15:54:38,0.00034830,84.12000000
2018-02-28 15:54:43,0.00034830,28.51000000
2018-02-28 15:54:45,0.00034830,149.08000000
2018-02-28 15:54:45,0.00034910,363.65000000
2018-02-28 15:54:45,0.00034910,512.78000000
2018-02-28 15:54:51,0.00034840,116.00000000
2018-02-28 15:55:03,0.00034900,1.28000000
2018-02-28 15:55:11,0.00034900,529.15000000
2018-02-28 15:55:23,0.00034900,100.00000000
2018-02-28 15:55:23,0.00034900,77.03000000
2018-02-28 15:55:24,0.00034900,118.44000000
2018-02-28 15:55:25,0.00034840,246.00000000
2018-02-28 15:55:25,0.00034830,1057.46000000
2018-02-28 15:55:25,0.00034820,1873.41000000
2018-02-28 15:55:25,0.00034810,107.73000000
2018-02-28 15:55:46,0.00034820,5.07000000
2018-02-28 15:56:01,0.00034820,13.49000000
2018-02-28 15:56:28,0.00034870,158.00000000
2018-02-28 15:56:31,0.00034900,0.30000000
2018-02-28 15:57:04,0.00034900,3710.39000000
2018-02-28 15:57:15,0.00034900,35.00000000
2018-02-28 15:57:35,0.00034890,262.95000000
2018-02-28 15:57:55,0.00034880,5.91000000
2018-02-28 15:57:56,0.00034880,4.73000000
2018-02-28 15:57:57,0.00034880,15.84000000
2018-02-28 15:57:58,0.00034880,0.02000000
2018-02-28 15:57:58,0.00034890,9.49000000
2018-02-28 15:57:59,0.00034870,4.29000000
2018-02-28 15:57:59,0.00034870,24.85000000
2018-02-28 15:57:59,0.00034870,11.41000000
2018-02-28 15:58:01,0.00034870,0.02000000
2018-02-28 15:58:01,0.00034890,126.35000000
2018-02-28 15:58:02,0.00034890,9.48000000
2018-02-28 15:58:07,0.00034890,0.48000000
2018-02-28 15:58:11,0.00034890,59.88000000
2018-02-28 15:58:13,0.00034890,4.33000000
2018-02-28 15:58:17,0.00034890,4.74000000
2018-02-28 15:58:18,0.00034890,5.66000000
2018-02-28 15:58:19,0.00034890,61.67000000
2018-02-28 15:58:19,0.00034890,3.55000000
2018-02-28 15:58:20,0.00034890,89.98000000
2018-02-28 15:58:24,0.00034890,0.01000000
2018-02-28 15:58:37,0.00034840,14.93000000
2018-02-28 15:58:38,0.00034890,34.58000000
2018-02-28 15:58:38,0.00034890,55.42000000
2018-02-28 15:58:56,0.00034880,54.88000000
2018-02-28 15:59:05,0.00034880,24.53000000
2018-02-28 15:59:10,0.00034880,0.27000000
2018-02-28 15:59:14,0.00034850,5.45000000
2018-02-28 15:59:15,0.00034850,4.74000000
2018-02-28 15:59:15,0.00034850,4.74000000
2018-02-28 15:59:17,0.00034850,462.60000000
2018-02-28 15:59:18,0.00034870,14.39000000
2018-02-28 15:59:18,0.00034880,4.18000000
2018-02-28 15:59:20,0.00034880,1424.13000000
2018-02-28 15:59:23,0.00034850,14.10000000
2018-02-28 15:59:26,0.00034880,341.06000000
2018-02-28 15:59:28,0.00034850,18.73000000
2018-02-28 15:59:29,0.00034850,321.48000000
