DATE,PRICE,VOLUME
2018-02-24 04:00:03,0.00038550,2250.76000000
2018-02-24 04:00:10,0.00038590,3.11000000
2018-02-24 04:00:17,0.00038590,490.87000000
2018-02-24 04:00:21,0.00038570,12.96000000
2018-02-24 04:00:22,0.00038560,86.04000000
2018-02-24 04:00:24,0.00038560,23.60000000
2018-02-24 04:00:25,0.00038560,28.90000000
2018-02-24 04:00:40,0.00038590,64.00000000
2018-02-24 04:00:42,0.00038600,14.08000000
2018-02-24 04:00:46,0.00038650,0.01000000
2018-02-24 04:00:57,0.00038650,7.21000000
2018-02-24 04:00:57,0.00038660,16.64000000
2018-02-24 04:01:02,0.00038600,4.50000000
2018-02-24 04:01:06,0.00038640,10.17000000
2018-02-24 04:01:06,0.00038660,0.18000000
2018-02-24 04:01:27,0.00038630,7.77000000
2018-02-24 04:01:30,0.00038630,2.59000000
2018-02-24 04:01:50,0.00038630,7.66000000
2018-02-24 04:02:06,0.00038630,30.00000000
2018-02-24 04:02:26,0.00038610,18.02000000
2018-02-24 04:02:26,0.00038570,5.56000000
2018-02-24 04:02:40,0.00038670,5.70000000
2018-02-24 04:02:41,0.00038660,5.70000000
2018-02-24 04:02:54,0.00038630,5.70000000
2018-02-24 04:02:55,0.00038640,15.91000000
2018-02-24 04:02:55,0.00038640,23.64000000
2018-02-24 04:02:56,0.00038660,35.93000000
2018-02-24 04:03:01,0.00038660,8.76000000
2018-02-24 04:03:08,0.00038660,20.00000000
2018-02-24 04:03:13,0.00038660,29.00000000
2018-02-24 04:03:14,0.00038660,1.26000000
2018-02-24 04:03:15,0.00038660,7.37000000
2018-02-24 04:03:28,0.00038640,19.71000000
2018-02-24 04:03:45,0.00038640,10.29000000
2018-02-24 04:03:45,0.00038630,251.30000000
2018-02-24 04:03:56,0.00038630,3.79000000
2018-02-24 04:04:17,0.00038660,20.05000000
2018-02-24 04:04:23,0.00038660,12.47000000
2018-02-24 04:04:35,0.00038640,27.92000000
2018-02-24 04:04:37,0.00038660,25.45000000
2018-02-24 04:04:39,0.00038660,3.30000000
2018-02-24 04:04:40,0.00038660,0.72000000
2018-02-24 04:04:40,0.00038670,42.99000000
2018-02-24 04:04:44,0.00038680,9.60000000
2018-02-24 04:04:47,0.00038670,7.69000000
2018-02-24 04:05:05,0.00038680,29.98000000
2018-02-24 04:05:05,0.00038720,15.12000000
2018-02-24 04:05:05,0.00038730,129.72000000
2018-02-24 04:05:05,0.00038740,64.00000000
2018-02-24 04:05:05,0.00038750,63.35000000
2018-02-24 04:05:05,0.00038750,6.60000000
2018-02-24 04:05:05,0.00038750,6.60000000
2018-02-24 04:05:05,0.00038750,12.31000000
2018-02-24 04:05:05,0.00038750,25.74000000
2018-02-24 04:05:05,0.00038750,25.74000000
2018-02-24 04:05:06,0.00038750,129.94000000
2018-02-24 04:05:20,0.00038750,6.00000000
2018-02-24 04:05:21,0.00038750,3.10000000
2018-02-24 04:05:33,0.00038750,15.48000000
2018-02-24 04:05:36,0.00038750,4.29000000
2018-02-24 04:05:38,0.00038750,14.80000000
2018-02-24 04:05:42,0.00038750,6.00000000
2018-02-24 04:05:46,0.00038750,72.08000000
2018-02-24 04:05:49,0.00038750,213.09000000
2018-02-24 04:05:52,0.00038750,6.08000000
2018-02-24 04:05:53,0.00038750,27.01000000
2018-02-24 04:05:54,0.00038750,191.82000000
2018-02-24 04:05:54,0.00038750,140.58000000
2018-02-24 04:06:03,0.00038760,390.21000000
2018-02-24 04:06:06,0.00038760,3.64000000
2018-02-24 04:06:29,0.00038780,7.73000000
2018-02-24 04:06:31,0.00038800,12.89000000
2018-02-24 04:06:32,0.00038800,50.50000000
2018-02-24 04:06:34,0.00038780,114.78000000
2018-02-24 04:06:37,0.00038800,10.31000000
2018-02-24 04:06:37,0.00038800,3.09000000
2018-02-24 04:06:38,0.00038800,96.79000000
2018-02-24 04:06:54,0.00038800,963.48000000
2018-02-24 04:07:09,0.00038780,193.98000000
2018-02-24 04:07:10,0.00038770,339.81000000
2018-02-24 04:07:10,0.00038780,705.73000000
2018-02-24 04:07:39,0.00038770,182.11000000
2018-02-24 04:07:39,0.00038780,778.44000000
2018-02-24 04:07:46,0.00038770,2.00000000
2018-02-24 04:07:47,0.00038780,194.61000000
2018-02-24 04:07:53,0.00038780,48.65000000
2018-02-24 04:07:58,0.00038780,12.16000000
2018-02-24 04:07:59,0.00038780,1289.32000000
2018-02-24 04:08:03,0.00038780,3.04000000
2018-02-24 04:08:04,0.00038780,682.57000000
2018-02-24 04:08:11,0.00038780,0.76000000
2018-02-24 04:08:12,0.00038780,83.00000000
2018-02-24 04:08:14,0.00038780,236.17000000
2018-02-24 04:08:17,0.00038780,72.36000000
2018-02-24 04:08:24,0.00038780,118.33000000
2018-02-24 04:08:27,0.00038820,8.25000000
2018-02-24 04:08:27,0.00038840,768.96000000
2018-02-24 04:08:27,0.00038840,77.23000000
2018-02-24 04:08:27,0.00038840,77.30000000
2018-02-24 04:08:27,0.00038840,140.45000000
2018-02-24 04:08:27,0.00038840,77.22000000
2018-02-24 04:08:27,0.00038840,77.23000000
2018-02-24 04:08:27,0.00038840,77.23000000
2018-02-24 04:08:28,0.00038840,77.22000000
2018-02-24 04:08:28,0.00038840,6.69000000
2018-02-24 04:08:28,0.00038840,15.92000000
2018-02-24 04:08:28,0.00038840,0.02000000
2018-02-24 04:08:28,0.00038790,22.54000000
2018-02-24 04:08:29,0.00038860,224.64000000
2018-02-24 04:08:33,0.00038810,52.28000000
2018-02-24 04:08:34,0.00038860,27.83000000
2018-02-24 04:08:35,0.00038860,43.01000000
2018-02-24 04:08:38,0.00038860,50.00000000
2018-02-24 04:09:19,0.00038870,12.87000000
2018-02-24 04:09:20,0.00038850,5.67000000
2018-02-24 04:09:21,0.00038810,10.00000000
2018-02-24 04:09:24,0.00038810,142.56000000
2018-02-24 04:09:27,0.00038850,69.15000000
2018-02-24 04:09:27,0.00038820,12.87000000
2018-02-24 04:09:28,0.00038860,199.53000000
2018-02-24 04:09:28,0.00038890,84.43000000
2018-02-24 04:09:32,0.00038860,5.67000000
2018-02-24 04:09:33,0.00038820,0.01000000
2018-02-24 04:09:34,0.00038790,36.77000000
2018-02-24 04:09:34,0.00038790,77.33000000
2018-02-24 04:09:34,0.00038790,10.07000000
2018-02-24 04:09:34,0.00038780,77.34000000
2018-02-24 04:09:34,0.00038780,77.34000000
2018-02-24 04:09:34,0.00038780,77.34000000
2018-02-24 04:09:35,0.00038780,212.83000000
2018-02-24 04:09:35,0.00038810,5.67000000
2018-02-24 04:09:35,0.00038780,77.34000000
2018-02-24 04:09:36,0.00038780,31.77000000
2018-02-24 04:09:39,0.00038810,5.67000000
2018-02-24 04:09:40,0.00038790,3.10000000
2018-02-24 04:09:43,0.00038820,10.00000000
2018-02-24 04:09:52,0.00038820,5.99000000
2018-02-24 04:09:52,0.00038850,152.56000000
2018-02-24 04:09:52,0.00038860,505.26000000
2018-02-24 04:09:52,0.00038890,285.38000000
2018-02-24 04:09:52,0.00038900,476.71000000
2018-02-24 04:09:52,0.00038910,48.00000000
2018-02-24 04:09:52,0.00038920,98.21000000
2018-02-24 04:09:52,0.00038930,4.54000000
2018-02-24 04:09:52,0.00038940,3.57000000
2018-02-24 04:09:52,0.00038960,138.48000000
2018-02-24 04:09:52,0.00038970,1040.15000000
2018-02-24 04:09:52,0.00038980,247.14000000
2018-02-24 04:09:54,0.00038880,117.27000000
2018-02-24 04:10:02,0.00038890,25.71000000
2018-02-24 04:10:02,0.00038880,22.80000000
2018-02-24 04:10:05,0.00038890,3.46000000
2018-02-24 04:10:06,0.00038960,2.90000000
2018-02-24 04:10:06,0.00038890,22.25000000
2018-02-24 04:10:06,0.00038880,12.62000000
2018-02-24 04:10:06,0.00038880,59.37000000
2018-02-24 04:10:07,0.00038860,4.25000000
2018-02-24 04:10:07,0.00038860,77.19000000
2018-02-24 04:10:07,0.00038860,59.37000000
2018-02-24 04:10:07,0.00038860,77.19000000
2018-02-24 04:10:07,0.00038860,21.60000000
2018-02-24 04:10:08,0.00038860,21.60000000
2018-02-24 04:10:08,0.00038860,77.20000000
2018-02-24 04:10:16,0.00038870,118.91000000
2018-02-24 04:10:21,0.00038860,26.26000000
2018-02-24 04:10:29,0.00038860,19.69000000
2018-02-24 04:10:30,0.00038860,14.04000000
2018-02-24 04:10:30,0.00038860,14.04000000
2018-02-24 04:10:33,0.00038860,8.50000000
2018-02-24 04:10:38,0.00038870,4.03000000
2018-02-24 04:10:38,0.00038880,5.97000000
2018-02-24 04:10:42,0.00038860,20.80000000
2018-02-24 04:10:42,0.00038860,77.20000000
2018-02-24 04:10:43,0.00038860,97.94000000
2018-02-24 04:10:45,0.00038880,7.72000000
2018-02-24 04:10:48,0.00038860,21.50000000
2018-02-24 04:10:48,0.00038860,0.01000000
2018-02-24 04:10:48,0.00038850,12.87000000
2018-02-24 04:10:48,0.00038800,8.62000000
2018-02-24 04:11:04,0.00038800,33.04000000
2018-02-24 04:11:10,0.00038850,11.07000000
2018-02-24 04:11:10,0.00038860,14.40000000
2018-02-24 04:11:15,0.00038800,77.31000000
2018-02-24 04:11:15,0.00038800,77.31000000
2018-02-24 04:11:15,0.00038800,77.31000000
2018-02-24 04:11:15,0.00038800,77.31000000
2018-02-24 04:11:15,0.00038800,31.83000000
2018-02-24 04:11:16,0.00038800,33.21000000
2018-02-24 04:11:18,0.00038800,136.96000000
2018-02-24 04:11:38,0.00038870,4.89000000
2018-02-24 04:11:58,0.00038800,5.56000000
2018-02-24 04:12:07,0.00038800,1004.46000000
2018-02-24 04:12:11,0.00038800,100.00000000
2018-02-24 04:12:12,0.00038800,3.70000000
2018-02-24 04:12:40,0.00038800,33.80000000
2018-02-24 04:12:50,0.00038800,89.97000000
2018-02-24 04:12:50,0.00038800,29.99000000
2018-02-24 04:12:51,0.00038800,23.39000000
2018-02-24 04:12:51,0.00038800,20.82000000
2018-02-24 04:12:51,0.00038800,20.84000000
2018-02-24 04:12:52,0.00038800,14.45000000
2018-02-24 04:12:52,0.00038800,25.77000000
2018-02-24 04:12:53,0.00038800,6.56000000
2018-02-24 04:12:58,0.00038800,1.30000000
2018-02-24 04:12:58,0.00038840,185.64000000
2018-02-24 04:12:58,0.00038850,259.00000000
2018-02-24 04:12:58,0.00038860,339.81000000
2018-02-24 04:12:58,0.00038880,215.25000000
2018-02-24 04:13:09,0.00038800,4.03000000
2018-02-24 04:13:23,0.00038870,76.89000000
2018-02-24 04:13:23,0.00038880,2.88000000
2018-02-24 04:13:24,0.00038880,123.20000000
2018-02-24 04:13:24,0.00038880,77.12000000
2018-02-24 04:13:24,0.00038880,613.59000000
2018-02-24 04:13:24,0.00038880,64.11000000
2018-02-24 04:13:25,0.00038880,64.11000000
2018-02-24 04:13:25,0.00038880,64.11000000
2018-02-24 04:13:25,0.00038880,13.01000000
2018-02-24 04:13:29,0.00038820,26.18000000
2018-02-24 04:13:29,0.00038820,77.15000000
2018-02-24 04:13:29,0.00038820,75.20000000
2018-02-24 04:13:29,0.00038820,72.21000000
2018-02-24 04:13:32,0.00038880,10.25000000
2018-02-24 04:13:33,0.00038880,8.13000000
2018-02-24 04:13:33,0.00038880,24.96000000
2018-02-24 04:13:34,0.00038820,24.96000000
2018-02-24 04:13:54,0.00038820,0.79000000
2018-02-24 04:13:54,0.00038820,4.20000000
2018-02-24 04:13:59,0.00038870,25.07000000
2018-02-24 04:13:59,0.00038870,25.07000000
2018-02-24 04:14:02,0.00038870,1015.50000000
2018-02-24 04:14:02,0.00038880,215.21000000
2018-02-24 04:14:03,0.00038880,39.69000000
2018-02-24 04:14:10,0.00038880,77.15000000
2018-02-24 04:14:11,0.00038880,13.51000000
2018-02-24 04:14:22,0.00038880,1124.37000000
2018-02-24 04:14:28,0.00038940,100.43000000
2018-02-24 04:14:30,0.00038940,0.90000000
2018-02-24 04:14:34,0.00038930,0.90000000
2018-02-24 04:14:40,0.00038930,5.00000000
2018-02-24 04:14:49,0.00038880,13.00000000
2018-02-24 04:14:54,0.00038880,274.44000000
2018-02-24 04:14:54,0.00038820,118.92000000
2018-02-24 04:14:54,0.00038820,20.28000000
2018-02-24 04:14:54,0.00038820,46.00000000
2018-02-24 04:14:54,0.00038820,13.09000000
2018-02-24 04:14:54,0.00038820,77.23000000
2018-02-24 04:14:54,0.00038820,9.98000000
2018-02-24 04:14:54,0.00038820,122.95000000
2018-02-24 04:14:55,0.00038840,9.98000000
2018-02-24 04:14:58,0.00038840,23.60000000
2018-02-24 04:14:59,0.00038910,38.94000000
2018-02-24 04:15:01,0.00038870,13.00000000
2018-02-24 04:15:05,0.00038830,46.00000000
2018-02-24 04:15:08,0.00038820,23.60000000
2018-02-24 04:15:08,0.00038830,34.99000000
2018-02-24 04:15:21,0.00038910,7.28000000
2018-02-24 04:15:21,0.00038910,7.28000000
2018-02-24 04:15:21,0.00038910,7.28000000
2018-02-24 04:15:25,0.00038910,27.48000000
2018-02-24 04:15:26,0.00038910,3.42000000
2018-02-24 04:15:27,0.00038910,27.48000000
2018-02-24 04:15:27,0.00038920,5.66000000
2018-02-24 04:15:30,0.00038910,5.66000000
2018-02-24 04:15:33,0.00038910,5.66000000
2018-02-24 04:15:46,0.00038910,5.66000000
2018-02-24 04:15:46,0.00038920,3.80000000
2018-02-24 04:15:47,0.00038920,3.80000000
2018-02-24 04:15:47,0.00038910,3.80000000
2018-02-24 04:15:47,0.00038920,10.70000000
2018-02-24 04:15:49,0.00038910,1.26000000
2018-02-24 04:15:55,0.00038920,66.00000000
2018-02-24 04:16:07,0.00038920,107.41000000
2018-02-24 04:16:26,0.00038930,193.35000000
2018-02-24 04:16:47,0.00038930,68.02000000
2018-02-24 04:16:47,0.00038930,100.00000000
2018-02-24 04:16:50,0.00038920,3.80000000
2018-02-24 04:16:52,0.00038930,556.54000000
2018-02-24 04:16:53,0.00038920,65.59000000
2018-02-24 04:16:56,0.00038920,100.00000000
2018-02-24 04:17:00,0.00038930,15.54000000
2018-02-24 04:17:12,0.00038920,100.00000000
2018-02-24 04:17:17,0.00038920,51.96000000
2018-02-24 04:17:17,0.00038910,148.04000000
2018-02-24 04:17:17,0.00038930,9.56000000
2018-02-24 04:17:21,0.00038930,20.00000000
2018-02-24 04:17:21,0.00038930,194.29000000
2018-02-24 04:17:21,0.00038910,31.73000000
2018-02-24 04:17:21,0.00038880,113.70000000
2018-02-24 04:17:21,0.00038850,54.57000000
2018-02-24 04:17:25,0.00038860,46.00000000
2018-02-24 04:17:25,0.00038850,154.00000000
2018-02-24 04:17:29,0.00038860,122.73000000
2018-02-24 04:17:29,0.00038850,77.27000000
2018-02-24 04:17:50,0.00038910,9.57000000
2018-02-24 04:17:53,0.00038910,16.00000000
2018-02-24 04:17:54,0.00038910,5.95000000
2018-02-24 04:17:56,0.00038910,91.21000000
2018-02-24 04:18:02,0.00038910,81.70000000
2018-02-24 04:18:02,0.00038870,53.97000000
2018-02-24 04:18:02,0.00038850,64.33000000
2018-02-24 04:18:06,0.00038910,17.99000000
2018-02-24 04:18:06,0.00038850,253.89000000
2018-02-24 04:18:06,0.00038850,118.11000000
2018-02-24 04:18:06,0.00038810,81.89000000
2018-02-24 04:18:10,0.00038830,128.78000000
2018-02-24 04:18:10,0.00038820,71.22000000
2018-02-24 04:18:13,0.00038920,18.13000000
2018-02-24 04:18:16,0.00038830,200.00000000
2018-02-24 04:18:18,0.00038830,57.52000000
2018-02-24 04:18:18,0.00038800,1024.22000000
2018-02-24 04:18:18,0.00038790,25.71000000
2018-02-24 04:18:18,0.00038780,91.23000000
2018-02-24 04:18:26,0.00038840,30.00000000
2018-02-24 04:18:47,0.00038790,77.28000000
2018-02-24 04:18:47,0.00038790,77.29000000
2018-02-24 04:18:48,0.00038790,19.96000000
2018-02-24 04:18:48,0.00038780,77.29000000
2018-02-24 04:19:25,0.00038780,79.88000000
2018-02-24 04:19:29,0.00038780,40.98000000
2018-02-24 04:19:29,0.00038770,40.98000000
2018-02-24 04:19:29,0.00038770,40.64000000
2018-02-24 04:19:29,0.00038770,6.41000000
2018-02-24 04:19:29,0.00038750,33.38000000
2018-02-24 04:19:29,0.00038720,131.41000000
2018-02-24 04:19:29,0.00038710,3000.00000000
2018-02-24 04:19:29,0.00038690,124.18000000
2018-02-24 04:19:29,0.00038660,9.73000000
2018-02-24 04:19:29,0.00038640,310.56000000
2018-02-24 04:19:29,0.00038630,2098.40000000
2018-02-24 04:19:29,0.00038580,1944.31000000
2018-02-24 04:19:29,0.00038570,259.26000000
2018-02-24 04:19:29,0.00038560,632.34000000
2018-02-24 04:19:29,0.00038550,3228.85000000
2018-02-24 04:19:34,0.00038660,2.00000000
2018-02-24 04:19:34,0.00038660,3.88000000
2018-02-24 04:19:37,0.00038640,5.95000000
2018-02-24 04:19:37,0.00038640,34.75000000
2018-02-24 04:19:37,0.00038650,2.66000000
2018-02-24 04:19:38,0.00038640,33.35000000
2018-02-24 04:19:38,0.00038650,16.65000000
2018-02-24 04:19:39,0.00038650,46.58000000
2018-02-24 04:19:39,0.00038650,5.67000000
2018-02-24 04:19:40,0.00038580,123.20000000
2018-02-24 04:19:40,0.00038580,77.68000000
2018-02-24 04:19:40,0.00038580,77.67000000
2018-02-24 04:19:40,0.00038580,110.25000000
2018-02-24 04:19:40,0.00038650,5.67000000
2018-02-24 04:19:41,0.00038640,134.54000000
2018-02-24 04:19:41,0.00038650,114.98000000
2018-02-24 04:19:44,0.00038580,7.00000000
2018-02-24 04:19:47,0.00038650,64.68000000
2018-02-24 04:20:00,0.00038580,14.51000000
2018-02-24 04:20:00,0.00038570,25.92000000
2018-02-24 04:20:00,0.00038560,18.32000000
2018-02-24 04:20:01,0.00038640,6.41000000
2018-02-24 04:20:01,0.00038630,18.32000000
2018-02-24 04:20:12,0.00038670,23.27000000
2018-02-24 04:20:15,0.00038670,316.54000000
2018-02-24 04:20:15,0.00038740,58.50000000
2018-02-24 04:20:29,0.00038640,2.59000000
2018-02-24 04:20:36,0.00038720,7.17000000
2018-02-24 04:20:38,0.00038720,12.91000000
2018-02-24 04:20:42,0.00038720,10.33000000
2018-02-24 04:20:43,0.00038720,2.71000000
2018-02-24 04:20:43,0.00038730,176.51000000
2018-02-24 04:20:43,0.00038740,24.31000000
2018-02-24 04:20:43,0.00038740,48.47000000
2018-02-24 04:20:43,0.00038650,48.46000000
2018-02-24 04:21:13,0.00038670,38.64000000
2018-02-24 04:21:16,0.00038730,48.46000000
2018-02-24 04:21:16,0.00038740,97.09000000
2018-02-24 04:21:16,0.00038790,195.40000000
2018-02-24 04:21:16,0.00038860,39.47000000
2018-02-24 04:21:16,0.00038870,262.93000000
2018-02-24 04:21:16,0.00038870,162.86000000
2018-02-24 04:21:16,0.00038870,75.17000000
2018-02-24 04:21:16,0.00038870,77.00000000
2018-02-24 04:21:16,0.00038870,77.00000000
2018-02-24 04:21:16,0.00038870,77.17000000
2018-02-24 04:21:16,0.00038870,887.45000000
2018-02-24 04:21:16,0.00038880,0.73000000
2018-02-24 04:21:20,0.00038810,25.76000000
2018-02-24 04:21:20,0.00038800,247.82000000
2018-02-24 04:21:20,0.00038800,10.76000000
2018-02-24 04:21:20,0.00038790,15.00000000
2018-02-24 04:21:20,0.00038770,15.00000000
2018-02-24 04:21:23,0.00038840,14.40000000
2018-02-24 04:21:23,0.00038770,152.68000000
2018-02-24 04:21:30,0.00038800,244.18000000
2018-02-24 04:21:34,0.00038810,0.35000000
2018-02-24 04:21:37,0.00038800,2.58000000
2018-02-24 04:21:44,0.00038810,102.93000000
2018-02-24 04:21:45,0.00038810,3.09000000
2018-02-24 04:21:45,0.00038810,50.23000000
2018-02-24 04:21:50,0.00038800,50.00000000
2018-02-24 04:21:57,0.00038810,15.26000000
2018-02-24 04:21:57,0.00038810,15.26000000
2018-02-24 04:21:57,0.00038810,15.26000000
2018-02-24 04:21:57,0.00038810,15.26000000
2018-02-24 04:21:57,0.00038800,15.26000000
2018-02-24 04:21:58,0.00038800,26.63000000
2018-02-24 04:21:59,0.00038800,10.51000000
2018-02-24 04:22:02,0.00038800,3.00000000
2018-02-24 04:22:02,0.00038800,863.75000000
2018-02-24 04:22:10,0.00038770,169.54000000
2018-02-24 04:22:10,0.00038680,195.95000000
2018-02-24 04:22:10,0.00038640,310.56000000
2018-02-24 04:22:10,0.00038630,18.32000000
2018-02-24 04:22:10,0.00038620,51.00000000
2018-02-24 04:22:10,0.00038600,27.77000000
2018-02-24 04:22:10,0.00038590,64.00000000
2018-02-24 04:22:10,0.00038580,162.86000000
2018-02-24 04:22:39,0.00038690,170.27000000
2018-02-24 04:22:39,0.00038610,39.69000000
2018-02-24 04:22:39,0.00038580,841.98000000
2018-02-24 04:22:39,0.00038580,55.06000000
2018-02-24 04:22:39,0.00038580,55.06000000
2018-02-24 04:22:39,0.00038580,166.80000000
2018-02-24 04:22:39,0.00038580,45.88000000
2018-02-24 04:22:40,0.00038580,64.00000000
2018-02-24 04:22:40,0.00038580,63.99000000
2018-02-24 04:22:40,0.00038580,77.70000000
2018-02-24 04:22:40,0.00038580,47.00000000
2018-02-24 04:22:40,0.00038580,77.70000000
2018-02-24 04:22:40,0.00038580,36.75000000
2018-02-24 04:22:51,0.00038710,25.76000000
2018-02-24 04:22:51,0.00038720,10.24000000
2018-02-24 04:22:53,0.00038650,580.63000000
2018-02-24 04:23:20,0.00038650,2.60000000
2018-02-24 04:23:23,0.00038650,44.82000000
2018-02-24 04:23:32,0.00038660,4.87000000
2018-02-24 04:23:36,0.00038660,10.55000000
2018-02-24 04:23:45,0.00038660,58.72000000
2018-02-24 04:23:45,0.00038650,41.28000000
2018-02-24 04:23:58,0.00038650,1.30000000
2018-02-24 04:24:01,0.00038650,5.59000000
2018-02-24 04:24:07,0.00038680,5.69000000
2018-02-24 04:24:08,0.00038680,50.00000000
2018-02-24 04:24:23,0.00038650,5.69000000
2018-02-24 04:24:26,0.00038630,5.69000000
2018-02-24 04:24:31,0.00038610,212.52000000
2018-02-24 04:24:37,0.00038610,7.48000000
2018-02-24 04:24:37,0.00038600,18.65000000
2018-02-24 04:24:37,0.00038570,27.32000000
2018-02-24 04:24:51,0.00038590,5.52000000
2018-02-24 04:24:52,0.00038590,239.17000000
2018-02-24 04:24:55,0.00038610,11.38000000
2018-02-24 04:24:56,0.00038590,1049.88000000
2018-02-24 04:24:56,0.00038560,2044.75000000
2018-02-24 04:25:11,0.00038620,8.60000000
2018-02-24 04:25:20,0.00038620,10.10000000
2018-02-24 04:25:28,0.00038600,42.88000000
2018-02-24 04:25:28,0.00038620,657.12000000
2018-02-24 04:25:36,0.00038610,27.18000000
2018-02-24 04:25:36,0.00038620,658.54000000
2018-02-24 04:25:40,0.00038620,2.59000000
2018-02-24 04:25:45,0.00038620,8.76000000
2018-02-24 04:25:53,0.00038630,1.71000000
2018-02-24 04:26:11,0.00038640,25.06000000
2018-02-24 04:26:14,0.00038640,68.87000000
2018-02-24 04:26:16,0.00038640,11.24000000
2018-02-24 04:26:33,0.00038650,32.66000000
2018-02-24 04:26:33,0.00038640,89.85000000
2018-02-24 04:27:03,0.00038650,12.41000000
2018-02-24 04:27:07,0.00038650,30.00000000
2018-02-24 04:27:07,0.00038650,30.00000000
2018-02-24 04:27:10,0.00038650,30.00000000
2018-02-24 04:27:10,0.00038650,164.83000000
2018-02-24 04:27:10,0.00038640,60.85000000
2018-02-24 04:27:10,0.00038630,53.96000000
2018-02-24 04:27:10,0.00038620,21.00000000
2018-02-24 04:27:13,0.00038560,2.60000000
2018-02-24 04:27:21,0.00038620,37.00000000
2018-02-24 04:27:34,0.00038570,3.09000000
2018-02-24 04:27:34,0.00038570,10.00000000
2018-02-24 04:27:37,0.00038610,3.11000000
2018-02-24 04:27:44,0.00038610,25.74000000
2018-02-24 04:27:45,0.00038620,129.47000000
2018-02-24 04:27:45,0.00038620,266.58000000
2018-02-24 04:27:48,0.00038650,10.35000000
2018-02-24 04:27:49,0.00038650,468.80000000
2018-02-24 04:27:54,0.00038710,5.69000000
2018-02-24 04:27:56,0.00038650,15.00000000
2018-02-24 04:27:57,0.00038750,5.69000000
2018-02-24 04:28:00,0.00038720,5.69000000
2018-02-24 04:28:09,0.00038700,11.38000000
2018-02-24 04:28:09,0.00038720,36.07000000
2018-02-24 04:28:19,0.00038720,184.08000000
2018-02-24 04:28:24,0.00038790,23.44000000
2018-02-24 04:28:42,0.00038780,8.92000000
2018-02-24 04:28:46,0.00038730,2.59000000
2018-02-24 04:28:50,0.00038800,47.91000000
2018-02-24 04:28:55,0.00038740,46.53000000
2018-02-24 04:28:55,0.00038740,34.85000000
2018-02-24 04:28:55,0.00038740,2.67000000
2018-02-24 04:29:07,0.00038800,5.67000000
2018-02-24 04:29:22,0.00038800,80.97000000
2018-02-24 04:29:22,0.00038840,39.65000000
2018-02-24 04:29:22,0.00038850,51.38000000
2018-02-24 04:29:22,0.00038750,123.81000000
2018-02-24 04:29:23,0.00038750,51.39000000
2018-02-24 04:29:47,0.00038730,25.81000000
2018-02-24 04:29:47,0.00038720,37.93000000
2018-02-24 04:29:52,0.00038790,0.08000000
2018-02-24 04:30:05,0.00038720,31.17000000
2018-02-24 04:30:07,0.00038730,37.76000000
2018-02-24 04:30:37,0.00038730,0.01000000
2018-02-24 04:30:38,0.00038720,123.74000000
2018-02-24 04:30:45,0.00038720,859.67000000
2018-02-24 04:30:45,0.00038730,258.57000000
2018-02-24 04:30:45,0.00038730,224.21000000
2018-02-24 04:30:59,0.00038710,59.81000000
2018-02-24 04:31:06,0.00038730,17.21000000
2018-02-24 04:31:06,0.00038740,8.60000000
2018-02-24 04:31:17,0.00038720,42.70000000
2018-02-24 04:31:17,0.00038730,39.08000000
2018-02-24 04:31:38,0.00038710,20.32000000
2018-02-24 04:31:39,0.00038650,86.04000000
2018-02-24 04:31:39,0.00038640,1.17000000
2018-02-24 04:32:10,0.00038640,48.46000000
2018-02-24 04:32:10,0.00038620,124.12000000
2018-02-24 04:32:10,0.00038620,77.58000000
2018-02-24 04:32:10,0.00038620,82.87000000
2018-02-24 04:32:20,0.00038620,82.87000000
2018-02-24 04:32:20,0.00038610,39.84000000
2018-02-24 04:32:20,0.00038600,58.05000000
2018-02-24 04:32:36,0.00038600,96.09000000
2018-02-24 04:32:36,0.00038580,278.95000000
2018-02-24 04:32:39,0.00038650,77.56000000
2018-02-24 04:32:39,0.00038650,46.56000000
2018-02-24 04:32:39,0.00038660,25.87000000
2018-02-24 04:33:15,0.00038700,100.48000000
2018-02-24 04:33:35,0.00038680,65.40000000
2018-02-24 04:33:36,0.00038680,5110.65000000
2018-02-24 04:33:39,0.00038670,66.11000000
2018-02-24 04:33:39,0.00038670,66.10000000
2018-02-24 04:33:39,0.00038670,66.08000000
2018-02-24 04:33:39,0.00038670,19.67000000
2018-02-24 04:33:39,0.00038670,4.70000000
2018-02-24 04:33:39,0.00038680,6.74000000
2018-02-24 04:33:40,0.00038680,90.28000000
2018-02-24 04:33:40,0.00038680,36.25000000
2018-02-24 04:33:45,0.00038680,1.00000000
2018-02-24 04:33:51,0.00038680,48.05000000
2018-02-24 04:33:51,0.00038680,48.05000000
2018-02-24 04:33:52,0.00038680,29.48000000
2018-02-24 04:34:03,0.00038670,619.00000000
2018-02-24 04:34:04,0.00038680,18.73000000
2018-02-24 04:34:07,0.00038670,61.94000000
2018-02-24 04:34:17,0.00038670,24.79000000
2018-02-24 04:34:24,0.00038670,50.04000000
2018-02-24 04:34:30,0.00038670,567.04000000
2018-02-24 04:34:38,0.00038680,5.40000000
2018-02-24 04:34:39,0.00038670,12.82000000
2018-02-24 04:34:43,0.00038680,105.84000000
2018-02-24 04:34:56,0.00038670,42.56000000
2018-02-24 04:34:58,0.00038670,32.50000000
2018-02-24 04:34:58,0.00038680,105.84000000
2018-02-24 04:35:00,0.00038680,122.13000000
2018-02-24 04:35:05,0.00038670,5.25000000
2018-02-24 04:35:09,0.00038670,4.00000000
2018-02-24 04:35:12,0.00038670,49.18000000
2018-02-24 04:35:20,0.00038700,48.03000000
2018-02-24 04:35:21,0.00038700,62.32000000
2018-02-24 04:35:40,0.00038690,5.17000000
2018-02-24 04:35:40,0.00038670,69.08000000
2018-02-24 04:35:41,0.00038690,36.50000000
2018-02-24 04:35:41,0.00038690,68.68000000
2018-02-24 04:35:46,0.00038690,68.68000000
2018-02-24 04:35:46,0.00038700,48.72000000
2018-02-24 04:35:46,0.00038710,1093.08000000
2018-02-24 04:35:57,0.00038710,68.68000000
2018-02-24 04:36:01,0.00038720,42.64000000
2018-02-24 04:36:04,0.00038710,150.89000000
2018-02-24 04:36:04,0.00038670,497.90000000
2018-02-24 04:36:04,0.00038630,222.66000000
2018-02-24 04:36:05,0.00038630,131.10000000
2018-02-24 04:36:05,0.00038630,0.30000000
2018-02-24 04:36:05,0.00038710,15.00000000
2018-02-24 04:36:06,0.00038720,77.43000000
2018-02-24 04:36:22,0.00038710,24.97000000
2018-02-24 04:36:31,0.00038710,103.81000000
2018-02-24 04:36:50,0.00038710,12.92000000
2018-02-24 04:36:55,0.00038710,100.23000000
2018-02-24 04:37:13,0.00038680,38.25000000
2018-02-24 04:37:13,0.00038700,39.16000000
2018-02-24 04:37:19,0.00038650,2.59000000
2018-02-24 04:37:20,0.00038650,27.41000000
2018-02-24 04:37:22,0.00038710,30.00000000
2018-02-24 04:37:22,0.00038720,39.77000000
2018-02-24 04:37:22,0.00038730,111.23000000
2018-02-24 04:37:23,0.00038640,77.63000000
2018-02-24 04:37:23,0.00038640,253.08000000
2018-02-24 04:37:23,0.00038650,30.00000000
2018-02-24 04:37:23,0.00038640,47.63000000
2018-02-24 04:37:23,0.00038640,17.05000000
2018-02-24 04:37:23,0.00038650,77.63000000
2018-02-24 04:37:23,0.00038650,46.51000000
2018-02-24 04:37:23,0.00038640,64.28000000
2018-02-24 04:37:23,0.00038640,59.42000000
2018-02-24 04:37:31,0.00038640,124.14000000
2018-02-24 04:37:31,0.00038650,77.26000000
2018-02-24 04:37:37,0.00038690,15.00000000
2018-02-24 04:37:37,0.00038700,30.00000000
2018-02-24 04:37:37,0.00038720,114.66000000
2018-02-24 04:37:37,0.00038720,53.72000000
2018-02-24 04:38:08,0.00038660,15.00000000
2018-02-24 04:38:08,0.00038650,3.20000000
2018-02-24 04:38:08,0.00038650,10.30000000
2018-02-24 04:38:29,0.00038690,15.00000000
2018-02-24 04:38:40,0.00038700,41.00000000
2018-02-24 04:38:43,0.00038700,12.92000000
2018-02-24 04:38:51,0.00038690,142.57000000
2018-02-24 04:38:51,0.00038690,142.56000000
2018-02-24 04:38:58,0.00038690,45.69000000
2018-02-24 04:39:04,0.00038690,350.50000000
2018-02-24 04:39:22,0.00038710,2.84000000
2018-02-24 04:39:52,0.00038700,12.92000000
2018-02-24 04:40:02,0.00038700,12.02000000
2018-02-24 04:40:09,0.00038700,12.92000000
2018-02-24 04:40:09,0.00038700,3.25000000
2018-02-24 04:40:09,0.00038710,32.24000000
2018-02-24 04:40:09,0.00038710,32.24000000
2018-02-24 04:40:27,0.00038710,146.05000000
2018-02-24 04:40:34,0.00038710,60.00000000
2018-02-24 04:40:44,0.00038700,8.26000000
2018-02-24 04:40:44,0.00038690,2.58000000
2018-02-24 04:40:57,0.00038690,71.45000000
2018-02-24 04:40:59,0.00038690,26.76000000
2018-02-24 04:41:50,0.00038710,27.54000000
2018-02-24 04:41:50,0.00038720,5.00000000
2018-02-24 04:41:50,0.00038730,180.94000000
2018-02-24 04:41:50,0.00038750,150.26000000
2018-02-24 04:41:50,0.00038780,100.00000000
2018-02-24 04:41:50,0.00038790,166.82000000
2018-02-24 04:41:50,0.00038820,777.14000000
2018-02-24 04:41:50,0.00038860,1480.13000000
2018-02-24 04:41:50,0.00038870,46.99000000
2018-02-24 04:41:50,0.00038890,1015.71000000
2018-02-24 04:41:50,0.00038900,688.00000000
2018-02-24 04:41:50,0.00038910,2.94000000
2018-02-24 04:41:50,0.00038920,64.00000000
2018-02-24 04:41:50,0.00038930,2.88000000
2018-02-24 04:41:50,0.00038940,23.41000000
2018-02-24 04:41:50,0.00038950,123.62000000
2018-02-24 04:41:51,0.00038760,47.36000000
2018-02-24 04:41:51,0.00038770,6.60000000
2018-02-24 04:41:55,0.00038780,6.58000000
2018-02-24 04:42:00,0.00038830,47.36000000
2018-02-24 04:42:00,0.00038830,38.96000000
2018-02-24 04:42:04,0.00038800,10.10000000
2018-02-24 04:42:06,0.00038890,10.10000000
2018-02-24 04:42:06,0.00038890,6.59000000
2018-02-24 04:42:06,0.00038890,23.71000000
2018-02-24 04:42:06,0.00038890,23.71000000
2018-02-24 04:42:06,0.00038890,102.62000000
2018-02-24 04:42:09,0.00038830,12.58000000
2018-02-24 04:42:09,0.00038820,34.72000000
2018-02-24 04:42:09,0.00038820,20.39000000
2018-02-24 04:42:09,0.00038820,34.72000000
2018-02-24 04:42:20,0.00038890,32.40000000
2018-02-24 04:42:20,0.00038910,143.24000000
2018-02-24 04:42:20,0.00038920,39.80000000
2018-02-24 04:42:20,0.00038930,339.81000000
2018-02-24 04:42:20,0.00038950,742.56000000
2018-02-24 04:42:20,0.00038980,252.19000000
2018-02-24 04:42:22,0.00038970,37.16000000
2018-02-24 04:42:24,0.00038880,25.72000000
2018-02-24 04:42:24,0.00038880,257.20000000
2018-02-24 04:42:26,0.00038870,50.00000000
2018-02-24 04:42:36,0.00038870,5.20000000
2018-02-24 04:42:37,0.00038850,44.80000000
2018-02-24 04:42:52,0.00038860,3.26000000
2018-02-24 04:42:55,0.00038850,75.00000000
2018-02-24 04:43:08,0.00038860,12.07000000
2018-02-24 04:43:08,0.00038860,12.07000000
2018-02-24 04:43:10,0.00038860,229.80000000
2018-02-24 04:43:28,0.00038860,5.58000000
2018-02-24 04:43:35,0.00038860,50.00000000
2018-02-24 04:43:38,0.00038860,15.57000000
2018-02-24 04:44:01,0.00038870,20.89000000
2018-02-24 04:44:01,0.00038860,21.73000000
2018-02-24 04:44:10,0.00038860,8.21000000
2018-02-24 04:44:13,0.00038850,247.27000000
2018-02-24 04:44:18,0.00038860,50.00000000
2018-02-24 04:44:39,0.00038860,49.00000000
2018-02-24 04:44:48,0.00038850,30.35000000
2018-02-24 04:44:49,0.00038870,119.80000000
2018-02-24 04:45:02,0.00038870,88.73000000
2018-02-24 04:45:11,0.00038870,8.56000000
2018-02-24 04:45:13,0.00038870,2.71000000
2018-02-24 04:45:13,0.00038890,4.61000000
2018-02-24 04:46:14,0.00038890,75.96000000
2018-02-24 04:46:15,0.00038890,119.43000000
2018-02-24 04:46:16,0.00038890,1060.75000000
2018-02-24 04:46:27,0.00038890,4.49000000
2018-02-24 04:46:33,0.00038890,200.00000000
2018-02-24 04:46:34,0.00038890,77.13000000
2018-02-24 04:46:34,0.00038890,77.13000000
2018-02-24 04:46:36,0.00038890,144.73000000
2018-02-24 04:46:44,0.00038880,12.87000000
2018-02-24 04:46:49,0.00038870,51.45000000
2018-02-24 04:46:50,0.00038850,11.49000000
2018-02-24 04:46:50,0.00038880,13.48000000
2018-02-24 04:46:52,0.00038880,9.77000000
2018-02-24 04:47:01,0.00038880,8.06000000
2018-02-24 04:47:40,0.00038880,9.10000000
2018-02-24 04:47:42,0.00038880,21.63000000
2018-02-24 04:47:50,0.00038870,22.25000000
2018-02-24 04:47:51,0.00038870,11.10000000
2018-02-24 04:47:52,0.00038870,75.09000000
2018-02-24 04:47:56,0.00038850,21.85000000
2018-02-24 04:47:56,0.00038820,65.84000000
2018-02-24 04:47:56,0.00038800,116.22000000
2018-02-24 04:48:31,0.00038810,53.00000000
2018-02-24 04:48:31,0.00038800,231.61000000
2018-02-24 04:48:31,0.00038800,35.51000000
2018-02-24 04:48:31,0.00038790,0.23000000
2018-02-24 04:49:17,0.00038870,5.67000000
2018-02-24 04:49:17,0.00038810,30.76000000
2018-02-24 04:49:17,0.00038800,11.13000000
2018-02-24 04:49:18,0.00038860,5.67000000
2018-02-24 04:49:18,0.00038870,20.05000000
2018-02-24 04:49:18,0.00038880,5.67000000
2018-02-24 04:49:18,0.00038880,4.62000000
2018-02-24 04:49:18,0.00038900,77.06000000
2018-02-24 04:49:19,0.00038900,77.06000000
2018-02-24 04:49:19,0.00038900,77.06000000
2018-02-24 04:49:19,0.00038900,57.08000000
2018-02-24 04:49:19,0.00038900,77.06000000
2018-02-24 04:49:19,0.00038870,5.67000000
2018-02-24 04:49:19,0.00038900,45.42000000
2018-02-24 04:49:19,0.00038900,77.06000000
2018-02-24 04:49:19,0.00038900,77.06000000
2018-02-24 04:49:19,0.00038900,77.06000000
2018-02-24 04:49:19,0.00038890,77.06000000
2018-02-24 04:49:20,0.00038890,33.94000000
2018-02-24 04:49:20,0.00038890,77.06000000
2018-02-24 04:49:20,0.00038890,5.67000000
2018-02-24 04:49:20,0.00038890,61.65000000
2018-02-24 04:49:20,0.00038900,77.06000000
2018-02-24 04:49:20,0.00038900,77.06000000
2018-02-24 04:49:20,0.00038900,11.28000000
2018-02-24 04:49:21,0.00038900,77.06000000
2018-02-24 04:49:21,0.00038900,77.06000000
2018-02-24 04:49:21,0.00038900,77.06000000
2018-02-24 04:49:21,0.00038900,77.06000000
2018-02-24 04:49:21,0.00038900,77.06000000
2018-02-24 04:49:22,0.00038900,73.56000000
2018-02-24 04:49:23,0.00038900,55.05000000
2018-02-24 04:49:23,0.00038900,77.06000000
2018-02-24 04:49:23,0.00038900,75.40000000
2018-02-24 04:49:24,0.00038900,21.94000000
2018-02-24 04:49:28,0.00038900,109.09000000
2018-02-24 04:49:29,0.00038900,166.71000000
2018-02-24 04:49:32,0.00038880,0.07000000
2018-02-24 04:49:40,0.00038900,13.44000000
2018-02-24 04:49:48,0.00038880,102.82000000
2018-02-24 04:50:20,0.00038880,219.54000000
2018-02-24 04:50:20,0.00038870,57.38000000
2018-02-24 04:50:20,0.00038860,5.67000000
2018-02-24 04:50:22,0.00038870,5.67000000
2018-02-24 04:50:22,0.00038880,5.67000000
2018-02-24 04:50:24,0.00038860,11.34000000
2018-02-24 04:50:24,0.00038880,47.66000000
2018-02-24 04:50:26,0.00038880,0.83000000
2018-02-24 04:50:32,0.00038800,6.00000000
2018-02-24 04:50:33,0.00038880,5.67000000
2018-02-24 04:50:37,0.00038880,5.67000000
2018-02-24 04:50:38,0.00038880,16.00000000
2018-02-24 04:50:38,0.00038870,11.34000000
2018-02-24 04:50:38,0.00038880,24.33000000
2018-02-24 04:50:38,0.00038880,236.96000000
2018-02-24 04:50:39,0.00038870,11.34000000
2018-02-24 04:50:39,0.00038820,112.51000000
2018-02-24 04:50:39,0.00038800,34.41000000
2018-02-24 04:50:39,0.00038800,173.15000000
2018-02-24 04:50:39,0.00038800,173.15000000
2018-02-24 04:50:39,0.00038800,122.83000000
2018-02-24 04:50:39,0.00038800,502.81000000
2018-02-24 04:50:39,0.00038800,9.73000000
2018-02-24 04:50:40,0.00038800,9.73000000
2018-02-24 04:50:40,0.00038800,25.77000000
2018-02-24 04:50:40,0.00038800,364.25000000
2018-02-24 04:50:40,0.00038800,10.72000000
2018-02-24 04:50:40,0.00038800,12.83000000
2018-02-24 04:50:40,0.00038800,25.77000000
2018-02-24 04:50:40,0.00038800,12.89000000
2018-02-24 04:50:40,0.00038800,38.75000000
2018-02-24 04:50:40,0.00038800,38.76000000
2018-02-24 04:50:40,0.00038800,38.75000000
2018-02-24 04:50:40,0.00038800,7.29000000
2018-02-24 04:50:40,0.00038790,112.51000000
2018-02-24 04:50:40,0.00038800,38.52000000
2018-02-24 04:50:40,0.00038800,10.73000000
2018-02-24 04:50:40,0.00038800,9.64000000
2018-02-24 04:50:42,0.00038800,8.56000000
2018-02-24 04:50:44,0.00038800,17.55000000
2018-02-24 04:50:45,0.00038800,36.39000000
2018-02-24 04:50:45,0.00038800,32.34000000
2018-02-24 04:50:46,0.00038800,23.74000000
2018-02-24 04:50:46,0.00038790,3.52000000
2018-02-24 04:51:01,0.00038790,20.56000000
2018-02-24 04:51:01,0.00038780,100.00000000
2018-02-24 04:51:02,0.00038800,3.29000000
2018-02-24 04:51:07,0.00038750,15.94000000
2018-02-24 04:51:37,0.00038730,12.91000000
2018-02-24 04:51:37,0.00038720,1279.25000000
2018-02-24 04:51:37,0.00038720,3.46000000
2018-02-24 04:51:45,0.00038720,48.98000000
2018-02-24 04:51:47,0.00038720,121.94000000
2018-02-24 04:52:17,0.00038870,101.73000000
2018-02-24 04:52:37,0.00038860,4.35000000
2018-02-24 04:53:22,0.00038790,4.35000000
2018-02-24 04:53:22,0.00038780,25.78000000
2018-02-24 04:53:22,0.00038770,123.75000000
2018-02-24 04:53:22,0.00038760,540.77000000
2018-02-24 04:53:22,0.00038720,230.43000000
2018-02-24 04:53:22,0.00038710,268.34000000
2018-02-24 04:53:22,0.00038700,65.76000000
2018-02-24 04:53:22,0.00038690,1250.88000000
2018-02-24 04:53:22,0.00038650,48.80000000
2018-02-24 04:53:22,0.00038630,399.50000000
2018-02-24 04:53:22,0.00038600,1110.00000000
2018-02-24 04:53:22,0.00038590,565.82000000
2018-02-24 04:53:22,0.00038580,51.48000000
2018-02-24 04:53:22,0.00038570,114.34000000
2018-02-24 04:53:33,0.00038630,53.00000000
2018-02-24 04:53:33,0.00038630,155.67000000
2018-02-24 04:53:33,0.00038630,100.68000000
2018-02-24 04:53:33,0.00038630,25.88000000
2018-02-24 04:53:33,0.00038630,53.06000000
2018-02-24 04:53:35,0.00038680,123.75000000
2018-02-24 04:53:36,0.00038680,42.89000000
2018-02-24 04:53:37,0.00038690,2.59000000
2018-02-24 04:53:38,0.00038690,6.44000000
2018-02-24 04:53:39,0.00038690,50.00000000
2018-02-24 04:53:39,0.00038690,90.00000000
2018-02-24 04:53:42,0.00038690,0.69000000
2018-02-24 04:53:45,0.00038690,26.41000000
2018-02-24 04:54:14,0.00038690,83.00000000
2018-02-24 04:54:26,0.00038700,15.49000000
2018-02-24 04:54:27,0.00038700,77.51000000
2018-02-24 04:54:27,0.00038700,124.90000000
2018-02-24 04:54:27,0.00038700,77.50000000
2018-02-24 04:54:27,0.00038700,77.51000000
2018-02-24 04:54:27,0.00038700,54.18000000
2018-02-24 04:54:32,0.00038690,19.21000000
2018-02-24 04:54:32,0.00038680,21.90000000
2018-02-24 04:54:59,0.00038680,21.90000000
2018-02-24 04:55:03,0.00038690,2.94000000
2018-02-24 04:55:03,0.00038690,123.95000000
2018-02-24 04:55:03,0.00038690,51.50000000
2018-02-24 04:55:09,0.00038690,121.12000000
2018-02-24 04:55:11,0.00038700,7.32000000
2018-02-24 04:55:16,0.00038760,7.32000000
2018-02-24 04:55:16,0.00038770,18.46000000
2018-02-24 04:55:16,0.00038690,11.16000000
2018-02-24 04:55:16,0.00038690,13.20000000
2018-02-24 04:55:16,0.00038680,11.15000000
2018-02-24 04:55:22,0.00038690,77.53000000
2018-02-24 04:55:22,0.00038690,10.90000000
2018-02-24 04:55:22,0.00038690,16.44000000
2018-02-24 04:55:29,0.00038750,7.32000000
2018-02-24 04:55:47,0.00038750,30.67000000
2018-02-24 04:55:55,0.00038790,154.77000000
2018-02-24 04:55:59,0.00038790,5.67000000
2018-02-24 04:56:11,0.00038700,5.50000000
2018-02-24 04:56:13,0.00038700,0.24000000
2018-02-24 04:56:28,0.00038760,5.74000000
2018-02-24 04:56:28,0.00038780,19.56000000
2018-02-24 04:56:51,0.00038710,271.51000000
2018-02-24 04:56:51,0.00038760,529.29000000
2018-02-24 04:56:57,0.00038700,98.63000000
2018-02-24 04:57:05,0.00038700,421.37000000
2018-02-24 04:57:13,0.00038700,8.00000000
2018-02-24 04:57:23,0.00038790,92.00000000
2018-02-24 04:57:27,0.00038710,2.59000000
2018-02-24 04:57:47,0.00038720,8.88000000
2018-02-24 04:58:04,0.00038720,5.00000000
2018-02-24 04:58:16,0.00038720,11.65000000
2018-02-24 04:58:28,0.00038710,33.00000000
2018-02-24 04:58:29,0.00038710,53.00000000
2018-02-24 04:58:29,0.00038720,145.07000000
2018-02-24 04:58:29,0.00038760,440.48000000
2018-02-24 04:58:29,0.00038760,4.45000000
2018-02-24 04:58:30,0.00038760,10.00000000
2018-02-24 04:58:32,0.00038760,3.85000000
2018-02-24 04:58:34,0.00038760,34.28000000
2018-02-24 04:58:47,0.00038780,12.91000000
2018-02-24 04:58:47,0.00038790,62.56000000
2018-02-24 04:58:51,0.00038720,0.13000000
2018-02-24 04:58:55,0.00038790,12.91000000
2018-02-24 04:59:02,0.00038730,12.08000000
2018-02-24 04:59:05,0.00038730,258.18000000
2018-02-24 04:59:05,0.00038730,14.13000000
2018-02-24 04:59:06,0.00038730,20.00000000
2018-02-24 04:59:06,0.00038730,35.42000000
2018-02-24 04:59:08,0.00038720,32.34000000
2018-02-24 04:59:18,0.00038720,13.42000000
2018-02-24 04:59:19,0.00038730,3.00000000
2018-02-24 04:59:41,0.00038720,46.22000000
2018-02-24 04:59:51,0.00038720,74.11000000
2018-02-24 04:59:51,0.00038720,27.38000000
2018-02-24 04:59:52,0.00038720,53.00000000
2018-02-24 04:59:53,0.00038720,36.52000000
2018-02-24 04:59:53,0.00038720,25.98000000
