DATE,PRICE,VOLUME
2018-02-27 03:00:21,0.00038830,0.04000000
2018-02-27 03:00:42,0.00038900,2.58000000
2018-02-27 03:01:03,0.00038900,0.04000000
2018-02-27 03:01:05,0.00038840,227.00000000
2018-02-27 03:01:05,0.00038830,73.00000000
2018-02-27 03:01:05,0.00038900,8.80000000
2018-02-27 03:01:19,0.00038890,30.84000000
2018-02-27 03:01:44,0.00038890,189.24000000
2018-02-27 03:01:56,0.00038840,0.03000000
2018-02-27 03:02:02,0.00038890,7.00000000
2018-02-27 03:02:02,0.00038900,40.38000000
2018-02-27 03:02:05,0.00038840,17.94000000
2018-02-27 03:02:07,0.00038900,11.77000000
2018-02-27 03:02:11,0.00038900,2.94000000
2018-02-27 03:02:15,0.00038900,0.74000000
2018-02-27 03:02:19,0.00038900,0.18000000
2018-02-27 03:02:21,0.00038890,18.00000000
2018-02-27 03:02:22,0.00038900,0.05000000
2018-02-27 03:02:25,0.00038900,49.35000000
2018-02-27 03:02:25,0.00038900,36.29000000
2018-02-27 03:02:26,0.00038900,0.01000000
2018-02-27 03:02:33,0.00038880,30.00000000
2018-02-27 03:02:37,0.00038880,132.64000000
2018-02-27 03:02:55,0.00038880,5.27000000
2018-02-27 03:02:58,0.00038850,175.96000000
2018-02-27 03:03:01,0.00038840,4.37000000
2018-02-27 03:03:03,0.00038840,64.50000000
2018-02-27 03:03:04,0.00038840,4.37000000
2018-02-27 03:03:05,0.00038840,19.46000000
2018-02-27 03:03:05,0.00038840,4.37000000
2018-02-27 03:03:10,0.00038840,4.37000000
2018-02-27 03:03:15,0.00038840,30.60000000
2018-02-27 03:03:17,0.00038840,4.37000000
2018-02-27 03:03:19,0.00038840,69.95000000
2018-02-27 03:03:21,0.00038840,4.37000000
2018-02-27 03:03:22,0.00038840,38.46000000
2018-02-27 03:03:23,0.00038840,10.91000000
2018-02-27 03:03:25,0.00038840,5.00000000
2018-02-27 03:03:25,0.00038840,656.12000000
2018-02-27 03:03:40,0.00038880,47.73000000
2018-02-27 03:03:45,0.00038880,1.60000000
2018-02-27 03:03:56,0.00038840,45.00000000
2018-02-27 03:04:03,0.00038840,25.00000000
2018-02-27 03:04:29,0.00038840,7.62000000
2018-02-27 03:04:30,0.00038840,13.41000000
2018-02-27 03:04:32,0.00038840,5.00000000
2018-02-27 03:04:42,0.00038840,29.41000000
2018-02-27 03:04:45,0.00038840,2697.07000000
2018-02-27 03:04:53,0.00038830,485.95000000
2018-02-27 03:04:53,0.00038810,136.80000000
2018-02-27 03:04:58,0.00038810,161.57000000
2018-02-27 03:05:56,0.00038810,300.00000000
2018-02-27 03:06:01,0.00038840,2.58000000
2018-02-27 03:06:07,0.00038840,208.16000000
2018-02-27 03:06:09,0.00038830,3.73000000
2018-02-27 03:06:11,0.00038840,11.93000000
2018-02-27 03:06:24,0.00038850,161.25000000
2018-02-27 03:06:24,0.00038840,17.07000000
2018-02-27 03:06:39,0.00038810,48.84000000
2018-02-27 03:06:58,0.00038810,3.60000000
2018-02-27 03:07:10,0.00038820,75.80000000
2018-02-27 03:07:14,0.00038820,32.44000000
2018-02-27 03:07:16,0.00038830,129.00000000
2018-02-27 03:07:16,0.00038830,386.60000000
2018-02-27 03:07:25,0.00038810,2.58000000
2018-02-27 03:07:39,0.00038830,156.08000000
2018-02-27 03:07:39,0.00038840,5.54000000
2018-02-27 03:07:45,0.00038850,285.35000000
2018-02-27 03:07:45,0.00038860,14.80000000
2018-02-27 03:07:46,0.00038880,2.83000000
2018-02-27 03:07:55,0.00038880,3.08000000
2018-02-27 03:07:55,0.00038870,16.92000000
2018-02-27 03:07:56,0.00038910,19.00000000
2018-02-27 03:08:03,0.00038910,9.92000000
2018-02-27 03:08:03,0.00038910,15.34000000
2018-02-27 03:08:29,0.00038910,167.46000000
2018-02-27 03:08:30,0.00038910,293.78000000
2018-02-27 03:08:39,0.00038910,168.18000000
2018-02-27 03:08:49,0.00038910,180.59000000
2018-02-27 03:09:02,0.00038910,104.91000000
2018-02-27 03:09:04,0.00038910,175.55000000
2018-02-27 03:09:04,0.00038920,96.36000000
2018-02-27 03:09:11,0.00038940,30.00000000
2018-02-27 03:09:11,0.00038950,230.07000000
2018-02-27 03:09:22,0.00038950,2.00000000
2018-02-27 03:09:23,0.00038950,16.29000000
2018-02-27 03:09:30,0.00038950,59.44000000
2018-02-27 03:09:31,0.00038950,352.57000000
2018-02-27 03:09:35,0.00038950,174.90000000
2018-02-27 03:09:35,0.00038960,250.00000000
2018-02-27 03:09:35,0.00038970,45.44000000
2018-02-27 03:09:35,0.00038970,384.61000000
2018-02-27 03:09:35,0.00038970,25.73000000
2018-02-27 03:09:36,0.00038970,30.10000000
2018-02-27 03:09:36,0.00038970,4.58000000
2018-02-27 03:09:38,0.00038970,263.80000000
2018-02-27 03:09:40,0.00038970,42.53000000
2018-02-27 03:09:40,0.00038970,4.36000000
2018-02-27 03:09:40,0.00038970,4.36000000
2018-02-27 03:09:40,0.00038970,328.12000000
2018-02-27 03:09:45,0.00038980,4.97000000
2018-02-27 03:09:45,0.00038980,7.72000000
2018-02-27 03:09:46,0.00038980,56.64000000
2018-02-27 03:09:52,0.00039000,638.05000000
2018-02-27 03:09:52,0.00039020,57.85000000
2018-02-27 03:09:52,0.00039030,18.92000000
2018-02-27 03:09:52,0.00039040,5.42000000
2018-02-27 03:09:52,0.00039040,25.60000000
2018-02-27 03:09:52,0.00039040,4.91000000
2018-02-27 03:09:52,0.00038970,30.51000000
2018-02-27 03:09:52,0.00038970,25.61000000
2018-02-27 03:09:58,0.00038970,2.00000000
2018-02-27 03:10:03,0.00038970,5.27000000
2018-02-27 03:10:25,0.00038970,12.86000000
2018-02-27 03:10:28,0.00038970,54.32000000
2018-02-27 03:10:39,0.00038970,32.38000000
2018-02-27 03:10:55,0.00038960,19.37000000
2018-02-27 03:10:55,0.00038970,229.44000000
2018-02-27 03:10:55,0.00038970,4.36000000
2018-02-27 03:10:56,0.00038970,17.42000000
2018-02-27 03:10:58,0.00039030,2.94000000
2018-02-27 03:11:05,0.00039030,25.00000000
2018-02-27 03:11:11,0.00038980,228.00000000
2018-02-27 03:11:29,0.00038970,2.57000000
2018-02-27 03:11:36,0.00038970,40.00000000
2018-02-27 03:11:37,0.00039000,129.70000000
2018-02-27 03:12:00,0.00039000,20.87000000
2018-02-27 03:12:23,0.00038990,32.92000000
2018-02-27 03:12:23,0.00038990,92.89000000
2018-02-27 03:12:29,0.00039000,30.50000000
2018-02-27 03:12:33,0.00039000,76.55000000
2018-02-27 03:12:34,0.00039000,52.17000000
2018-02-27 03:12:40,0.00039010,65.02000000
2018-02-27 03:12:47,0.00039000,30.00000000
2018-02-27 03:12:51,0.00039010,225.00000000
2018-02-27 03:12:51,0.00039010,178.43000000
2018-02-27 03:12:54,0.00039010,394.24000000
2018-02-27 03:12:55,0.00039010,4.57000000
2018-02-27 03:13:01,0.00039010,88.53000000
2018-02-27 03:13:04,0.00039010,186.21000000
2018-02-27 03:13:09,0.00039010,183.43000000
2018-02-27 03:13:11,0.00039020,3.00000000
2018-02-27 03:13:11,0.00039030,22.82000000
2018-02-27 03:13:11,0.00039040,115.12000000
2018-02-27 03:13:11,0.00039050,91.00000000
2018-02-27 03:13:11,0.00039080,141.28000000
2018-02-27 03:13:11,0.00039090,77.00000000
2018-02-27 03:13:11,0.00039110,5.91000000
2018-02-27 03:13:11,0.00039150,88.87000000
2018-02-27 03:13:11,0.00039020,34.74000000
2018-02-27 03:13:11,0.00039020,15.00000000
2018-02-27 03:13:13,0.00039030,12.91000000
2018-02-27 03:13:18,0.00039040,13.93000000
2018-02-27 03:13:21,0.00039040,0.02000000
2018-02-27 03:13:21,0.00039020,12.93000000
2018-02-27 03:13:21,0.00039010,279.88000000
2018-02-27 03:13:22,0.00039010,15.00000000
2018-02-27 03:13:23,0.00039010,39.24000000
2018-02-27 03:13:23,0.00039010,78.45000000
2018-02-27 03:13:28,0.00039020,0.01000000
2018-02-27 03:13:28,0.00039040,10.89000000
2018-02-27 03:13:28,0.00039050,20.00000000
2018-02-27 03:13:40,0.00039050,51.66000000
2018-02-27 03:13:43,0.00039050,41.06000000
2018-02-27 03:13:45,0.00039050,483.26000000
2018-02-27 03:13:45,0.00039050,51.32000000
2018-02-27 03:13:46,0.00039050,4.32000000
2018-02-27 03:13:46,0.00039050,74.06000000
2018-02-27 03:13:51,0.00039050,19.37000000
2018-02-27 03:13:52,0.00039050,25.00000000
2018-02-27 03:13:54,0.00039050,45.33000000
2018-02-27 03:13:59,0.00039060,49.87000000
2018-02-27 03:13:59,0.00039050,51.05000000
2018-02-27 03:14:02,0.00039050,227.00000000
2018-02-27 03:14:07,0.00039050,12.86000000
2018-02-27 03:14:08,0.00039050,4.50000000
2018-02-27 03:14:10,0.00039060,9.26000000
2018-02-27 03:14:11,0.00039050,21.78000000
2018-02-27 03:14:12,0.00039060,59.22000000
2018-02-27 03:14:13,0.00039070,12.83000000
2018-02-27 03:14:15,0.00039070,227.00000000
2018-02-27 03:14:16,0.00039060,253.86000000
2018-02-27 03:14:17,0.00039060,340.63000000
2018-02-27 03:14:37,0.00039090,100.00000000
2018-02-27 03:14:37,0.00039080,157.15000000
2018-02-27 03:14:37,0.00039080,4.33000000
2018-02-27 03:14:37,0.00039080,253.03000000
2018-02-27 03:14:39,0.00039130,12.83000000
2018-02-27 03:14:39,0.00039150,12.17000000
2018-02-27 03:14:40,0.00039080,4.33000000
2018-02-27 03:14:42,0.00039090,50.00000000
2018-02-27 03:14:42,0.00039080,199.27000000
2018-02-27 03:14:46,0.00039090,6.66000000
2018-02-27 03:14:50,0.00039090,3.64000000
2018-02-27 03:14:56,0.00039100,6.65000000
2018-02-27 03:15:08,0.00039150,622.52000000
2018-02-27 03:15:11,0.00039130,154.84000000
2018-02-27 03:15:14,0.00039130,38.79000000
2018-02-27 03:15:16,0.00039130,9.69000000
2018-02-27 03:15:17,0.00039130,23.68000000
2018-02-27 03:15:19,0.00039140,2.43000000
2018-02-27 03:15:22,0.00039130,75.79000000
2018-02-27 03:15:22,0.00039140,0.60000000
2018-02-27 03:15:25,0.00039150,0.15000000
2018-02-27 03:15:27,0.00039150,0.04000000
2018-02-27 03:15:30,0.00039150,0.01000000
2018-02-27 03:15:32,0.00039150,37.33000000
2018-02-27 03:15:38,0.00039150,15.50000000
2018-02-27 03:15:39,0.00039170,0.12000000
2018-02-27 03:15:46,0.00039170,710.00000000
2018-02-27 03:15:51,0.00039150,15.32000000
2018-02-27 03:15:51,0.00039170,140.10000000
2018-02-27 03:15:56,0.00039150,10.00000000
2018-02-27 03:15:57,0.00039180,315.30000000
2018-02-27 03:15:58,0.00039170,6.62000000
2018-02-27 03:15:59,0.00039180,56.22000000
2018-02-27 03:15:59,0.00039200,347.62000000
2018-02-27 03:15:59,0.00039230,150.10000000
2018-02-27 03:15:59,0.00039170,10.42000000
2018-02-27 03:16:00,0.00039170,76.57000000
2018-02-27 03:16:10,0.00039170,111.09000000
2018-02-27 03:16:31,0.00039170,12.52000000
2018-02-27 03:16:36,0.00039220,5.10000000
2018-02-27 03:16:44,0.00039190,12.86000000
2018-02-27 03:16:44,0.00039220,7.13000000
2018-02-27 03:16:49,0.00039190,12.86000000
2018-02-27 03:16:49,0.00039200,217.19000000
2018-02-27 03:16:49,0.00039200,58.89000000
2018-02-27 03:16:49,0.00039200,33.21000000
2018-02-27 03:16:50,0.00039200,25.77000000
2018-02-27 03:16:50,0.00039230,25.00000000
2018-02-27 03:16:54,0.00039220,17.94000000
2018-02-27 03:16:54,0.00039220,57.09000000
2018-02-27 03:16:54,0.00039220,49.80000000
2018-02-27 03:16:55,0.00039220,2.65000000
2018-02-27 03:16:55,0.00039210,81.00000000
2018-02-27 03:17:03,0.00039230,103.09000000
2018-02-27 03:17:03,0.00039230,737.53000000
2018-02-27 03:17:03,0.00039240,262.47000000
2018-02-27 03:17:06,0.00039220,125.01000000
2018-02-27 03:17:08,0.00039230,48.42000000
2018-02-27 03:17:15,0.00039220,11.87000000
2018-02-27 03:17:25,0.00039220,10.00000000
2018-02-27 03:17:30,0.00039220,9.01000000
2018-02-27 03:17:31,0.00039220,77.92000000
2018-02-27 03:17:49,0.00039230,56.24000000
2018-02-27 03:17:49,0.00039220,89.55000000
2018-02-27 03:17:50,0.00039220,12.86000000
2018-02-27 03:17:52,0.00039240,300.37000000
2018-02-27 03:17:53,0.00039240,5.61000000
2018-02-27 03:17:54,0.00039220,12.86000000
2018-02-27 03:17:55,0.00039240,104.57000000
2018-02-27 03:17:55,0.00039240,309.94000000
2018-02-27 03:17:56,0.00039240,3.22000000
2018-02-27 03:17:56,0.00039280,19.00000000
2018-02-27 03:17:57,0.00039240,177.72000000
2018-02-27 03:17:59,0.00039240,108.20000000
2018-02-27 03:18:02,0.00039240,27.88000000
2018-02-27 03:18:02,0.00039240,128.97000000
2018-02-27 03:18:02,0.00039240,147.53000000
2018-02-27 03:18:03,0.00039240,12.86000000
2018-02-27 03:18:03,0.00039240,11.28000000
2018-02-27 03:18:05,0.00039240,217.96000000
2018-02-27 03:18:20,0.00039240,5.76000000
2018-02-27 03:18:20,0.00039220,15.43000000
2018-02-27 03:18:28,0.00039220,300.00000000
2018-02-27 03:18:28,0.00039220,42.85000000
2018-02-27 03:18:30,0.00039220,0.02000000
2018-02-27 03:18:35,0.00039210,100.00000000
2018-02-27 03:18:42,0.00039210,104.89000000
2018-02-27 03:18:43,0.00039210,12.86000000
2018-02-27 03:18:45,0.00039210,161.09000000
2018-02-27 03:18:51,0.00039210,22.00000000
2018-02-27 03:18:57,0.00039250,104.00000000
2018-02-27 03:19:07,0.00039210,251.56000000
2018-02-27 03:19:08,0.00039200,101.68000000
2018-02-27 03:19:10,0.00039230,38.28000000
2018-02-27 03:19:10,0.00039240,12.76000000
2018-02-27 03:19:11,0.00039250,70.96000000
2018-02-27 03:19:11,0.00039200,2.83000000
2018-02-27 03:19:11,0.00039200,3.09000000
2018-02-27 03:19:15,0.00039200,15.30000000
2018-02-27 03:19:15,0.00039200,29.42000000
2018-02-27 03:19:20,0.00039260,51.00000000
2018-02-27 03:19:20,0.00039270,59.10000000
2018-02-27 03:19:20,0.00039280,179.15000000
2018-02-27 03:19:20,0.00039300,687.29000000
2018-02-27 03:19:20,0.00039310,7.65000000
2018-02-27 03:19:20,0.00039330,29.97000000
2018-02-27 03:19:20,0.00039340,105.84000000
2018-02-27 03:19:25,0.00039310,1.20000000
2018-02-27 03:19:29,0.00039320,0.07000000
2018-02-27 03:19:30,0.00039330,0.01000000
2018-02-27 03:19:31,0.00039310,475.73000000
2018-02-27 03:19:31,0.00039230,100.56000000
2018-02-27 03:19:31,0.00039230,25.43000000
2018-02-27 03:19:38,0.00039250,145.59000000
2018-02-27 03:19:38,0.00039250,4.07000000
2018-02-27 03:19:38,0.00039250,250.34000000
2018-02-27 03:19:46,0.00039250,54.21000000
2018-02-27 03:19:47,0.00039250,4.53000000
2018-02-27 03:19:47,0.00039280,55.00000000
2018-02-27 03:19:52,0.00039260,40.28000000
2018-02-27 03:19:55,0.00039260,88.29000000
2018-02-27 03:19:56,0.00039260,16.96000000
2018-02-27 03:19:56,0.00039250,103.04000000
2018-02-27 03:20:01,0.00039280,21.00000000
2018-02-27 03:20:04,0.00039250,4.00000000
2018-02-27 03:20:09,0.00039260,4.00000000
2018-02-27 03:20:12,0.00039280,57.00000000
2018-02-27 03:20:15,0.00039260,3.18000000
2018-02-27 03:20:16,0.00039250,26.20000000
2018-02-27 03:20:17,0.00039260,7.97000000
2018-02-27 03:20:17,0.00039340,221.21000000
2018-02-27 03:20:17,0.00039260,76.27000000
2018-02-27 03:20:18,0.00039260,10.00000000
2018-02-27 03:20:23,0.00039260,137.71000000
2018-02-27 03:20:25,0.00039260,0.02000000
2018-02-27 03:20:25,0.00039250,4.32000000
2018-02-27 03:20:26,0.00039250,26.14000000
2018-02-27 03:20:27,0.00039250,52.14000000
2018-02-27 03:20:31,0.00039260,78.80000000
2018-02-27 03:20:33,0.00039260,60.53000000
2018-02-27 03:20:36,0.00039340,277.15000000
2018-02-27 03:20:36,0.00039350,682.18000000
2018-02-27 03:20:45,0.00039260,0.01000000
2018-02-27 03:20:45,0.00039250,1224.55000000
2018-02-27 03:20:46,0.00039250,61.67000000
2018-02-27 03:20:47,0.00039340,12.86000000
2018-02-27 03:20:47,0.00039370,301.45000000
2018-02-27 03:20:47,0.00039380,85.69000000
2018-02-27 03:20:48,0.00039350,25.00000000
2018-02-27 03:20:49,0.00039350,26.43000000
2018-02-27 03:20:49,0.00039350,6.60000000
2018-02-27 03:20:49,0.00039350,4.44000000
2018-02-27 03:20:49,0.00039350,10.79000000
2018-02-27 03:20:50,0.00039350,25.41000000
2018-02-27 03:20:50,0.00039350,174.50000000
2018-02-27 03:20:52,0.00039350,12.80000000
2018-02-27 03:20:54,0.00039350,720.65000000
2018-02-27 03:20:57,0.00039260,14.42000000
2018-02-27 03:20:57,0.00039260,20.00000000
2018-02-27 03:20:57,0.00039260,6.96000000
2018-02-27 03:20:58,0.00039260,71.21000000
2018-02-27 03:20:59,0.00039260,34.85000000
2018-02-27 03:21:03,0.00039250,6.44000000
2018-02-27 03:21:04,0.00039250,12.90000000
2018-02-27 03:21:08,0.00039300,34.35000000
2018-02-27 03:21:10,0.00039300,70.23000000
2018-02-27 03:21:11,0.00039250,12.86000000
2018-02-27 03:21:12,0.00039250,4.32000000
2018-02-27 03:21:13,0.00039250,17.03000000
2018-02-27 03:21:13,0.00039250,6.83000000
2018-02-27 03:21:13,0.00039200,11.79000000
2018-02-27 03:21:15,0.00039200,8.27000000
2018-02-27 03:21:17,0.00039200,11.33000000
2018-02-27 03:21:26,0.00039260,12.74000000
2018-02-27 03:21:26,0.00039250,338.32000000
2018-02-27 03:21:29,0.00039200,11.32000000
2018-02-27 03:21:31,0.00039250,9.93000000
2018-02-27 03:21:31,0.00039210,12.76000000
2018-02-27 03:21:31,0.00039230,16.56000000
2018-02-27 03:21:31,0.00039250,14.93000000
2018-02-27 03:21:31,0.00039290,18.51000000
2018-02-27 03:21:31,0.00039200,70.01000000
2018-02-27 03:21:35,0.00039200,25.51000000
2018-02-27 03:21:36,0.00039200,0.01000000
2018-02-27 03:21:36,0.00039180,14.35000000
2018-02-27 03:21:36,0.00039170,530.04000000
2018-02-27 03:21:37,0.00039150,36.02000000
2018-02-27 03:21:38,0.00039170,3.19000000
2018-02-27 03:21:45,0.00039110,100.00000000
2018-02-27 03:21:49,0.00039110,96.42000000
2018-02-27 03:21:52,0.00039160,9.34000000
2018-02-27 03:21:54,0.00039110,27.58000000
2018-02-27 03:21:54,0.00039100,451.27000000
2018-02-27 03:22:03,0.00039060,12.81000000
2018-02-27 03:22:03,0.00039050,323.27000000
2018-02-27 03:22:03,0.00039020,20.00000000
2018-02-27 03:22:03,0.00039010,355.05000000
2018-02-27 03:22:03,0.00039000,26.16000000
2018-02-27 03:22:06,0.00039010,12.86000000
2018-02-27 03:22:06,0.00039000,528.23000000
2018-02-27 03:22:06,0.00038980,7.57000000
2018-02-27 03:22:06,0.00038970,153.21000000
2018-02-27 03:22:06,0.00038950,22.32000000
2018-02-27 03:22:13,0.00039080,12.75000000
2018-02-27 03:22:15,0.00039080,12.75000000
2018-02-27 03:22:21,0.00039070,117.73000000
2018-02-27 03:22:31,0.00039030,22.02000000
2018-02-27 03:22:31,0.00039020,58.15000000
2018-02-27 03:22:31,0.00039010,12.86000000
2018-02-27 03:22:31,0.00039000,456.46000000
2018-02-27 03:22:31,0.00039000,67.86000000
2018-02-27 03:22:31,0.00039000,22.85000000
2018-02-27 03:22:31,0.00039000,56.55000000
2018-02-27 03:22:31,0.00039000,56.55000000
2018-02-27 03:22:31,0.00039000,46.04000000
2018-02-27 03:22:37,0.00038980,20.00000000
2018-02-27 03:22:37,0.00038940,321.56000000
2018-02-27 03:22:38,0.00038940,1080.78000000
2018-02-27 03:22:40,0.00038980,25.43000000
2018-02-27 03:22:45,0.00038950,20.12000000
2018-02-27 03:22:58,0.00038950,32.53000000
2018-02-27 03:22:59,0.00038950,377.38000000
2018-02-27 03:22:59,0.00038940,12.82000000
2018-02-27 03:22:59,0.00038910,64.00000000
2018-02-27 03:22:59,0.00038900,1236.49000000
2018-02-27 03:22:59,0.00039030,44.68000000
2018-02-27 03:23:01,0.00039020,12.86000000
2018-02-27 03:23:01,0.00039030,11.87000000
2018-02-27 03:23:01,0.00039040,9.89000000
2018-02-27 03:23:01,0.00039020,10.39000000
2018-02-27 03:23:01,0.00039020,10.89000000
2018-02-27 03:23:13,0.00039020,17.30000000
2018-02-27 03:23:16,0.00039010,9.00000000
2018-02-27 03:23:16,0.00039010,3.82000000
2018-02-27 03:23:16,0.00039020,5.18000000
2018-02-27 03:23:18,0.00039020,167.54000000
2018-02-27 03:23:21,0.00039050,20.00000000
2018-02-27 03:23:57,0.00038970,92.00000000
2018-02-27 03:24:01,0.00038970,2.57000000
2018-02-27 03:24:17,0.00039000,48.84000000
2018-02-27 03:24:17,0.00039000,356.59000000
2018-02-27 03:24:18,0.00038970,30.00000000
2018-02-27 03:24:27,0.00038990,10.00000000
2018-02-27 03:24:30,0.00039000,12.82000000
2018-02-27 03:24:35,0.00039000,109.50000000
2018-02-27 03:24:41,0.00039030,6.31000000
2018-02-27 03:24:50,0.00039030,18.95000000
2018-02-27 03:24:51,0.00039030,55.42000000
2018-02-27 03:24:52,0.00039030,49.03000000
2018-02-27 03:24:52,0.00039050,20.00000000
2018-02-27 03:24:52,0.00039110,5.62000000
2018-02-27 03:24:52,0.00039030,9.28000000
2018-02-27 03:24:59,0.00039110,46.22000000
2018-02-27 03:24:59,0.00039110,8.80000000
2018-02-27 03:25:02,0.00039110,10.85000000
2018-02-27 03:25:02,0.00039110,25.55000000
2018-02-27 03:25:02,0.00039110,142.32000000
2018-02-27 03:25:02,0.00039110,25.55000000
2018-02-27 03:25:03,0.00039110,4.33000000
2018-02-27 03:25:03,0.00039110,131.68000000
2018-02-27 03:25:05,0.00039040,62.41000000
2018-02-27 03:25:05,0.00039030,37.59000000
2018-02-27 03:25:11,0.00039030,34.74000000
2018-02-27 03:25:12,0.00039030,12.83000000
2018-02-27 03:25:20,0.00039000,20.00000000
2018-02-27 03:25:27,0.00039000,798.04000000
2018-02-27 03:25:27,0.00038970,26.00000000
2018-02-27 03:25:27,0.00038950,44.80000000
2018-02-27 03:25:27,0.00038940,571.89000000
2018-02-27 03:25:30,0.00038940,2.58000000
2018-02-27 03:25:49,0.00039000,31.48000000
2018-02-27 03:25:56,0.00039000,168.65000000
2018-02-27 03:25:57,0.00039000,202.88000000
2018-02-27 03:25:57,0.00038980,100.72000000
2018-02-27 03:25:57,0.00038940,12.84000000
2018-02-27 03:25:57,0.00038910,557.64000000
2018-02-27 03:25:57,0.00038900,1252.82000000
2018-02-27 03:25:57,0.00038880,1300.00000000
2018-02-27 03:25:57,0.00038870,509.10000000
2018-02-27 03:26:12,0.00039000,12.83000000
2018-02-27 03:26:16,0.00039000,123.42000000
2018-02-27 03:26:18,0.00038910,26.70000000
2018-02-27 03:26:18,0.00038900,132.26000000
2018-02-27 03:26:18,0.00038890,12.86000000
2018-02-27 03:26:18,0.00038870,617.82000000
2018-02-27 03:26:18,0.00038870,24.24000000
2018-02-27 03:26:18,0.00038870,29.00000000
2018-02-27 03:26:18,0.00038870,29.00000000
2018-02-27 03:26:18,0.00038870,29.09000000
2018-02-27 03:26:18,0.00038870,29.09000000
2018-02-27 03:26:18,0.00038870,4.84000000
2018-02-27 03:26:18,0.00038870,105.32000000
2018-02-27 03:26:40,0.00038880,12.83000000
2018-02-27 03:26:42,0.00038990,329.70000000
2018-02-27 03:26:48,0.00038870,71.33000000
2018-02-27 03:26:49,0.00038960,25.00000000
2018-02-27 03:27:08,0.00038960,4.09000000
2018-02-27 03:27:08,0.00038960,45.91000000
2018-02-27 03:27:09,0.00038960,51.67000000
2018-02-27 03:27:11,0.00038960,20.00000000
2018-02-27 03:27:34,0.00038870,326.29000000
2018-02-27 03:27:41,0.00038860,50.00000000
2018-02-27 03:27:57,0.00038860,985.00000000
2018-02-27 03:28:00,0.00038860,405.84000000
2018-02-27 03:28:00,0.00038850,193.67000000
2018-02-27 03:28:04,0.00038850,18.20000000
2018-02-27 03:28:05,0.00038850,538.65000000
2018-02-27 03:28:05,0.00038840,851.38000000
2018-02-27 03:28:07,0.00038840,18.20000000
2018-02-27 03:28:08,0.00038940,8.11000000
2018-02-27 03:28:12,0.00038930,25.68000000
2018-02-27 03:28:12,0.00038940,4.76000000
2018-02-27 03:28:12,0.00038960,19.56000000
2018-02-27 03:28:13,0.00038920,4.08000000
2018-02-27 03:28:18,0.00038950,9.00000000
2018-02-27 03:28:18,0.00038950,3.87000000
2018-02-27 03:28:18,0.00038960,5.13000000
2018-02-27 03:28:22,0.00038940,3.08000000
2018-02-27 03:28:22,0.00038860,106.36000000
2018-02-27 03:28:22,0.00038860,258.00000000
2018-02-27 03:28:36,0.00038860,160.00000000
2018-02-27 03:28:45,0.00038860,10.00000000
2018-02-27 03:28:46,0.00038860,339.64000000
2018-02-27 03:29:11,0.00038930,0.15000000
2018-02-27 03:29:12,0.00038930,18.03000000
2018-02-27 03:29:12,0.00038930,3.46000000
2018-02-27 03:29:13,0.00038930,61.50000000
2018-02-27 03:29:15,0.00038930,0.82000000
2018-02-27 03:29:15,0.00038860,2.22000000
2018-02-27 03:29:15,0.00038940,155.27000000
2018-02-27 03:29:15,0.00038960,32.52000000
2018-02-27 03:29:15,0.00038970,63.21000000
2018-02-27 03:29:29,0.00038890,2.58000000
2018-02-27 03:29:31,0.00038960,83.72000000
2018-02-27 03:29:38,0.00038890,237.65000000
2018-02-27 03:29:48,0.00038890,202.29000000
2018-02-27 03:29:57,0.00038900,2.71000000
2018-02-27 03:29:57,0.00038890,3.33000000
2018-02-27 03:30:20,0.00038900,10.00000000
2018-02-27 03:30:20,0.00038960,4.73000000
2018-02-27 03:30:21,0.00038900,5.65000000
2018-02-27 03:30:25,0.00038960,5.00000000
2018-02-27 03:30:31,0.00038960,8.69000000
2018-02-27 03:30:39,0.00038960,4.22000000
2018-02-27 03:30:40,0.00038960,27.87000000
2018-02-27 03:30:46,0.00038960,21.73000000
2018-02-27 03:30:54,0.00038960,25.65000000
2018-02-27 03:30:54,0.00038960,4.35000000
2018-02-27 03:30:58,0.00038970,21.04000000
2018-02-27 03:31:00,0.00038970,22.09000000
2018-02-27 03:31:00,0.00039010,26.70000000
2018-02-27 03:31:00,0.00039040,361.29000000
2018-02-27 03:31:00,0.00039050,826.00000000
2018-02-27 03:31:06,0.00039050,494.00000000
2018-02-27 03:31:06,0.00039080,425.44000000
2018-02-27 03:31:06,0.00039080,82.24000000
2018-02-27 03:31:06,0.00039080,82.24000000
2018-02-27 03:31:06,0.00039080,33.50000000
2018-02-27 03:31:06,0.00039080,66.60000000
2018-02-27 03:31:06,0.00039080,45.33000000
2018-02-27 03:31:18,0.00039080,13.00000000
2018-02-27 03:31:44,0.00039000,49.29000000
2018-02-27 03:31:52,0.00039010,2.57000000
2018-02-27 03:31:57,0.00039080,301.00000000
2018-02-27 03:32:12,0.00039070,100.00000000
2018-02-27 03:32:21,0.00039070,5.00000000
2018-02-27 03:32:40,0.00039080,170.80000000
2018-02-27 03:33:36,0.00039020,12.82000000
2018-02-27 03:33:36,0.00039010,160.24000000
2018-02-27 03:33:36,0.00039010,12.81000000
2018-02-27 03:33:38,0.00039010,33.09000000
2018-02-27 03:33:41,0.00039010,25.00000000
2018-02-27 03:33:49,0.00038970,200.00000000
2018-02-27 03:34:04,0.00038980,12.83000000
2018-02-27 03:34:04,0.00038970,22.64000000
2018-02-27 03:34:04,0.00038960,34.64000000
2018-02-27 03:34:08,0.00038970,12.84000000
2018-02-27 03:34:08,0.00038960,154.44000000
2018-02-27 03:34:10,0.00038970,24.71000000
2018-02-27 03:34:38,0.00038970,125.32000000
2018-02-27 03:34:43,0.00039010,10.00000000
2018-02-27 03:35:19,0.00038980,2.99000000
2018-02-27 03:35:20,0.00038980,117.01000000
2018-02-27 03:35:25,0.00039000,12.51000000
2018-02-27 03:35:28,0.00039000,32.49000000
2018-02-27 03:35:28,0.00039010,100.00000000
2018-02-27 03:35:39,0.00039050,8.71000000
2018-02-27 03:35:45,0.00039020,161.03000000
2018-02-27 03:35:48,0.00039050,36.07000000
2018-02-27 03:35:52,0.00039020,5192.44000000
2018-02-27 03:35:52,0.00039010,388.49000000
2018-02-27 03:35:53,0.00039010,12.87000000
2018-02-27 03:35:54,0.00039020,24.91000000
2018-02-27 03:35:57,0.00039020,18.58000000
2018-02-27 03:36:00,0.00039010,10.83000000
2018-02-27 03:36:02,0.00039020,213.30000000
2018-02-27 03:36:05,0.00039020,159.80000000
2018-02-27 03:36:23,0.00039050,279.62000000
2018-02-27 03:36:29,0.00039050,0.02000000
2018-02-27 03:36:29,0.00039020,200.77000000
2018-02-27 03:36:33,0.00039020,223.74000000
2018-02-27 03:36:34,0.00039020,69.28000000
2018-02-27 03:36:46,0.00039020,11.14000000
2018-02-27 03:36:53,0.00039020,4.40000000
2018-02-27 03:36:54,0.00039050,21.47000000
2018-02-27 03:36:54,0.00039060,674.67000000
2018-02-27 03:36:54,0.00039070,536.15000000
2018-02-27 03:36:55,0.00039070,25.60000000
2018-02-27 03:37:11,0.00039070,56.79000000
2018-02-27 03:37:18,0.00039020,10.00000000
2018-02-27 03:38:00,0.00039030,20.00000000
2018-02-27 03:38:00,0.00039020,0.09000000
2018-02-27 03:38:08,0.00039030,3.00000000
2018-02-27 03:38:16,0.00039060,50.00000000
2018-02-27 03:38:33,0.00039060,4.96000000
2018-02-27 03:38:33,0.00039060,23.09000000
2018-02-27 03:38:40,0.00039060,25.24000000
2018-02-27 03:38:52,0.00039060,66.67000000
2018-02-27 03:39:10,0.00039060,205.42000000
2018-02-27 03:39:18,0.00039050,7.57000000
2018-02-27 03:39:18,0.00039060,7.27000000
2018-02-27 03:39:28,0.00039050,190.50000000
2018-02-27 03:39:28,0.00039060,705.99000000
2018-02-27 03:39:44,0.00039030,335.82000000
2018-02-27 03:39:53,0.00039060,130.47000000
2018-02-27 03:39:58,0.00039040,913.57000000
2018-02-27 03:39:58,0.00039030,582.43000000
2018-02-27 03:40:08,0.00039030,3.00000000
2018-02-27 03:40:10,0.00039030,5.96000000
2018-02-27 03:40:26,0.00039060,23.74000000
2018-02-27 03:40:26,0.00039060,43.32000000
2018-02-27 03:40:30,0.00039030,104.41000000
2018-02-27 03:40:38,0.00039030,2.95000000
2018-02-27 03:40:43,0.00039030,24.88000000
2018-02-27 03:40:43,0.00039030,1472.78000000
2018-02-27 03:40:55,0.00039020,741.63000000
2018-02-27 03:40:55,0.00039010,713.60000000
2018-02-27 03:40:55,0.00039000,1856.67000000
2018-02-27 03:40:58,0.00038980,452.99000000
2018-02-27 03:40:59,0.00038970,27.51000000
2018-02-27 03:41:01,0.00038970,273.94000000
2018-02-27 03:41:02,0.00038980,28.76000000
2018-02-27 03:41:02,0.00038960,109.73000000
2018-02-27 03:41:04,0.00038980,14.44000000
2018-02-27 03:41:08,0.00038960,62.15000000
2018-02-27 03:41:08,0.00038900,545.85000000
2018-02-27 03:41:08,0.00038980,7.00000000
2018-02-27 03:41:13,0.00038980,48.60000000
2018-02-27 03:41:13,0.00039030,151.40000000
2018-02-27 03:41:19,0.00038940,37.10000000
2018-02-27 03:41:19,0.00038920,12.87000000
2018-02-27 03:41:19,0.00038910,12.87000000
2018-02-27 03:41:19,0.00038900,211.55000000
2018-02-27 03:41:23,0.00038910,28.44000000
2018-02-27 03:41:23,0.00038900,5.26000000
2018-02-27 03:41:23,0.00038880,193.52000000
2018-02-27 03:41:23,0.00038860,33.37000000
2018-02-27 03:41:23,0.00038840,35.14000000
2018-02-27 03:41:23,0.00038830,174.84000000
2018-02-27 03:41:23,0.00038820,757.55000000
2018-02-27 03:41:24,0.00039020,5.00000000
2018-02-27 03:41:26,0.00038980,44.84000000
2018-02-27 03:41:28,0.00038970,20.00000000
2018-02-27 03:41:29,0.00038900,22.12000000
2018-02-27 03:41:29,0.00038900,22.12000000
2018-02-27 03:41:29,0.00038900,22.12000000
2018-02-27 03:41:29,0.00038900,19.19000000
2018-02-27 03:41:29,0.00038900,3.53000000
2018-02-27 03:41:30,0.00038860,12.50000000
2018-02-27 03:41:30,0.00038850,8.85000000
2018-02-27 03:41:30,0.00038840,11.70000000
2018-02-27 03:41:31,0.00038890,12.85000000
2018-02-27 03:41:36,0.00038880,6.37000000
2018-02-27 03:41:40,0.00038880,2.07000000
2018-02-27 03:41:41,0.00038900,176.23000000
2018-02-27 03:41:46,0.00038900,10.00000000
2018-02-27 03:41:47,0.00038900,11.22000000
2018-02-27 03:41:48,0.00038900,12.87000000
2018-02-27 03:41:53,0.00038890,4.33000000
2018-02-27 03:41:58,0.00038880,39.01000000
2018-02-27 03:41:58,0.00038830,5.38000000
2018-02-27 03:41:58,0.00038820,1002.93000000
2018-02-27 03:41:58,0.00038810,25.26000000
2018-02-27 03:41:58,0.00038800,24.27000000
2018-02-27 03:41:58,0.00038790,12.86000000
2018-02-27 03:41:58,0.00038770,25.00000000
2018-02-27 03:41:58,0.00038750,1622.91000000
2018-02-27 03:41:58,0.00038740,196.38000000
2018-02-27 03:41:58,0.00038750,70.11000000
2018-02-27 03:41:59,0.00038890,25.71000000
2018-02-27 03:42:10,0.00038890,12.88000000
2018-02-27 03:42:10,0.00038900,1.21000000
2018-02-27 03:42:11,0.00038800,36.00000000
2018-02-27 03:42:19,0.00038810,21.67000000
2018-02-27 03:42:32,0.00038830,12.88000000
2018-02-27 03:42:33,0.00038790,5.97000000
2018-02-27 03:42:43,0.00038790,117.09000000
2018-02-27 03:42:45,0.00038770,11.28000000
2018-02-27 03:42:45,0.00038740,13.06000000
2018-02-27 03:42:56,0.00038740,59.38000000
2018-02-27 03:42:58,0.00038740,99.30000000
2018-02-27 03:42:58,0.00038720,312.99000000
2018-02-27 03:42:58,0.00038710,298.13000000
2018-02-27 03:42:58,0.00038700,323.87000000
2018-02-27 03:43:04,0.00038780,25.78000000
2018-02-27 03:43:06,0.00038780,21.82000000
2018-02-27 03:43:06,0.00038780,41.17000000
2018-02-27 03:43:07,0.00038780,5.95000000
2018-02-27 03:43:12,0.00038780,130.32000000
2018-02-27 03:43:12,0.00038790,1768.78000000
2018-02-27 03:43:17,0.00038830,178.51000000
2018-02-27 03:43:21,0.00038800,6.42000000
2018-02-27 03:43:26,0.00038860,3.09000000
2018-02-27 03:43:52,0.00038800,1790.37000000
2018-02-27 03:43:55,0.00038860,25.00000000
2018-02-27 03:43:55,0.00038760,9.70000000
2018-02-27 03:43:58,0.00038760,3.19000000
2018-02-27 03:43:58,0.00038730,225.04000000
2018-02-27 03:43:58,0.00038720,558.90000000
2018-02-27 03:43:58,0.00038710,198.87000000
2018-02-27 03:44:02,0.00038740,45.73000000
2018-02-27 03:44:02,0.00038730,12.87000000
2018-02-27 03:44:02,0.00038720,146.69000000
2018-02-27 03:44:02,0.00038710,1627.43000000
2018-02-27 03:44:02,0.00038700,2157.24000000
2018-02-27 03:44:09,0.00038740,12.87000000
2018-02-27 03:44:09,0.00038730,7.78000000
2018-02-27 03:44:09,0.00038700,12.85000000
2018-02-27 03:44:09,0.00038690,71.07000000
2018-02-27 03:44:09,0.00038680,401.36000000
2018-02-27 03:44:09,0.00038780,15.00000000
2018-02-27 03:44:09,0.00038790,12.89000000
2018-02-27 03:44:09,0.00038780,29.46000000
2018-02-27 03:44:17,0.00038830,14.42000000
2018-02-27 03:44:36,0.00038810,11.75000000
2018-02-27 03:44:54,0.00038810,25.85000000
2018-02-27 03:45:03,0.00038760,14.42000000
2018-02-27 03:45:03,0.00038740,106.81000000
2018-02-27 03:45:03,0.00038730,106.84000000
2018-02-27 03:45:03,0.00038720,106.87000000
2018-02-27 03:45:03,0.00038710,119.80000000
2018-02-27 03:45:03,0.00038680,44.42000000
2018-02-27 03:45:03,0.00038650,494.08000000
2018-02-27 03:45:03,0.00038640,80.16000000
2018-02-27 03:45:03,0.00038630,46.76000000
2018-02-27 03:45:04,0.00038800,20.00000000
2018-02-27 03:45:04,0.00038790,15.00000000
2018-02-27 03:45:08,0.00038790,93.98000000
2018-02-27 03:45:11,0.00038790,10.80000000
2018-02-27 03:45:22,0.00038770,37.71000000
2018-02-27 03:45:23,0.00038770,3.10000000
2018-02-27 03:45:25,0.00038760,12.91000000
2018-02-27 03:45:25,0.00038700,15.00000000
2018-02-27 03:45:25,0.00038690,624.30000000
2018-02-27 03:45:25,0.00038650,38.62000000
2018-02-27 03:45:27,0.00038770,34.89000000
2018-02-27 03:45:35,0.00038670,65.57000000
2018-02-27 03:45:35,0.00038640,377.66000000
2018-02-27 03:45:35,0.00038630,5784.28000000
2018-02-27 03:45:47,0.00038740,18.50000000
2018-02-27 03:45:56,0.00038740,7.74000000
2018-02-27 03:45:59,0.00038740,6.45000000
2018-02-27 03:46:02,0.00038740,134.93000000
2018-02-27 03:46:06,0.00038750,2.97000000
2018-02-27 03:46:10,0.00038750,26.86000000
2018-02-27 03:46:10,0.00038830,23.19000000
2018-02-27 03:46:11,0.00038820,128.79000000
2018-02-27 03:46:17,0.00038740,20.00000000
2018-02-27 03:46:18,0.00038740,2.59000000
2018-02-27 03:46:21,0.00038830,10.00000000
2018-02-27 03:46:53,0.00038830,130.21000000
2018-02-27 03:46:53,0.00038840,106.85000000
2018-02-27 03:46:53,0.00038850,262.94000000
2018-02-27 03:46:57,0.00038750,20.94000000
2018-02-27 03:46:57,0.00038740,531.26000000
2018-02-27 03:47:06,0.00038820,15.00000000
2018-02-27 03:47:06,0.00038830,5.94000000
2018-02-27 03:47:06,0.00038860,4.81000000
2018-02-27 03:47:09,0.00038760,1.00000000
2018-02-27 03:47:15,0.00038760,9.00000000
2018-02-27 03:47:26,0.00038850,30.00000000
2018-02-27 03:47:26,0.00038860,45.00000000
2018-02-27 03:47:31,0.00038850,125.07000000
2018-02-27 03:47:31,0.00038850,59.15000000
2018-02-27 03:47:34,0.00038800,20.00000000
2018-02-27 03:48:12,0.00038850,114.44000000
2018-02-27 03:48:13,0.00038810,54.86000000
2018-02-27 03:48:13,0.00038800,30.29000000
2018-02-27 03:48:26,0.00038820,34.23000000
2018-02-27 03:48:26,0.00038830,114.14000000
2018-02-27 03:48:26,0.00038850,372.22000000
2018-02-27 03:48:26,0.00038860,1300.00000000
2018-02-27 03:48:26,0.00038860,5.23000000
2018-02-27 03:48:27,0.00038860,156.26000000
2018-02-27 03:48:27,0.00038800,298.43000000
2018-02-27 03:48:27,0.00038760,200.00000000
2018-02-27 03:48:27,0.00038750,191.93000000
2018-02-27 03:48:27,0.00038740,7153.38000000
2018-02-27 03:48:37,0.00038780,25.78000000
2018-02-27 03:48:37,0.00038760,12.93000000
2018-02-27 03:48:37,0.00038750,117.98000000
2018-02-27 03:48:37,0.00038740,4074.88000000
2018-02-27 03:48:37,0.00038710,19.20000000
2018-02-27 03:48:37,0.00038700,60.33000000
2018-02-27 03:48:37,0.00038690,80.45000000
2018-02-27 03:48:37,0.00038680,107.30000000
2018-02-27 03:48:37,0.00038670,240.56000000
2018-02-27 03:48:37,0.00038660,90.59000000
2018-02-27 03:48:37,0.00038630,170.00000000
2018-02-27 03:48:41,0.00038840,25.00000000
2018-02-27 03:48:50,0.00038760,25.79000000
2018-02-27 03:48:50,0.00038740,64.56000000
2018-02-27 03:48:50,0.00038700,156.93000000
2018-02-27 03:48:50,0.00038650,25.00000000
2018-02-27 03:48:50,0.00038640,1208.80000000
2018-02-27 03:48:50,0.00038630,18.92000000
2018-02-27 03:48:57,0.00038780,17.72000000
2018-02-27 03:48:58,0.00038780,4.36000000
2018-02-27 03:49:00,0.00038720,60.16000000
2018-02-27 03:49:00,0.00038640,12.87000000
2018-02-27 03:49:00,0.00038620,180.97000000
2018-02-27 03:49:07,0.00038760,4.36000000
2018-02-27 03:49:08,0.00038760,8.57000000
2018-02-27 03:49:10,0.00038770,6.42000000
2018-02-27 03:49:12,0.00038760,126.67000000
2018-02-27 03:49:12,0.00038680,25.85000000
2018-02-27 03:49:12,0.00038660,12.87000000
2018-02-27 03:49:12,0.00038650,964.48000000
2018-02-27 03:49:12,0.00038650,22.83000000
2018-02-27 03:49:12,0.00038650,22.83000000
2018-02-27 03:49:12,0.00038650,19.02000000
2018-02-27 03:49:12,0.00038650,480.51000000
2018-02-27 03:49:12,0.00038770,1130.21000000
2018-02-27 03:49:13,0.00038770,6.42000000
2018-02-27 03:49:15,0.00038760,120.37000000
2018-02-27 03:49:15,0.00038800,15.79000000
2018-02-27 03:49:36,0.00038680,156.93000000
2018-02-27 03:49:48,0.00038680,31.00000000
2018-02-27 03:49:50,0.00038760,12.87000000
2018-02-27 03:49:50,0.00038760,4.64000000
2018-02-27 03:50:13,0.00038750,20.00000000
2018-02-27 03:50:13,0.00038760,31.94000000
2018-02-27 03:50:20,0.00038760,29.93000000
2018-02-27 03:50:22,0.00038760,257.14000000
2018-02-27 03:50:29,0.00038760,1218.03000000
2018-02-27 03:50:29,0.00038690,469.74000000
2018-02-27 03:50:29,0.00038680,233.70000000
2018-02-27 03:50:29,0.00038650,281.56000000
2018-02-27 03:50:29,0.00038640,2215.47000000
2018-02-27 03:50:29,0.00038630,5899.28000000
2018-02-27 03:50:29,0.00038620,2287.97000000
2018-02-27 03:50:29,0.00038610,1395.15000000
2018-02-27 03:50:40,0.00038650,18.89000000
2018-02-27 03:50:40,0.00038610,276.16000000
2018-02-27 03:50:40,0.00038600,304.79000000
2018-02-27 03:50:40,0.00038600,8.00000000
2018-02-27 03:50:40,0.00038600,8.00000000
2018-02-27 03:50:40,0.00038600,9.81000000
2018-02-27 03:50:40,0.00038600,432.61000000
2018-02-27 03:50:40,0.00038600,1256.00000000
2018-02-27 03:50:40,0.00038600,16.57000000
2018-02-27 03:50:41,0.00038600,12.95000000
2018-02-27 03:50:41,0.00038600,27.19000000
2018-02-27 03:50:41,0.00038600,17.00000000
2018-02-27 03:50:41,0.00038600,38.81000000
2018-02-27 03:50:41,0.00038600,12.95000000
2018-02-27 03:50:42,0.00038600,12.96000000
2018-02-27 03:50:42,0.00038600,24.15000000
2018-02-27 03:50:43,0.00038600,25.90000000
2018-02-27 03:50:44,0.00038600,100.00000000
2018-02-27 03:50:44,0.00038600,326.00000000
2018-02-27 03:50:45,0.00038600,672.72000000
2018-02-27 03:50:46,0.00038610,0.36000000
2018-02-27 03:50:47,0.00038610,529.60000000
2018-02-27 03:50:47,0.00038600,426.00000000
2018-02-27 03:50:48,0.00038600,8.75000000
2018-02-27 03:50:49,0.00038600,21.95000000
2018-02-27 03:50:49,0.00038600,38.86000000
2018-02-27 03:50:51,0.00038600,100.00000000
2018-02-27 03:50:53,0.00038600,12.87000000
2018-02-27 03:50:54,0.00038600,3558.82000000
2018-02-27 03:50:54,0.00038590,12.92000000
2018-02-27 03:50:55,0.00038600,42.00000000
2018-02-27 03:50:59,0.00038590,38.83000000
2018-02-27 03:51:10,0.00038600,97.21000000
2018-02-27 03:51:11,0.00038600,49.28000000
2018-02-27 03:51:14,0.00038600,1675.94000000
2018-02-27 03:51:16,0.00038590,7.71000000
2018-02-27 03:51:17,0.00038600,46.83000000
2018-02-27 03:51:17,0.00038600,46.83000000
2018-02-27 03:51:17,0.00038600,46.83000000
2018-02-27 03:51:17,0.00038600,46.83000000
2018-02-27 03:51:17,0.00038600,25.83000000
2018-02-27 03:51:17,0.00038600,46.83000000
2018-02-27 03:51:18,0.00038600,12.87000000
2018-02-27 03:51:20,0.00038600,1296.47000000
2018-02-27 03:51:25,0.00038670,5.61000000
2018-02-27 03:51:30,0.00038670,8.02000000
2018-02-27 03:51:47,0.00038670,7.76000000
2018-02-27 03:52:02,0.00038610,5.95000000
2018-02-27 03:52:09,0.00038670,6.46000000
2018-02-27 03:52:09,0.00038640,6.36000000
2018-02-27 03:52:18,0.00038670,1.69000000
2018-02-27 03:52:18,0.00038750,12.31000000
2018-02-27 03:52:22,0.00038650,12.98000000
2018-02-27 03:52:22,0.00038640,185.41000000
2018-02-27 03:52:22,0.00038610,621.20000000
2018-02-27 03:52:22,0.00038600,242.91000000
2018-02-27 03:52:22,0.00038590,5022.96000000
2018-02-27 03:52:22,0.00038580,22244.52000000
2018-02-27 03:52:22,0.00038580,10.06000000
2018-02-27 03:52:24,0.00038740,2.84000000
2018-02-27 03:52:27,0.00038720,9.03000000
2018-02-27 03:52:30,0.00038610,26.87000000
2018-02-27 03:52:30,0.00038600,49.85000000
2018-02-27 03:52:30,0.00038590,16.70000000
2018-02-27 03:52:30,0.00038580,15.35000000
2018-02-27 03:52:30,0.00038570,1331.91000000
2018-02-27 03:52:30,0.00038560,5.18000000
2018-02-27 03:52:30,0.00038540,824.18000000
2018-02-27 03:52:30,0.00038520,371.61000000
2018-02-27 03:52:30,0.00038510,37.67000000
2018-02-27 03:52:30,0.00038500,22666.34000000
2018-02-27 03:52:30,0.00038500,709.66000000
2018-02-27 03:52:30,0.00038500,33.40000000
2018-02-27 03:52:30,0.00038500,70.00000000
2018-02-27 03:52:31,0.00038500,50.00000000
2018-02-27 03:52:31,0.00038500,25.85000000
2018-02-27 03:52:31,0.00038540,46.02000000
2018-02-27 03:52:31,0.00038540,35.06000000
2018-02-27 03:52:31,0.00038540,29.22000000
2018-02-27 03:52:31,0.00038540,25.85000000
2018-02-27 03:52:31,0.00038540,304.58000000
2018-02-27 03:52:31,0.00038550,102.51000000
2018-02-27 03:52:31,0.00038560,58.46000000
2018-02-27 03:52:31,0.00038560,192.20000000
2018-02-27 03:52:31,0.00038570,27.17000000
2018-02-27 03:52:31,0.00038560,15.00000000
2018-02-27 03:52:32,0.00038570,65.17000000
2018-02-27 03:52:40,0.00038530,44.80000000
2018-02-27 03:52:40,0.00038520,12.87000000
2018-02-27 03:52:40,0.00038510,2.31000000
2018-02-27 03:52:46,0.00038540,3.00000000
2018-02-27 03:52:47,0.00038540,6.60000000
2018-02-27 03:52:48,0.00038590,15.00000000
2018-02-27 03:52:50,0.00038540,3.38000000
2018-02-27 03:52:50,0.00038500,992.79000000
2018-02-27 03:52:50,0.00038490,32.94000000
2018-02-27 03:52:50,0.00038480,84.26000000
2018-02-27 03:52:50,0.00038470,564.17000000
2018-02-27 03:52:50,0.00038460,200.00000000
2018-02-27 03:52:50,0.00038450,1830.48000000
2018-02-27 03:52:50,0.00038430,7.78000000
2018-02-27 03:52:50,0.00038420,532.32000000
2018-02-27 03:52:50,0.00038410,504.25000000
2018-02-27 03:52:50,0.00038400,1276.74000000
2018-02-27 03:52:50,0.00038400,377.89000000
2018-02-27 03:52:50,0.00038400,3.99000000
2018-02-27 03:52:50,0.00038400,497.17000000
2018-02-27 03:52:50,0.00038480,230.26000000
2018-02-27 03:52:50,0.00038590,29.80000000
2018-02-27 03:52:50,0.00038590,942.51000000
2018-02-27 03:52:54,0.00038560,12.98000000
2018-02-27 03:52:54,0.00038570,7.04000000
2018-02-27 03:52:55,0.00038560,226.34000000
2018-02-27 03:52:55,0.00038570,726.91000000
2018-02-27 03:52:57,0.00038500,226.34000000
2018-02-27 03:53:03,0.00038510,455.46000000
2018-02-27 03:53:04,0.00038560,4.23000000
2018-02-27 03:53:06,0.00038500,298.20000000
2018-02-27 03:53:06,0.00038500,148.15000000
2018-02-27 03:53:09,0.00038510,140.88000000
2018-02-27 03:53:15,0.00038510,12.99000000
2018-02-27 03:53:15,0.00038500,74.90000000
2018-02-27 03:53:17,0.00038500,7.12000000
2018-02-27 03:53:17,0.00038500,21.91000000
2018-02-27 03:53:17,0.00038560,3.41000000
2018-02-27 03:53:17,0.00038500,26.00000000
2018-02-27 03:53:19,0.00038500,66.15000000
2018-02-27 03:53:25,0.00038560,209.00000000
2018-02-27 03:53:31,0.00038560,71.25000000
2018-02-27 03:53:41,0.00038560,24.94000000
2018-02-27 03:53:41,0.00038560,0.75000000
2018-02-27 03:53:41,0.00038570,0.02000000
2018-02-27 03:53:41,0.00038590,9.23000000
2018-02-27 03:53:41,0.00038590,10.00000000
2018-02-27 03:53:48,0.00038590,214.82000000
2018-02-27 03:53:50,0.00038600,3.06000000
2018-02-27 03:53:56,0.00038590,25.91000000
2018-02-27 03:53:56,0.00038590,15.16000000
2018-02-27 03:53:56,0.00038590,6.37000000
2018-02-27 03:53:57,0.00038590,61.94000000
2018-02-27 03:53:58,0.00038590,47.40000000
2018-02-27 03:53:58,0.00038600,141.72000000
2018-02-27 03:53:58,0.00038570,11.31000000
2018-02-27 03:53:59,0.00038570,1.66000000
2018-02-27 03:53:59,0.00038560,16.79000000
2018-02-27 03:53:59,0.00038500,51.55000000
2018-02-27 03:54:03,0.00038600,26.68000000
2018-02-27 03:54:07,0.00038600,7.77000000
2018-02-27 03:54:09,0.00038600,25.00000000
2018-02-27 03:54:23,0.00038600,51.81000000
2018-02-27 03:54:23,0.00038510,1.00000000
2018-02-27 03:54:28,0.00038600,40.41000000
2018-02-27 03:54:28,0.00038600,30.00000000
2018-02-27 03:54:31,0.00038600,7.77000000
2018-02-27 03:54:37,0.00038600,41.50000000
2018-02-27 03:54:51,0.00038600,77.59000000
2018-02-27 03:54:54,0.00038610,3.00000000
2018-02-27 03:54:55,0.00038620,12.48000000
2018-02-27 03:54:58,0.00038600,1950.65000000
2018-02-27 03:55:01,0.00038600,672.30000000
2018-02-27 03:55:36,0.00038600,12.95000000
2018-02-27 03:56:10,0.00038600,10.00000000
2018-02-27 03:56:15,0.00038600,10.04000000
2018-02-27 03:56:40,0.00038590,5.00000000
2018-02-27 03:56:45,0.00038560,12.97000000
2018-02-27 03:56:45,0.00038520,87.07000000
2018-02-27 03:56:45,0.00038510,631.93000000
2018-02-27 03:56:45,0.00038500,72.93000000
2018-02-27 03:56:48,0.00038570,12.97000000
2018-02-27 03:56:48,0.00038500,0.01000000
2018-02-27 03:56:48,0.00038490,11.17000000
2018-02-27 03:56:50,0.00038560,18.85000000
2018-02-27 03:56:51,0.00038510,24.24000000
2018-02-27 03:56:51,0.00038510,152.56000000
2018-02-27 03:56:51,0.00038560,14.65000000
2018-02-27 03:56:51,0.00038580,37.19000000
2018-02-27 03:57:03,0.00038580,17.00000000
2018-02-27 03:57:22,0.00038530,12.98000000
2018-02-27 03:57:23,0.00038530,22.11000000
2018-02-27 03:57:23,0.00038530,37.19000000
2018-02-27 03:57:23,0.00038530,17.00000000
2018-02-27 03:57:28,0.00038500,11.38000000
2018-02-27 03:57:28,0.00038480,230.26000000
2018-02-27 03:57:28,0.00038430,13.00000000
2018-02-27 03:57:28,0.00038410,256.26000000
2018-02-27 03:57:28,0.00038400,732.82000000
2018-02-27 03:57:28,0.00038380,2690.00000000
2018-02-27 03:57:28,0.00038380,44.92000000
2018-02-27 03:57:28,0.00038380,89.07000000
2018-02-27 03:57:28,0.00038380,25.98000000
2018-02-27 03:57:28,0.00038380,89.07000000
2018-02-27 03:57:28,0.00038380,3.00000000
2018-02-27 03:57:28,0.00038380,20.00000000
2018-02-27 03:57:28,0.00038380,444.17000000
2018-02-27 03:57:28,0.00038380,25.99000000
2018-02-27 03:57:28,0.00038380,46.12000000
2018-02-27 03:57:28,0.00038380,25.98000000
2018-02-27 03:57:28,0.00038380,26.00000000
2018-02-27 03:57:28,0.00038370,25.00000000
2018-02-27 03:57:29,0.00038380,24.00000000
2018-02-27 03:57:29,0.00038380,13.03000000
2018-02-27 03:57:29,0.00038380,20.03000000
2018-02-27 03:57:29,0.00038380,12.91000000
2018-02-27 03:57:29,0.00038380,100.00000000
2018-02-27 03:57:29,0.00038380,13.03000000
2018-02-27 03:57:29,0.00038380,28.30000000
2018-02-27 03:57:29,0.00038380,28.30000000
2018-02-27 03:57:29,0.00038380,28.30000000
2018-02-27 03:57:29,0.00038380,25.92000000
2018-02-27 03:57:29,0.00038380,28.00000000
2018-02-27 03:57:29,0.00038360,25.92000000
2018-02-27 03:57:29,0.00038380,22.05000000
2018-02-27 03:57:29,0.00038380,4.20000000
2018-02-27 03:57:29,0.00038380,24.30000000
2018-02-27 03:57:29,0.00038380,32.38000000
2018-02-27 03:57:30,0.00038380,2000.00000000
2018-02-27 03:57:30,0.00038380,22.10000000
2018-02-27 03:57:30,0.00038380,28.30000000
2018-02-27 03:57:31,0.00038380,1608.37000000
2018-02-27 03:57:31,0.00038380,700.00000000
2018-02-27 03:57:31,0.00038380,293.17000000
2018-02-27 03:57:31,0.00038380,121.07000000
2018-02-27 03:57:31,0.00038360,5.11000000
2018-02-27 03:57:32,0.00038360,28.30000000
2018-02-27 03:57:32,0.00038360,18.71000000
2018-02-27 03:57:32,0.00038350,56.35000000
2018-02-27 03:57:32,0.00038350,1004.22000000
2018-02-27 03:57:32,0.00038380,100.00000000
2018-02-27 03:57:33,0.00038380,2.61000000
2018-02-27 03:57:33,0.00038380,3.13000000
2018-02-27 03:57:34,0.00038380,320.86000000
2018-02-27 03:57:34,0.00038380,115.33000000
2018-02-27 03:57:34,0.00038380,177.25000000
2018-02-27 03:57:35,0.00038530,6.49000000
2018-02-27 03:57:36,0.00038390,9.71000000
2018-02-27 03:57:36,0.00038530,6.49000000
2018-02-27 03:57:36,0.00038530,12.15000000
2018-02-27 03:57:36,0.00038530,3.11000000
2018-02-27 03:57:36,0.00038530,3.32000000
2018-02-27 03:57:37,0.00038530,6.49000000
2018-02-27 03:57:37,0.00038530,10.21000000
2018-02-27 03:57:37,0.00038520,24.17000000
2018-02-27 03:57:37,0.00038530,27.74000000
2018-02-27 03:57:37,0.00038530,3.96000000
2018-02-27 03:57:37,0.00038530,18.17000000
2018-02-27 03:57:37,0.00038530,14.40000000
2018-02-27 03:57:38,0.00038510,3.11000000
2018-02-27 03:57:38,0.00038510,6.60000000
2018-02-27 03:57:38,0.00038520,12.49000000
2018-02-27 03:57:38,0.00038520,0.38000000
2018-02-27 03:57:38,0.00038530,4.60000000
2018-02-27 03:57:39,0.00038530,12.56000000
2018-02-27 03:57:39,0.00038530,30.63000000
2018-02-27 03:57:39,0.00038530,6.49000000
2018-02-27 03:57:39,0.00038530,7.79000000
2018-02-27 03:57:39,0.00038530,5.71000000
2018-02-27 03:57:39,0.00038530,18.15000000
2018-02-27 03:57:41,0.00038530,7.79000000
2018-02-27 03:57:42,0.00038530,5.53000000
2018-02-27 03:57:42,0.00038530,1.68000000
2018-02-27 03:57:42,0.00038540,6.36000000
2018-02-27 03:57:42,0.00038540,25.94000000
2018-02-27 03:57:43,0.00038540,44.57000000
2018-02-27 03:57:43,0.00038550,4.43000000
2018-02-27 03:57:45,0.00038540,10.38000000
2018-02-27 03:57:47,0.00038540,7.78000000
2018-02-27 03:57:48,0.00038540,3.11000000
2018-02-27 03:57:48,0.00038540,10.85000000
2018-02-27 03:57:49,0.00038540,6.48000000
2018-02-27 03:57:55,0.00038530,3.11000000
2018-02-27 03:57:55,0.00038530,3.63000000
2018-02-27 03:57:58,0.00038530,5.77000000
2018-02-27 03:58:02,0.00038520,90.84000000
2018-02-27 03:58:03,0.00038520,129.77000000
2018-02-27 03:58:03,0.00038520,6.15000000
2018-02-27 03:58:04,0.00038440,4.91000000
2018-02-27 03:58:04,0.00038530,52.17000000
2018-02-27 03:58:05,0.00038530,7.79000000
2018-02-27 03:58:10,0.00038530,25.18000000
2018-02-27 03:58:11,0.00038530,29.59000000
2018-02-27 03:58:15,0.00038530,50.00000000
2018-02-27 03:58:20,0.00038530,9.08000000
2018-02-27 03:58:30,0.00038530,5.19000000
2018-02-27 03:58:40,0.00038470,74.22000000
2018-02-27 03:58:42,0.00038530,13.76000000
2018-02-27 03:58:43,0.00038530,9.08000000
2018-02-27 03:58:44,0.00038530,20.76000000
2018-02-27 03:58:45,0.00038530,2.60000000
2018-02-27 03:58:47,0.00038530,9.08000000
2018-02-27 03:58:47,0.00038530,37.63000000
2018-02-27 03:58:47,0.00038530,23.36000000
2018-02-27 03:58:47,0.00038530,75.00000000
2018-02-27 03:58:51,0.00038530,18.88000000
2018-02-27 03:58:52,0.00038530,5.19000000
2018-02-27 03:59:02,0.00038530,0.12000000
2018-02-27 03:59:02,0.00038530,9.80000000
2018-02-27 03:59:03,0.00038530,5.77000000
2018-02-27 03:59:11,0.00038470,162.63000000
2018-02-27 03:59:11,0.00038460,224.37000000
2018-02-27 03:59:19,0.00038460,21.00000000
2018-02-27 03:59:20,0.00038460,0.45000000
2018-02-27 03:59:28,0.00038530,5.23000000
2018-02-27 03:59:28,0.00038580,21.48000000
2018-02-27 03:59:32,0.00038580,0.01000000
2018-02-27 03:59:33,0.00038580,6.48000000
2018-02-27 03:59:34,0.00038580,7.00000000
2018-02-27 03:59:35,0.00038580,7.26000000
2018-02-27 03:59:36,0.00038580,71.80000000
2018-02-27 03:59:40,0.00038580,6.48000000
2018-02-27 03:59:40,0.00038580,6.48000000
2018-02-27 03:59:42,0.00038500,0.15000000
2018-02-27 03:59:45,0.00038580,5.44000000
2018-02-27 03:59:46,0.00038580,30.03000000
2018-02-27 03:59:47,0.00038500,14.85000000
2018-02-27 03:59:47,0.00038500,100.00000000
2018-02-27 03:59:50,0.00038500,6.49000000
2018-02-27 03:59:51,0.00038500,55.91000000
2018-02-27 03:59:52,0.00038580,14.38000000
2018-02-27 03:59:53,0.00038580,0.62000000
2018-02-27 03:59:53,0.00038590,128.95000000
