DATE,PRICE,VOLUME
2018-02-24 07:00:00,0.00038520,25.96000000
2018-02-24 07:00:01,0.00038450,11.50000000
2018-02-24 07:00:03,0.00038500,15.00000000
2018-02-24 07:00:03,0.00038510,11.50000000
2018-02-24 07:00:03,0.00038520,21.92000000
2018-02-24 07:00:06,0.00038520,5.19000000
2018-02-24 07:00:06,0.00038520,31.15000000
2018-02-24 07:00:06,0.00038520,10.38000000
2018-02-24 07:00:06,0.00038520,18.33000000
2018-02-24 07:00:07,0.00038520,5.18000000
2018-02-24 07:00:07,0.00038520,5.19000000
2018-02-24 07:00:07,0.00038520,7.15000000
2018-02-24 07:00:07,0.00038520,5.19000000
2018-02-24 07:00:07,0.00038520,14.00000000
2018-02-24 07:00:07,0.00038560,2.55000000
2018-02-24 07:00:07,0.00038520,39.36000000
2018-02-24 07:00:07,0.00038490,7.72000000
2018-02-24 07:00:07,0.00038490,7.78000000
2018-02-24 07:00:07,0.00038490,18.31000000
2018-02-24 07:00:08,0.00038490,5.55000000
2018-02-24 07:00:08,0.00038520,51.12000000
2018-02-24 07:00:08,0.00038520,5.16000000
2018-02-24 07:00:08,0.00038520,7.78000000
2018-02-24 07:00:08,0.00038520,14.66000000
2018-02-24 07:00:08,0.00038560,404.24000000
2018-02-24 07:00:08,0.00038570,64.00000000
2018-02-24 07:00:08,0.00038600,34.96000000
2018-02-24 07:00:08,0.00038600,7.77000000
2018-02-24 07:00:08,0.00038520,12.98000000
2018-02-24 07:00:08,0.00038520,13.04000000
2018-02-24 07:00:08,0.00038520,9.71000000
2018-02-24 07:00:08,0.00038460,3.27000000
2018-02-24 07:00:08,0.00038600,51.66000000
2018-02-24 07:00:08,0.00038520,5.19000000
2018-02-24 07:00:08,0.00038470,125.04000000
2018-02-24 07:00:08,0.00038490,5.19000000
2018-02-24 07:00:08,0.00038520,5.19000000
2018-02-24 07:00:09,0.00038530,12.46000000
2018-02-24 07:00:09,0.00038530,2.54000000
2018-02-24 07:00:09,0.00038520,12.46000000
2018-02-24 07:00:09,0.00038470,16.00000000
2018-02-24 07:00:09,0.00038470,327.13000000
2018-02-24 07:00:10,0.00038440,12.27000000
2018-02-24 07:00:11,0.00038440,2.73000000
2018-02-24 07:00:11,0.00038450,4.27000000
2018-02-24 07:00:13,0.00038460,13.50000000
2018-02-24 07:00:13,0.00038430,15.00000000
2018-02-24 07:00:21,0.00038440,2.90000000
2018-02-24 07:00:23,0.00038440,7.10000000
2018-02-24 07:00:25,0.00038430,170.56000000
2018-02-24 07:00:31,0.00038460,110.59000000
2018-02-24 07:00:31,0.00038470,36.07000000
2018-02-24 07:00:31,0.00038490,15.00000000
2018-02-24 07:00:31,0.00038520,217.29000000
2018-02-24 07:00:31,0.00038520,173.83000000
2018-02-24 07:00:31,0.00038520,19.34000000
2018-02-24 07:00:31,0.00038520,77.87000000
2018-02-24 07:00:31,0.00038520,217.29000000
2018-02-24 07:00:31,0.00038520,9.60000000
2018-02-24 07:00:31,0.00038520,183.17000000
2018-02-24 07:00:32,0.00038430,77.88000000
2018-02-24 07:00:33,0.00038440,10.46000000
2018-02-24 07:00:40,0.00038510,3.00000000
2018-02-24 07:00:40,0.00038510,12.00000000
2018-02-24 07:00:40,0.00038520,497.92000000
2018-02-24 07:00:40,0.00038520,3.00000000
2018-02-24 07:00:45,0.00038490,19.53000000
2018-02-24 07:00:51,0.00038480,77.95000000
2018-02-24 07:00:51,0.00038480,77.95000000
2018-02-24 07:00:51,0.00038480,75.08000000
2018-02-24 07:00:51,0.00038480,0.02000000
2018-02-24 07:00:51,0.00038470,75.07000000
2018-02-24 07:00:51,0.00038490,77.93000000
2018-02-24 07:00:52,0.00038570,5.30000000
2018-02-24 07:00:52,0.00038490,50.43000000
2018-02-24 07:00:52,0.00038470,50.43000000
2018-02-24 07:00:52,0.00038480,5.30000000
2018-02-24 07:00:53,0.00038480,0.01000000
2018-02-24 07:00:54,0.00038480,256.66000000
2018-02-24 07:00:54,0.00038490,293.34000000
2018-02-24 07:00:55,0.00038470,77.98000000
2018-02-24 07:00:56,0.00038470,77.98000000
2018-02-24 07:00:57,0.00038490,1686.62000000
2018-02-24 07:00:58,0.00038490,77.94000000
2018-02-24 07:00:58,0.00038490,77.93000000
2018-02-24 07:00:58,0.00038490,77.94000000
2018-02-24 07:00:58,0.00038490,77.94000000
2018-02-24 07:00:58,0.00038490,77.93000000
2018-02-24 07:00:58,0.00038490,77.93000000
2018-02-24 07:00:58,0.00038490,77.94000000
2018-02-24 07:00:58,0.00038490,77.93000000
2018-02-24 07:00:58,0.00038490,77.93000000
2018-02-24 07:00:59,0.00038490,77.94000000
2018-02-24 07:00:59,0.00038490,77.93000000
2018-02-24 07:00:59,0.00038490,299.67000000
2018-02-24 07:00:59,0.00038490,77.94000000
2018-02-24 07:00:59,0.00038490,77.93000000
2018-02-24 07:00:59,0.00038490,77.93000000
2018-02-24 07:00:59,0.00038490,77.93000000
2018-02-24 07:00:59,0.00038490,77.94000000
2018-02-24 07:00:59,0.00038490,52.91000000
2018-02-24 07:00:59,0.00038480,77.95000000
2018-02-24 07:00:59,0.00038480,50.49000000
2018-02-24 07:01:03,0.00038480,11.51000000
2018-02-24 07:01:05,0.00038480,58.03000000
2018-02-24 07:01:08,0.00038480,369.50000000
2018-02-24 07:01:08,0.00038470,15.00000000
2018-02-24 07:01:11,0.00038480,99.95000000
2018-02-24 07:01:12,0.00038430,23.63000000
2018-02-24 07:01:12,0.00038430,52.11000000
2018-02-24 07:01:14,0.00038430,75.52000000
2018-02-24 07:01:18,0.00038480,130.00000000
2018-02-24 07:01:30,0.00038410,17.00000000
2018-02-24 07:01:32,0.00038480,177.37000000
2018-02-24 07:01:33,0.00038480,602.25000000
2018-02-24 07:01:43,0.00038510,38.79000000
2018-02-24 07:01:44,0.00038510,78.07000000
2018-02-24 07:01:52,0.00038560,51.14000000
2018-02-24 07:01:52,0.00038540,3.18000000
2018-02-24 07:01:53,0.00038550,15.00000000
2018-02-24 07:01:53,0.00038540,0.01000000
2018-02-24 07:01:53,0.00038460,6.64000000
2018-02-24 07:01:58,0.00038550,6.22000000
2018-02-24 07:01:58,0.00038500,97.97000000
2018-02-24 07:02:03,0.00038460,55.00000000
2018-02-24 07:02:03,0.00038410,731.17000000
2018-02-24 07:02:03,0.00038400,452.00000000
2018-02-24 07:02:03,0.00038390,26.04000000
2018-02-24 07:02:03,0.00038380,958.36000000
2018-02-24 07:02:09,0.00038410,15.00000000
2018-02-24 07:02:09,0.00038400,169.00000000
2018-02-24 07:02:09,0.00038380,184.52000000
2018-02-24 07:02:09,0.00038350,502.92000000
2018-02-24 07:02:09,0.00038320,677.39000000
2018-02-24 07:02:09,0.00038310,345.93000000
2018-02-24 07:02:09,0.00038300,7.81000000
2018-02-24 07:02:09,0.00038290,1783.86000000
2018-02-24 07:02:11,0.00038390,7.81000000
2018-02-24 07:02:13,0.00038400,73.67000000
2018-02-24 07:02:13,0.00038330,188.19000000
2018-02-24 07:02:13,0.00038320,313.15000000
2018-02-24 07:02:13,0.00038310,36.82000000
2018-02-24 07:02:13,0.00038300,6.73000000
2018-02-24 07:02:13,0.00038290,716.67000000
2018-02-24 07:02:13,0.00038280,47.86000000
2018-02-24 07:02:16,0.00038430,78.01000000
2018-02-24 07:02:18,0.00038410,21.44000000
2018-02-24 07:02:21,0.00038310,49.73000000
2018-02-24 07:02:21,0.00038300,26.11000000
2018-02-24 07:02:21,0.00038290,2.64000000
2018-02-24 07:02:21,0.00038280,1184.58000000
2018-02-24 07:02:21,0.00038270,792.82000000
2018-02-24 07:02:21,0.00038260,78.01000000
2018-02-24 07:02:21,0.00038250,112.97000000
2018-02-24 07:02:23,0.00038360,12.06000000
2018-02-24 07:02:24,0.00038360,8.41000000
2018-02-24 07:02:25,0.00038350,13.04000000
2018-02-24 07:02:27,0.00038330,135.63000000
2018-02-24 07:02:29,0.00038320,13.05000000
2018-02-24 07:02:29,0.00038320,65.28000000
2018-02-24 07:02:30,0.00038270,5.47000000
2018-02-24 07:02:30,0.00038260,129.88000000
2018-02-24 07:02:30,0.00038250,26.15000000
2018-02-24 07:02:31,0.00038310,131.42000000
2018-02-24 07:02:32,0.00038300,23.35000000
2018-02-24 07:02:33,0.00038290,187.90000000
2018-02-24 07:02:41,0.00038270,129.88000000
2018-02-24 07:02:43,0.00038280,32.70000000
2018-02-24 07:02:44,0.00038280,10.07000000
2018-02-24 07:02:45,0.00038280,2.00000000
2018-02-24 07:02:46,0.00038280,25.53000000
2018-02-24 07:02:49,0.00038290,7.55000000
2018-02-24 07:02:49,0.00038280,69.09000000
2018-02-24 07:02:49,0.00038270,77.27000000
2018-02-24 07:02:51,0.00038340,3.25000000
2018-02-24 07:02:53,0.00038280,83.46000000
2018-02-24 07:02:53,0.00038280,10.00000000
2018-02-24 07:02:53,0.00038340,102.30000000
2018-02-24 07:02:53,0.00038350,46.97000000
2018-02-24 07:02:54,0.00038290,2.62000000
2018-02-24 07:02:54,0.00038280,59.29000000
2018-02-24 07:02:55,0.00038350,49.73000000
2018-02-24 07:02:55,0.00038290,13.07000000
2018-02-24 07:02:56,0.00038300,29.48000000
2018-02-24 07:02:57,0.00038310,114.19000000
2018-02-24 07:02:58,0.00038290,114.19000000
2018-02-24 07:03:00,0.00038280,27.01000000
2018-02-24 07:03:05,0.00038280,244.07000000
2018-02-24 07:03:05,0.00038280,8.73000000
2018-02-24 07:03:07,0.00038280,275.71000000
2018-02-24 07:03:08,0.00038290,29.90000000
2018-02-24 07:03:09,0.00038290,2.38000000
2018-02-24 07:03:09,0.00038280,10.70000000
2018-02-24 07:03:12,0.00038280,13.98000000
2018-02-24 07:03:14,0.00038280,368.90000000
2018-02-24 07:03:14,0.00038270,89.07000000
2018-02-24 07:03:14,0.00038230,115.41000000
2018-02-24 07:03:14,0.00038200,30.14000000
2018-02-24 07:03:15,0.00038200,19.60000000
2018-02-24 07:03:15,0.00038190,13.22000000
2018-02-24 07:03:15,0.00038140,7.01000000
2018-02-24 07:03:15,0.00038120,18.27000000
2018-02-24 07:03:15,0.00038200,181.09000000
2018-02-24 07:03:15,0.00038120,9.88000000
2018-02-24 07:03:15,0.00038200,96.49000000
2018-02-24 07:03:18,0.00038170,7.77000000
2018-02-24 07:03:22,0.00038200,10.28000000
2018-02-24 07:03:23,0.00038190,7.75000000
2018-02-24 07:03:25,0.00038190,0.02000000
2018-02-24 07:03:25,0.00038280,28.70000000
2018-02-24 07:03:46,0.00038220,7.57000000
2018-02-24 07:03:49,0.00038220,286.75000000
2018-02-24 07:03:50,0.00038220,2.62000000
2018-02-24 07:03:52,0.00038270,49.98000000
2018-02-24 07:03:55,0.00038220,13.50000000
2018-02-24 07:03:56,0.00038220,70.45000000
2018-02-24 07:03:57,0.00038270,162.72000000
2018-02-24 07:03:57,0.00038270,29.83000000
2018-02-24 07:04:07,0.00038280,5.17000000
2018-02-24 07:04:13,0.00038280,9.61000000
2018-02-24 07:04:13,0.00038280,460.82000000
2018-02-24 07:04:18,0.00038250,31.37000000
2018-02-24 07:04:18,0.00038220,90.52000000
2018-02-24 07:04:27,0.00038270,75.25000000
2018-02-24 07:04:44,0.00038270,325.20000000
2018-02-24 07:04:44,0.00038280,132.58000000
2018-02-24 07:04:44,0.00038260,7.57000000
2018-02-24 07:04:44,0.00038230,75.25000000
2018-02-24 07:04:44,0.00038220,290.88000000
2018-02-24 07:04:46,0.00038280,7.84000000
2018-02-24 07:04:50,0.00038270,235.44000000
2018-02-24 07:04:51,0.00038270,28.33000000
2018-02-24 07:04:51,0.00038230,161.64000000
2018-02-24 07:04:52,0.00038230,73.80000000
2018-02-24 07:04:52,0.00038220,211.26000000
2018-02-24 07:04:52,0.00038190,2.83000000
2018-02-24 07:04:52,0.00038160,319.32000000
2018-02-24 07:04:52,0.00038130,7.81000000
2018-02-24 07:04:52,0.00038120,15.70000000
2018-02-24 07:04:52,0.00038110,1709.15000000
2018-02-24 07:04:52,0.00038080,32.73000000
2018-02-24 07:04:52,0.00038050,412.23000000
2018-02-24 07:04:52,0.00038050,33.02000000
2018-02-24 07:04:52,0.00038050,14.57000000
2018-02-24 07:04:52,0.00038050,28.85000000
2018-02-24 07:04:52,0.00038040,262.64000000
2018-02-24 07:04:52,0.00038050,28.85000000
2018-02-24 07:04:52,0.00038050,28.85000000
2018-02-24 07:04:52,0.00038050,16.00000000
2018-02-24 07:04:52,0.00038050,119.52000000
2018-02-24 07:04:52,0.00038050,17.29000000
2018-02-24 07:04:52,0.00038050,169.00000000
2018-02-24 07:04:52,0.00038050,358.01000000
2018-02-24 07:04:52,0.00038050,169.00000000
2018-02-24 07:04:53,0.00038050,65.59000000
2018-02-24 07:04:53,0.00038050,12.00000000
2018-02-24 07:04:53,0.00038050,1403.97000000
2018-02-24 07:04:56,0.00038080,7.81000000
2018-02-24 07:04:57,0.00038100,41.71000000
2018-02-24 07:04:57,0.00038100,19.87000000
2018-02-24 07:04:58,0.00038100,61.06000000
2018-02-24 07:04:58,0.00038170,28.85000000
2018-02-24 07:04:59,0.00038160,6.31000000
2018-02-24 07:04:59,0.00038160,11.37000000
2018-02-24 07:05:00,0.00038160,11.37000000
2018-02-24 07:05:00,0.00038160,44.54000000
2018-02-24 07:05:00,0.00038160,6.44000000
2018-02-24 07:05:02,0.00038100,35.45000000
2018-02-24 07:05:03,0.00038100,51.96000000
2018-02-24 07:05:04,0.00038160,24.88000000
2018-02-24 07:05:07,0.00038090,253.00000000
2018-02-24 07:05:07,0.00038050,13.14000000
2018-02-24 07:05:07,0.00038010,101.19000000
2018-02-24 07:05:07,0.00038000,1273.49000000
2018-02-24 07:05:07,0.00037980,315.96000000
2018-02-24 07:05:07,0.00037970,11.30000000
2018-02-24 07:05:07,0.00037980,263.29000000
2018-02-24 07:05:07,0.00037980,1579.00000000
2018-02-24 07:05:07,0.00037980,78.98000000
2018-02-24 07:05:07,0.00037980,393.03000000
2018-02-24 07:05:07,0.00037980,727.42000000
2018-02-24 07:05:08,0.00038000,19.66000000
2018-02-24 07:05:08,0.00038000,89.25000000
2018-02-24 07:05:08,0.00038000,52.63000000
2018-02-24 07:05:08,0.00038000,443.29000000
2018-02-24 07:05:08,0.00038000,358.10000000
2018-02-24 07:05:09,0.00038000,112.95000000
2018-02-24 07:05:10,0.00038100,118.31000000
2018-02-24 07:05:10,0.00038150,32.73000000
2018-02-24 07:05:10,0.00038170,10.15000000
2018-02-24 07:05:10,0.00038210,104.80000000
2018-02-24 07:05:11,0.00038090,7.81000000
2018-02-24 07:05:13,0.00038160,0.12000000
2018-02-24 07:05:14,0.00038160,13.14000000
2018-02-24 07:05:15,0.00038160,2.88000000
2018-02-24 07:05:16,0.00038160,12.70000000
2018-02-24 07:05:16,0.00038180,13.48000000
2018-02-24 07:05:16,0.00038060,261.04000000
2018-02-24 07:05:16,0.00038170,15.00000000
2018-02-24 07:05:16,0.00038180,60.45000000
2018-02-24 07:05:18,0.00038170,6.28000000
2018-02-24 07:05:21,0.00038150,111.00000000
2018-02-24 07:05:22,0.00038050,15.00000000
2018-02-24 07:05:23,0.00038150,143.76000000
2018-02-24 07:05:23,0.00038160,48.98000000
2018-02-24 07:05:25,0.00038160,162.86000000
2018-02-24 07:05:26,0.00038140,30.10000000
2018-02-24 07:05:30,0.00038160,10.48000000
2018-02-24 07:05:35,0.00038120,125.71000000
2018-02-24 07:05:38,0.00038130,9.51000000
2018-02-24 07:05:38,0.00038120,96.61000000
2018-02-24 07:05:38,0.00038100,486.22000000
2018-02-24 07:05:47,0.00038070,200.00000000
2018-02-24 07:05:49,0.00038150,200.00000000
2018-02-24 07:05:50,0.00038160,117.49000000
2018-02-24 07:05:52,0.00038140,27.51000000
2018-02-24 07:05:56,0.00038190,94.72000000
2018-02-24 07:05:59,0.00038200,3.14000000
2018-02-24 07:06:01,0.00038140,8.44000000
2018-02-24 07:06:09,0.00038200,24.00000000
2018-02-24 07:06:11,0.00038200,20.94000000
2018-02-24 07:06:13,0.00038200,10.47000000
2018-02-24 07:06:14,0.00038140,109.05000000
2018-02-24 07:06:15,0.00038140,171.95000000
2018-02-24 07:06:41,0.00038210,5.04000000
2018-02-24 07:06:45,0.00038210,9.96000000
2018-02-24 07:06:47,0.00038220,2.62000000
2018-02-24 07:06:49,0.00038220,9.68000000
2018-02-24 07:06:53,0.00038220,259.72000000
2018-02-24 07:06:55,0.00038220,67.79000000
2018-02-24 07:06:55,0.00038230,15.00000000
2018-02-24 07:06:56,0.00038220,6.29000000
2018-02-24 07:06:58,0.00038220,50.70000000
2018-02-24 07:06:58,0.00038220,1.00000000
2018-02-24 07:07:04,0.00038230,100.41000000
2018-02-24 07:07:05,0.00038230,27.67000000
2018-02-24 07:07:17,0.00038230,6.54000000
2018-02-24 07:07:25,0.00038230,660.35000000
2018-02-24 07:07:26,0.00038240,76.13000000
2018-02-24 07:07:30,0.00038240,52.24000000
2018-02-24 07:07:30,0.00038260,29.00000000
2018-02-24 07:07:32,0.00038260,5.75000000
2018-02-24 07:07:34,0.00038260,12.61000000
2018-02-24 07:07:34,0.00038260,52.64000000
2018-02-24 07:07:34,0.00038320,3.44000000
2018-02-24 07:07:34,0.00038360,103.31000000
2018-02-24 07:07:34,0.00038370,589.22000000
2018-02-24 07:07:34,0.00038380,203.36000000
2018-02-24 07:07:34,0.00038260,15.22000000
2018-02-24 07:07:34,0.00038260,78.41000000
2018-02-24 07:07:34,0.00038260,78.41000000
2018-02-24 07:07:35,0.00038260,78.40000000
2018-02-24 07:07:35,0.00038270,15.00000000
2018-02-24 07:07:35,0.00038260,63.41000000
2018-02-24 07:07:35,0.00038280,78.41000000
2018-02-24 07:07:35,0.00038280,78.35000000
2018-02-24 07:07:36,0.00038280,78.36000000
2018-02-24 07:07:36,0.00038280,0.32000000
2018-02-24 07:07:36,0.00038260,384.72000000
2018-02-24 07:07:36,0.00038250,13.08000000
2018-02-24 07:07:36,0.00038240,5.50000000
2018-02-24 07:07:46,0.00038250,100.00000000
2018-02-24 07:07:50,0.00038290,10.44000000
2018-02-24 07:07:51,0.00038260,71.69000000
2018-02-24 07:07:58,0.00038260,49.12000000
2018-02-24 07:07:58,0.00038240,4.56000000
2018-02-24 07:07:59,0.00038240,195.07000000
2018-02-24 07:07:59,0.00038230,20.00000000
2018-02-24 07:08:06,0.00038250,26.16000000
2018-02-24 07:08:06,0.00038260,70.35000000
2018-02-24 07:08:06,0.00038310,303.49000000
2018-02-24 07:08:11,0.00038240,736.10000000
2018-02-24 07:08:36,0.00038300,13.08000000
2018-02-24 07:08:36,0.00038310,39.12000000
2018-02-24 07:08:36,0.00038320,197.80000000
2018-02-24 07:08:45,0.00038320,1.82000000
2018-02-24 07:08:52,0.00038250,138.57000000
2018-02-24 07:08:52,0.00038250,125.76000000
2018-02-24 07:08:52,0.00038250,75.48000000
2018-02-24 07:08:54,0.00038230,147.75000000
2018-02-24 07:08:54,0.00038180,319.65000000
2018-02-24 07:08:58,0.00038260,15.00000000
2018-02-24 07:08:58,0.00038270,436.68000000
2018-02-24 07:08:58,0.00038280,812.08000000
2018-02-24 07:09:03,0.00038240,15.00000000
2018-02-24 07:09:05,0.00038250,44.70000000
2018-02-24 07:09:05,0.00038220,235.44000000
2018-02-24 07:09:05,0.00038210,184.08000000
2018-02-24 07:09:06,0.00038250,93.87000000
2018-02-24 07:09:07,0.00038250,366.43000000
2018-02-24 07:09:07,0.00038260,75.00000000
2018-02-24 07:09:13,0.00038210,13.23000000
2018-02-24 07:09:17,0.00038240,253.00000000
2018-02-24 07:09:19,0.00038250,24.67000000
2018-02-24 07:09:19,0.00038250,78.38000000
2018-02-24 07:09:19,0.00038250,78.38000000
2018-02-24 07:09:19,0.00038250,50.75000000
2018-02-24 07:09:19,0.00038250,54.36000000
2018-02-24 07:09:20,0.00038250,27.64000000
2018-02-24 07:09:20,0.00038250,11.30000000
2018-02-24 07:09:20,0.00038250,77.87000000
2018-02-24 07:09:20,0.00038250,77.86000000
2018-02-24 07:09:22,0.00038200,235.44000000
2018-02-24 07:09:25,0.00038250,7.56000000
2018-02-24 07:09:25,0.00038250,7.86000000
2018-02-24 07:09:29,0.00038250,180.18000000
2018-02-24 07:09:31,0.00038250,14.00000000
2018-02-24 07:09:32,0.00038190,0.20000000
2018-02-24 07:09:34,0.00038250,8.08000000
2018-02-24 07:09:39,0.00038250,15.27000000
2018-02-24 07:09:43,0.00038250,28.82000000
2018-02-24 07:09:48,0.00038250,189.82000000
2018-02-24 07:09:52,0.00038260,263.70000000
2018-02-24 07:09:53,0.00038250,3980.91000000
2018-02-24 07:10:01,0.00038250,26.38000000
2018-02-24 07:10:04,0.00038250,4.13000000
2018-02-24 07:10:24,0.00038250,66.35000000
2018-02-24 07:10:27,0.00038250,55.00000000
2018-02-24 07:10:28,0.00038250,10.07000000
2018-02-24 07:10:33,0.00038250,78.43000000
2018-02-24 07:10:34,0.00038250,78.43000000
2018-02-24 07:10:37,0.00038250,13.08000000
2018-02-24 07:10:52,0.00038260,25.05000000
2018-02-24 07:10:58,0.00038250,35.00000000
2018-02-24 07:11:00,0.00038260,246.00000000
2018-02-24 07:11:12,0.00038260,118.56000000
2018-02-24 07:11:12,0.00038260,662.20000000
2018-02-24 07:11:32,0.00038270,240.20000000
2018-02-24 07:11:46,0.00038280,187.92000000
2018-02-24 07:11:46,0.00038300,25.77000000
2018-02-24 07:11:51,0.00038290,21.55000000
2018-02-24 07:11:53,0.00038290,157.46000000
2018-02-24 07:11:53,0.00038280,322.01000000
2018-02-24 07:11:53,0.00038270,520.71000000
2018-02-24 07:12:05,0.00038310,21.55000000
2018-02-24 07:12:06,0.00038260,52.00000000
2018-02-24 07:12:06,0.00038250,48.00000000
2018-02-24 07:12:07,0.00038270,135.00000000
2018-02-24 07:12:12,0.00038290,145.80000000
2018-02-24 07:12:20,0.00038290,777.78000000
2018-02-24 07:12:21,0.00038290,71.91000000
2018-02-24 07:12:23,0.00038310,8.18000000
2018-02-24 07:12:27,0.00038310,22.00000000
2018-02-24 07:12:28,0.00038310,8.00000000
2018-02-24 07:12:29,0.00038290,77.31000000
2018-02-24 07:12:30,0.00038290,488.81000000
2018-02-24 07:12:35,0.00038280,339.81000000
2018-02-24 07:12:37,0.00038280,210.44000000
2018-02-24 07:12:42,0.00038290,74.41000000
2018-02-24 07:12:47,0.00038290,642.92000000
2018-02-24 07:12:54,0.00038290,829.02000000
2018-02-24 07:12:56,0.00038290,11.28000000
2018-02-24 07:13:02,0.00038290,129.33000000
2018-02-24 07:13:06,0.00038280,50.00000000
2018-02-24 07:13:06,0.00038270,39.08000000
2018-02-24 07:13:06,0.00038250,260.92000000
2018-02-24 07:13:08,0.00038250,18.49000000
2018-02-24 07:13:21,0.00038250,122.74000000
2018-02-24 07:13:24,0.00038250,6.26000000
2018-02-24 07:13:31,0.00038220,247.00000000
2018-02-24 07:13:31,0.00038210,366.91000000
2018-02-24 07:13:31,0.00038200,468.09000000
2018-02-24 07:13:44,0.00038220,50.66000000
2018-02-24 07:13:46,0.00038220,11.18000000
2018-02-24 07:13:49,0.00038220,93.01000000
2018-02-24 07:13:52,0.00038220,4.00000000
2018-02-24 07:13:58,0.00038220,0.01000000
2018-02-24 07:14:00,0.00038220,87.13000000
2018-02-24 07:14:06,0.00038220,27.71000000
2018-02-24 07:14:07,0.00038220,18.31000000
2018-02-24 07:14:16,0.00038220,737.97000000
2018-02-24 07:14:16,0.00038220,18.94000000
2018-02-24 07:14:17,0.00038220,198.39000000
2018-02-24 07:14:17,0.00038220,282.64000000
2018-02-24 07:14:17,0.00038220,20.29000000
2018-02-24 07:14:21,0.00038230,93.03000000
2018-02-24 07:14:23,0.00038220,77.02000000
2018-02-24 07:14:23,0.00038230,47.61000000
2018-02-24 07:14:30,0.00038230,13.08000000
2018-02-24 07:14:32,0.00038230,186.09000000
2018-02-24 07:14:35,0.00038230,90.76000000
2018-02-24 07:14:37,0.00038240,13.08000000
2018-02-24 07:14:43,0.00038240,13.08000000
2018-02-24 07:14:43,0.00038230,197.26000000
2018-02-24 07:14:49,0.00038240,8.21000000
2018-02-24 07:14:49,0.00038270,327.91000000
2018-02-24 07:14:49,0.00038270,7.87000000
2018-02-24 07:14:50,0.00038270,246.37000000
2018-02-24 07:14:52,0.00038280,122.39000000
2018-02-24 07:14:52,0.00038280,147.78000000
2018-02-24 07:14:52,0.00038280,174.04000000
2018-02-24 07:14:52,0.00038280,201.69000000
2018-02-24 07:14:52,0.00038280,225.62000000
2018-02-24 07:14:52,0.00038280,50.57000000
2018-02-24 07:15:02,0.00038270,78.39000000
2018-02-24 07:15:02,0.00038270,78.38000000
2018-02-24 07:15:02,0.00038270,87.59000000
2018-02-24 07:15:06,0.00038270,8.05000000
2018-02-24 07:15:14,0.00038270,5.89000000
2018-02-24 07:15:17,0.00038290,782.05000000
2018-02-24 07:15:22,0.00038300,339.81000000
2018-02-24 07:15:22,0.00038290,458.63000000
2018-02-24 07:15:25,0.00038290,16.01000000
2018-02-24 07:15:26,0.00038270,10.84000000
2018-02-24 07:15:29,0.00038270,84.99000000
2018-02-24 07:15:29,0.00038290,685.10000000
2018-02-24 07:15:30,0.00038320,4.75000000
2018-02-24 07:15:31,0.00038290,1077.00000000
2018-02-24 07:15:35,0.00038310,13.08000000
2018-02-24 07:15:35,0.00038320,25.49000000
2018-02-24 07:15:35,0.00038340,11.61000000
2018-02-24 07:15:45,0.00038330,71.35000000
2018-02-24 07:15:56,0.00038330,11.08000000
2018-02-24 07:15:57,0.00038330,13.03000000
2018-02-24 07:16:01,0.00038340,13.05000000
2018-02-24 07:16:03,0.00038340,395.08000000
2018-02-24 07:16:04,0.00038340,50.24000000
2018-02-24 07:16:07,0.00038350,13.04000000
2018-02-24 07:16:10,0.00038350,13.03000000
2018-02-24 07:16:12,0.00038350,237.46000000
2018-02-24 07:16:12,0.00038350,403.43000000
2018-02-24 07:16:13,0.00038350,78.21000000
2018-02-24 07:16:13,0.00038350,25.44000000
2018-02-24 07:16:13,0.00038350,23.35000000
2018-02-24 07:16:14,0.00038350,181.71000000
2018-02-24 07:16:14,0.00038350,38.83000000
2018-02-24 07:16:14,0.00038350,3.04000000
2018-02-24 07:16:18,0.00038340,39.58000000
2018-02-24 07:16:18,0.00038340,61.36000000
2018-02-24 07:16:23,0.00038370,9.51000000
2018-02-24 07:16:23,0.00038370,30.48000000
2018-02-24 07:16:33,0.00038370,0.01000000
2018-02-24 07:16:36,0.00038340,25.75000000
2018-02-24 07:16:36,0.00038340,14.64000000
2018-02-24 07:16:43,0.00038350,2.99000000
2018-02-24 07:16:44,0.00038380,13.08000000
2018-02-24 07:16:44,0.00038380,387.31000000
2018-02-24 07:17:13,0.00038400,5.90000000
2018-02-24 07:17:20,0.00038400,3.12000000
2018-02-24 07:17:25,0.00038400,249.96000000
2018-02-24 07:17:30,0.00038400,0.02000000
2018-02-24 07:17:30,0.00038400,78.10000000
2018-02-24 07:17:32,0.00038350,234.00000000
2018-02-24 07:17:32,0.00038340,956.74000000
2018-02-24 07:17:32,0.00038330,204.54000000
2018-02-24 07:17:32,0.00038300,500.20000000
2018-02-24 07:17:32,0.00038290,404.26000000
2018-02-24 07:17:32,0.00038280,18.70000000
2018-02-24 07:17:32,0.00038270,313.56000000
2018-02-24 07:17:32,0.00038230,31.61000000
2018-02-24 07:17:32,0.00038210,32.71000000
2018-02-24 07:17:32,0.00038200,13.08000000
2018-02-24 07:17:32,0.00038180,193.47000000
2018-02-24 07:17:36,0.00038340,7.82000000
2018-02-24 07:17:37,0.00038390,169.36000000
2018-02-24 07:17:38,0.00038380,11.14000000
2018-02-24 07:17:49,0.00038360,4.58000000
2018-02-24 07:17:49,0.00038360,229.40000000
2018-02-24 07:17:49,0.00038310,11.14000000
2018-02-24 07:17:49,0.00038300,53.48000000
2018-02-24 07:17:50,0.00038370,32.71000000
2018-02-24 07:17:58,0.00038390,42.42000000
2018-02-24 07:18:12,0.00038370,313.53000000
2018-02-24 07:18:21,0.00038360,88.29000000
2018-02-24 07:18:22,0.00038300,235.00000000
2018-02-24 07:18:23,0.00038300,78.23000000
2018-02-24 07:18:23,0.00038300,11.10000000
2018-02-24 07:18:23,0.00038300,11.10000000
2018-02-24 07:18:23,0.00038300,62.80000000
2018-02-24 07:18:23,0.00038300,106.15000000
2018-02-24 07:18:23,0.00038300,7.20000000
2018-02-24 07:18:25,0.00038300,2.62000000
2018-02-24 07:18:28,0.00038300,320.00000000
2018-02-24 07:18:30,0.00038300,265.80000000
2018-02-24 07:18:39,0.00038300,459.05000000
2018-02-24 07:18:48,0.00038250,211.78000000
2018-02-24 07:18:48,0.00038210,128.27000000
2018-02-24 07:18:48,0.00038200,159.95000000
2018-02-24 07:18:59,0.00038290,2.63000000
2018-02-24 07:19:05,0.00038250,176.56000000
2018-02-24 07:19:05,0.00038250,6.03000000
2018-02-24 07:19:12,0.00038250,50.00000000
2018-02-24 07:19:12,0.00038250,17.41000000
2018-02-24 07:19:12,0.00038250,50.00000000
2018-02-24 07:19:12,0.00038250,50.11000000
2018-02-24 07:19:12,0.00038220,17.41000000
2018-02-24 07:19:14,0.00038250,143.27000000
2018-02-24 07:19:19,0.00038250,10.00000000
2018-02-24 07:19:21,0.00038220,50.00000000
2018-02-24 07:19:31,0.00038250,48.00000000
2018-02-24 07:19:35,0.00038220,361.76000000
2018-02-24 07:19:40,0.00038250,448.62000000
2018-02-24 07:19:45,0.00038290,30.18000000
2018-02-24 07:19:49,0.00038260,14.40000000
2018-02-24 07:19:55,0.00038290,65.29000000
2018-02-24 07:19:55,0.00038320,5.71000000
2018-02-24 07:20:00,0.00038280,12.00000000
2018-02-24 07:20:01,0.00038280,78.35000000
2018-02-24 07:20:01,0.00038280,64.66000000
2018-02-24 07:20:02,0.00038280,10.88000000
2018-02-24 07:20:25,0.00038290,145.51000000
2018-02-24 07:20:27,0.00038290,500.00000000
2018-02-24 07:20:40,0.00038340,2.71000000
2018-02-24 07:20:51,0.00038330,34.53000000
2018-02-24 07:20:58,0.00038330,26.08000000
2018-02-24 07:20:59,0.00038330,168.39000000
2018-02-24 07:21:11,0.00038330,3.00000000
2018-02-24 07:21:16,0.00038330,224.25000000
2018-02-24 07:21:17,0.00038330,15.94000000
2018-02-24 07:21:19,0.00038330,235.08000000
2018-02-24 07:21:21,0.00038330,14.02000000
2018-02-24 07:21:33,0.00038330,23.48000000
2018-02-24 07:21:38,0.00038330,13.04000000
2018-02-24 07:21:54,0.00038320,4.00000000
2018-02-24 07:22:09,0.00038320,10.96000000
2018-02-24 07:22:12,0.00038320,15.00000000
2018-02-24 07:22:19,0.00038310,253.09000000
2018-02-24 07:22:29,0.00038320,13.17000000
2018-02-24 07:22:29,0.00038330,219.70000000
2018-02-24 07:22:29,0.00038330,32.28000000
2018-02-24 07:22:29,0.00038340,110.46000000
2018-02-24 07:22:29,0.00038370,52.90000000
2018-02-24 07:22:29,0.00038380,337.18000000
2018-02-24 07:22:29,0.00038390,64.00000000
2018-02-24 07:22:29,0.00038410,206.40000000
2018-02-24 07:22:29,0.00038430,49.24000000
2018-02-24 07:22:29,0.00038450,15.42000000
2018-02-24 07:22:29,0.00038460,2079.65000000
2018-02-24 07:22:29,0.00038460,218.95000000
2018-02-24 07:22:29,0.00038460,151.97000000
2018-02-24 07:22:29,0.00038460,18.28000000
2018-02-24 07:22:34,0.00038460,200.67000000
2018-02-24 07:22:36,0.00038460,77.98000000
2018-02-24 07:22:40,0.00038460,46.75000000
2018-02-24 07:22:40,0.00038460,46.95000000
2018-02-24 07:22:40,0.00038460,46.95000000
2018-02-24 07:22:41,0.00038460,9.16000000
2018-02-24 07:22:42,0.00038460,9.16000000
2018-02-24 07:22:50,0.00038390,255.57000000
2018-02-24 07:22:50,0.00038380,249.46000000
2018-02-24 07:22:56,0.00038400,3.19000000
2018-02-24 07:22:57,0.00038400,127.29000000
2018-02-24 07:22:57,0.00038390,16.00000000
2018-02-24 07:22:58,0.00038390,50.32000000
2018-02-24 07:22:59,0.00038380,8.56000000
2018-02-24 07:23:08,0.00038380,81.79000000
2018-02-24 07:23:12,0.00038370,64.26000000
2018-02-24 07:23:12,0.00038380,185.09000000
2018-02-24 07:23:21,0.00038380,153.00000000
2018-02-24 07:23:22,0.00038380,127.00000000
2018-02-24 07:23:28,0.00038360,6.35000000
2018-02-24 07:23:29,0.00038380,45.39000000
2018-02-24 07:23:31,0.00038370,252.00000000
2018-02-24 07:23:38,0.00038370,604.98000000
2018-02-24 07:23:47,0.00038380,13.03000000
2018-02-24 07:23:52,0.00038380,13.03000000
2018-02-24 07:23:56,0.00038370,21.92000000
2018-02-24 07:24:00,0.00038380,6.51000000
2018-02-24 07:24:05,0.00038380,44.37000000
2018-02-24 07:24:05,0.00038380,16.00000000
2018-02-24 07:24:06,0.00038370,21.33000000
2018-02-24 07:24:18,0.00038360,19.75000000
2018-02-24 07:24:20,0.00038370,13.04000000
2018-02-24 07:24:22,0.00038350,230.96000000
2018-02-24 07:24:31,0.00038330,86.04000000
2018-02-24 07:24:36,0.00038380,2.61000000
2018-02-24 07:24:48,0.00038380,229.23000000
2018-02-24 07:24:53,0.00038380,277.14000000
2018-02-24 07:25:04,0.00038380,55.00000000
2018-02-24 07:25:21,0.00038380,100.00000000
2018-02-24 07:25:26,0.00038390,23.14000000
2018-02-24 07:25:38,0.00038400,52.84000000
2018-02-24 07:25:43,0.00038400,12.51000000
2018-02-24 07:25:53,0.00038400,23.14000000
2018-02-24 07:26:01,0.00038400,23.89000000
2018-02-24 07:26:07,0.00038410,150.36000000
2018-02-24 07:26:27,0.00038440,5.00000000
2018-02-24 07:26:36,0.00038450,12.84000000
2018-02-24 07:26:37,0.00038450,15.00000000
2018-02-24 07:26:39,0.00038440,39.10000000
2018-02-24 07:26:51,0.00038440,83.83000000
2018-02-24 07:27:07,0.00038440,82.47000000
2018-02-24 07:27:14,0.00038440,31.64000000
2018-02-24 07:27:15,0.00038440,12.70000000
2018-02-24 07:27:16,0.00038410,122.00000000
2018-02-24 07:27:17,0.00038420,23.89000000
2018-02-24 07:27:20,0.00038440,3.00000000
2018-02-24 07:27:23,0.00038410,10.47000000
2018-02-24 07:27:27,0.00038410,88.49000000
2018-02-24 07:27:33,0.00038440,32.69000000
2018-02-24 07:27:41,0.00038440,24.00000000
2018-02-24 07:28:02,0.00038450,586.07000000
2018-02-24 07:28:07,0.00038450,0.13000000
2018-02-24 07:28:20,0.00038460,214.10000000
2018-02-24 07:28:23,0.00038460,76.54000000
2018-02-24 07:28:36,0.00038450,56.56000000
2018-02-24 07:28:52,0.00038450,20.92000000
2018-02-24 07:28:52,0.00038450,78.02000000
2018-02-24 07:28:52,0.00038460,44.45000000
2018-02-24 07:29:08,0.00038450,0.78000000
2018-02-24 07:29:20,0.00038450,78.02000000
2018-02-24 07:29:21,0.00038450,6.09000000
2018-02-24 07:29:22,0.00038450,6.75000000
2018-02-24 07:29:27,0.00038450,202.07000000
2018-02-24 07:29:58,0.00038440,616.43000000
2018-02-24 07:30:01,0.00038440,160.23000000
2018-02-24 07:30:12,0.00038440,748.32000000
2018-02-24 07:30:22,0.00038450,100.00000000
2018-02-24 07:30:23,0.00038440,245.89000000
2018-02-24 07:30:23,0.00038440,104.18000000
2018-02-24 07:30:24,0.00038440,11.46000000
2018-02-24 07:30:39,0.00038430,13.02000000
2018-02-24 07:30:42,0.00038430,173.45000000
2018-02-24 07:30:53,0.00038430,27.32000000
2018-02-24 07:30:55,0.00038430,13.02000000
2018-02-24 07:31:03,0.00038430,133.00000000
2018-02-24 07:31:11,0.00038440,660.91000000
2018-02-24 07:31:11,0.00038450,249.55000000
2018-02-24 07:31:11,0.00038450,205.95000000
2018-02-24 07:31:11,0.00038450,163.99000000
2018-02-24 07:31:11,0.00038450,78.44000000
2018-02-24 07:31:13,0.00038460,122.62000000
2018-02-24 07:31:14,0.00038430,4.70000000
2018-02-24 07:31:16,0.00038430,2.05000000
2018-02-24 07:31:17,0.00038460,66.91000000
2018-02-24 07:31:18,0.00038460,28.31000000
2018-02-24 07:31:18,0.00038470,20.00000000
2018-02-24 07:31:18,0.00038480,1000.00000000
2018-02-24 07:31:18,0.00038500,275.64000000
2018-02-24 07:31:23,0.00038460,26.04000000
2018-02-24 07:31:23,0.00038500,24.01000000
2018-02-24 07:31:24,0.00038430,91.22000000
2018-02-24 07:31:24,0.00038410,5.09000000
2018-02-24 07:31:28,0.00038500,12.56000000
2018-02-24 07:31:30,0.00038500,4.16000000
2018-02-24 07:31:32,0.00038500,92.00000000
2018-02-24 07:31:42,0.00038500,99.73000000
2018-02-24 07:31:51,0.00038500,76.11000000
2018-02-24 07:31:58,0.00038450,2.61000000
2018-02-24 07:32:21,0.00038520,10.00000000
2018-02-24 07:32:50,0.00038470,58.35000000
2018-02-24 07:32:50,0.00038470,278.85000000
2018-02-24 07:32:51,0.00038520,79.72000000
2018-02-24 07:33:03,0.00038490,4.36000000
2018-02-24 07:33:25,0.00038440,11.66000000
2018-02-24 07:33:25,0.00038470,3.18000000
2018-02-24 07:33:32,0.00038450,10.00000000
2018-02-24 07:33:38,0.00038410,13.02000000
2018-02-24 07:33:38,0.00038400,56.64000000
2018-02-24 07:33:38,0.00038380,29.95000000
2018-02-24 07:33:38,0.00038340,399.89000000
2018-02-24 07:33:49,0.00038380,17.01000000
2018-02-24 07:33:50,0.00038380,7.16000000
2018-02-24 07:33:51,0.00038380,26.12000000
2018-02-24 07:33:52,0.00038370,39.07000000
2018-02-24 07:33:52,0.00038390,203.08000000
2018-02-24 07:34:07,0.00038380,28.71000000
2018-02-24 07:34:15,0.00038370,147.35000000
2018-02-24 07:34:24,0.00038350,2.61000000
2018-02-24 07:34:24,0.00038360,155.00000000
2018-02-24 07:34:24,0.00038370,120.00000000
2018-02-24 07:34:28,0.00038370,256.89000000
2018-02-24 07:34:28,0.00038370,98.82000000
2018-02-24 07:34:28,0.00038380,89.97000000
2018-02-24 07:34:28,0.00038390,119.19000000
2018-02-24 07:34:28,0.00038440,7.50000000
2018-02-24 07:34:28,0.00038530,256.66000000
2018-02-24 07:34:28,0.00038540,26.68000000
2018-02-24 07:34:28,0.00038530,174.63000000
2018-02-24 07:34:28,0.00038530,78.46000000
2018-02-24 07:34:28,0.00038350,218.01000000
2018-02-24 07:34:28,0.00038340,10.00000000
2018-02-24 07:34:28,0.00038330,19.86000000
2018-02-24 07:34:28,0.00038300,5.09000000
2018-02-24 07:34:30,0.00038370,10.36000000
2018-02-24 07:34:43,0.00038390,78.13000000
2018-02-24 07:34:43,0.00038390,51.41000000
2018-02-24 07:34:43,0.00038400,8.68000000
2018-02-24 07:34:51,0.00038380,13.03000000
2018-02-24 07:34:52,0.00038370,8.68000000
2018-02-24 07:34:56,0.00038380,13.03000000
2018-02-24 07:35:07,0.00038370,46.46000000
2018-02-24 07:35:07,0.00038360,80.01000000
2018-02-24 07:35:11,0.00038360,39.18000000
2018-02-24 07:35:11,0.00038320,150.53000000
2018-02-24 07:35:11,0.00038380,50.00000000
2018-02-24 07:35:12,0.00038360,13.04000000
2018-02-24 07:35:14,0.00038340,40.44000000
2018-02-24 07:35:14,0.00038320,299.45000000
2018-02-24 07:35:15,0.00038320,78.19000000
2018-02-24 07:35:15,0.00038320,144.21000000
2018-02-24 07:35:15,0.00038320,78.19000000
2018-02-24 07:35:15,0.00038320,78.20000000
2018-02-24 07:35:15,0.00038320,153.83000000
2018-02-24 07:35:15,0.00038320,78.20000000
2018-02-24 07:35:22,0.00038310,2.62000000
2018-02-24 07:35:26,0.00038350,5.70000000
2018-02-24 07:35:38,0.00038350,26.95000000
2018-02-24 07:35:42,0.00038350,114.55000000
2018-02-24 07:35:56,0.00038340,468.36000000
2018-02-24 07:35:56,0.00038350,4.00000000
2018-02-24 07:35:56,0.00038350,78.22000000
2018-02-24 07:35:56,0.00038350,53.81000000
2018-02-24 07:35:57,0.00038350,71.40000000
2018-02-24 07:35:57,0.00038320,928.85000000
2018-02-24 07:35:57,0.00038310,433.75000000
2018-02-24 07:35:57,0.00038290,601.59000000
2018-02-24 07:35:57,0.00038280,751.44000000
2018-02-24 07:35:57,0.00038260,26.04000000
2018-02-24 07:35:57,0.00038250,729.39000000
2018-02-24 07:36:10,0.00038260,2.62000000
2018-02-24 07:36:26,0.00038360,4.16000000
2018-02-24 07:36:29,0.00038280,240.94000000
2018-02-24 07:36:35,0.00038350,13.04000000
2018-02-24 07:37:01,0.00038300,2.62000000
2018-02-24 07:37:15,0.00038330,14.64000000
2018-02-24 07:37:27,0.00038300,39.10000000
2018-02-24 07:37:32,0.00038310,215.88000000
2018-02-24 07:37:32,0.00038350,762.67000000
2018-02-24 07:37:32,0.00038360,122.78000000
2018-02-24 07:37:32,0.00038390,193.67000000
2018-02-24 07:37:34,0.00038340,78.23000000
2018-02-24 07:37:34,0.00038340,26.87000000
2018-02-24 07:37:42,0.00038390,3.51000000
2018-02-24 07:37:53,0.00038350,47.53000000
2018-02-24 07:38:02,0.00038350,3.15000000
2018-02-24 07:38:04,0.00038350,77.20000000
2018-02-24 07:38:12,0.00038340,214.10000000
2018-02-24 07:38:14,0.00038350,180.00000000
2018-02-24 07:38:19,0.00038340,6.75000000
2018-02-24 07:38:25,0.00038350,13.04000000
2018-02-24 07:38:33,0.00038340,120.00000000
2018-02-24 07:38:35,0.00038340,122.75000000
2018-02-24 07:38:35,0.00038310,511.09000000
2018-02-24 07:38:40,0.00038350,175.25000000
2018-02-24 07:38:47,0.00038340,327.35000000
2018-02-24 07:38:49,0.00038340,38.54000000
2018-02-24 07:38:49,0.00038350,51.93000000
2018-02-24 07:38:53,0.00038340,9.00000000
2018-02-24 07:38:55,0.00038340,270.24000000
2018-02-24 07:39:29,0.00038350,0.18000000
2018-02-24 07:39:32,0.00038340,415.92000000
2018-02-24 07:39:32,0.00038320,496.53000000
2018-02-24 07:39:32,0.00038310,107.55000000
2018-02-24 07:39:33,0.00038350,0.66000000
2018-02-24 07:39:45,0.00038350,24.06000000
2018-02-24 07:39:47,0.00038350,8.00000000
2018-02-24 07:39:50,0.00038330,339.81000000
2018-02-24 07:39:50,0.00038320,660.19000000
2018-02-24 07:40:00,0.00038320,2.36000000
2018-02-24 07:40:27,0.00038350,87.98000000
2018-02-24 07:40:27,0.00038350,87.98000000
2018-02-24 07:40:27,0.00038350,88.15000000
2018-02-24 07:40:30,0.00038330,223.15000000
2018-02-24 07:40:30,0.00038320,2276.10000000
2018-02-24 07:40:39,0.00038320,0.03000000
2018-02-24 07:41:01,0.00038340,32.00000000
2018-02-24 07:41:10,0.00038340,26.10000000
2018-02-24 07:41:13,0.00038330,12.63000000
2018-02-24 07:41:18,0.00038330,35.90000000
2018-02-24 07:41:21,0.00038330,6.52000000
2018-02-24 07:41:23,0.00038330,18.23000000
2018-02-24 07:41:23,0.00038330,18.23000000
2018-02-24 07:41:23,0.00038320,18.22000000
2018-02-24 07:41:24,0.00038330,175.41000000
2018-02-24 07:41:24,0.00038320,77.37000000
2018-02-24 07:41:32,0.00038320,446.00000000
2018-02-24 07:41:52,0.00038320,13.04000000
2018-02-24 07:41:56,0.00038320,28.78000000
2018-02-24 07:42:11,0.00038320,10.00000000
2018-02-24 07:42:11,0.00038330,1514.15000000
2018-02-24 07:42:17,0.00038340,49.02000000
2018-02-24 07:42:17,0.00038350,32.17000000
2018-02-24 07:42:17,0.00038390,1.81000000
2018-02-24 07:42:33,0.00038390,58.98000000
2018-02-24 07:42:34,0.00038390,11.72000000
2018-02-24 07:42:35,0.00038330,15.00000000
2018-02-24 07:44:28,0.00038330,75.00000000
2018-02-24 07:44:28,0.00038390,22.40000000
2018-02-24 07:44:59,0.00038390,21.00000000
2018-02-24 07:44:59,0.00038330,10.00000000
2018-02-24 07:45:09,0.00038390,510.00000000
2018-02-24 07:45:13,0.00038330,81.27000000
2018-02-24 07:45:14,0.00038370,17.46000000
2018-02-24 07:45:14,0.00038390,192.01000000
2018-02-24 07:45:14,0.00038330,83.60000000
2018-02-24 07:45:18,0.00038330,502.42000000
2018-02-24 07:45:28,0.00038390,32.76000000
2018-02-24 07:45:32,0.00038440,633.00000000
2018-02-24 07:45:41,0.00038440,96.28000000
2018-02-24 07:45:43,0.00038360,259.86000000
2018-02-24 07:45:43,0.00038340,78.14000000
2018-02-24 07:45:53,0.00038390,50.81000000
2018-02-24 07:46:05,0.00038360,13.03000000
2018-02-24 07:46:16,0.00038360,50.00000000
2018-02-24 07:46:17,0.00038340,21.86000000
2018-02-24 07:46:18,0.00038330,129.93000000
2018-02-24 07:46:18,0.00038330,66.90000000
2018-02-24 07:46:23,0.00038340,6.54000000
2018-02-24 07:46:26,0.00038340,26.10000000
2018-02-24 07:46:38,0.00038330,2.61000000
2018-02-24 07:46:41,0.00038330,430.68000000
2018-02-24 07:46:44,0.00038340,93.62000000
2018-02-24 07:46:54,0.00038330,432.74000000
2018-02-24 07:46:54,0.00038320,47.90000000
2018-02-24 07:47:23,0.00038320,10.47000000
2018-02-24 07:47:30,0.00038320,369.51000000
2018-02-24 07:47:41,0.00038320,80.00000000
2018-02-24 07:47:43,0.00038320,1118.02000000
2018-02-24 07:48:25,0.00038340,0.01000000
2018-02-24 07:48:25,0.00038450,339.81000000
2018-02-24 07:48:25,0.00038450,13.03000000
2018-02-24 07:48:25,0.00038450,47.14000000
2018-02-24 07:48:27,0.00038450,0.01000000
2018-02-24 07:48:27,0.00038340,7.82000000
2018-02-24 07:48:27,0.00038330,125.71000000
2018-02-24 07:48:31,0.00038410,15.00000000
2018-02-24 07:48:31,0.00038420,21.54000000
2018-02-24 07:48:38,0.00038420,4.69000000
2018-02-24 07:49:29,0.00038400,165.19000000
2018-02-24 07:49:34,0.00038400,73.12000000
2018-02-24 07:49:46,0.00038400,6.00000000
2018-02-24 07:49:55,0.00038360,15.00000000
2018-02-24 07:49:55,0.00038350,44.50000000
2018-02-24 07:49:55,0.00038330,239.67000000
2018-02-24 07:49:55,0.00038320,337.49000000
2018-02-24 07:49:55,0.00038310,284.02000000
2018-02-24 07:50:05,0.00038340,15.00000000
2018-02-24 07:50:05,0.00038330,258.63000000
2018-02-24 07:50:05,0.00038320,217.00000000
2018-02-24 07:50:05,0.00038310,10.66000000
2018-02-24 07:50:05,0.00038300,10.62000000
2018-02-24 07:50:05,0.00038290,10.25000000
2018-02-24 07:50:05,0.00038290,2.19000000
2018-02-24 07:50:35,0.00038310,15.00000000
2018-02-24 07:50:35,0.00038310,102.46000000
2018-02-24 07:50:35,0.00038310,26.85000000
2018-02-24 07:50:36,0.00038310,78.25000000
2018-02-24 07:50:36,0.00038310,46.46000000
2018-02-24 07:50:43,0.00038310,4.61000000
2018-02-24 07:50:43,0.00038320,316.86000000
2018-02-24 07:50:46,0.00038320,107.04000000
2018-02-24 07:51:15,0.00038310,133.79000000
2018-02-24 07:51:15,0.00038300,16.50000000
2018-02-24 07:51:15,0.00038290,8.09000000
2018-02-24 07:51:26,0.00038290,341.12000000
2018-02-24 07:51:27,0.00038290,2.62000000
2018-02-24 07:51:33,0.00038290,68.98000000
2018-02-24 07:51:36,0.00038290,3.00000000
2018-02-24 07:51:49,0.00038320,45.00000000
2018-02-24 07:52:08,0.00038290,90.83000000
2018-02-24 07:52:46,0.00038290,196.71000000
2018-02-24 07:52:51,0.00038290,296.74000000
2018-02-24 07:52:53,0.00038290,20.00000000
2018-02-24 07:52:55,0.00038290,1936.54000000
2018-02-24 07:53:07,0.00038320,83.25000000
2018-02-24 07:53:19,0.00038320,11.64000000
2018-02-24 07:53:21,0.00038320,186.21000000
2018-02-24 07:53:21,0.00038390,750.00000000
2018-02-24 07:53:21,0.00038420,24.97000000
2018-02-24 07:53:21,0.00038440,127.81000000
2018-02-24 07:53:21,0.00038450,45.27000000
2018-02-24 07:53:21,0.00038450,174.67000000
2018-02-24 07:53:21,0.00038450,61.43000000
2018-02-24 07:53:21,0.00038450,124.17000000
2018-02-24 07:53:21,0.00038450,90.53000000
2018-02-24 07:53:21,0.00038450,26.09000000
2018-02-24 07:53:21,0.00038450,26.09000000
2018-02-24 07:53:21,0.00038450,240.54000000
2018-02-24 07:53:22,0.00038300,31.92000000
2018-02-24 07:53:27,0.00038450,7.80000000
2018-02-24 07:53:43,0.00038450,11.87000000
2018-02-24 07:53:47,0.00038410,83.12000000
2018-02-24 07:53:53,0.00038460,222.25000000
2018-02-24 07:53:53,0.00038460,39.75000000
2018-02-24 07:53:53,0.00038460,78.00000000
2018-02-24 07:53:53,0.00038460,60.00000000
2018-02-24 07:53:53,0.00038410,59.99000000
2018-02-24 07:53:55,0.00038460,3.12000000
2018-02-24 07:53:55,0.00038460,5.20000000
2018-02-24 07:53:57,0.00038410,2.64000000
2018-02-24 07:54:04,0.00038410,78.09000000
2018-02-24 07:54:04,0.00038410,52.75000000
2018-02-24 07:54:05,0.00038410,31.30000000
2018-02-24 07:54:07,0.00038410,97.25000000
2018-02-24 07:54:15,0.00038410,110.68000000
2018-02-24 07:54:15,0.00038410,230.46000000
2018-02-24 07:54:34,0.00038410,0.01000000
2018-02-24 07:54:37,0.00038400,74.98000000
2018-02-24 07:54:52,0.00038400,46.60000000
2018-02-24 07:54:56,0.00038400,13.03000000
2018-02-24 07:54:56,0.00038400,78.12000000
2018-02-24 07:55:03,0.00038400,78.12000000
2018-02-24 07:55:04,0.00038400,78.12000000
2018-02-24 07:55:04,0.00038400,64.54000000
2018-02-24 07:55:04,0.00038400,78.12000000
2018-02-24 07:55:05,0.00038400,14.50000000
2018-02-24 07:55:08,0.00038400,28.72000000
2018-02-24 07:55:09,0.00038400,26.16000000
2018-02-24 07:55:09,0.00038400,78.12000000
2018-02-24 07:55:10,0.00038400,78.12000000
2018-02-24 07:55:11,0.00038400,7.98000000
2018-02-24 07:55:14,0.00038350,15.00000000
2018-02-24 07:55:14,0.00038340,20.00000000
2018-02-24 07:55:14,0.00038330,30.02000000
2018-02-24 07:55:18,0.00038320,7.50000000
2018-02-24 07:55:18,0.00038310,28.80000000
2018-02-24 07:55:18,0.00038300,48.03000000
2018-02-24 07:55:29,0.00038310,127.71000000
2018-02-24 07:55:29,0.00038300,135.16000000
2018-02-24 07:55:42,0.00038300,17.47000000
2018-02-24 07:55:45,0.00038360,15.00000000
2018-02-24 07:55:45,0.00038370,7.50000000
2018-02-24 07:55:45,0.00038410,39.13000000
2018-02-24 07:55:45,0.00038420,39.12000000
2018-02-24 07:55:45,0.00038430,339.81000000
2018-02-24 07:55:45,0.00038430,6.77000000
2018-02-24 07:55:45,0.00038430,6.78000000
2018-02-24 07:55:45,0.00038430,6.78000000
2018-02-24 07:55:45,0.00038440,30.02000000
2018-02-24 07:55:45,0.00038440,30.02000000
2018-02-24 07:55:47,0.00038440,93.34000000
2018-02-24 07:55:47,0.00038440,78.04000000
2018-02-24 07:55:47,0.00038440,78.04000000
2018-02-24 07:55:47,0.00038440,30.35000000
2018-02-24 07:55:47,0.00038430,78.06000000
2018-02-24 07:55:47,0.00038430,79.61000000
2018-02-24 07:55:47,0.00038430,78.05000000
2018-02-24 07:55:47,0.00038430,78.04000000
2018-02-24 07:55:47,0.00038430,78.06000000
2018-02-24 07:55:47,0.00038430,36.64000000
2018-02-24 07:55:48,0.00038430,78.05000000
2018-02-24 07:55:48,0.00038430,78.06000000
2018-02-24 07:55:48,0.00038430,78.06000000
2018-02-24 07:55:48,0.00038430,78.05000000
2018-02-24 07:55:48,0.00038430,78.06000000
2018-02-24 07:55:48,0.00038430,78.06000000
2018-02-24 07:55:48,0.00038430,78.05000000
2018-02-24 07:55:48,0.00038430,1000.00000000
2018-02-24 07:55:48,0.00038430,78.06000000
2018-02-24 07:55:48,0.00038430,78.06000000
2018-02-24 07:55:49,0.00038430,78.06000000
2018-02-24 07:55:49,0.00038430,78.06000000
2018-02-24 07:55:49,0.00038430,78.06000000
2018-02-24 07:55:49,0.00038430,78.06000000
2018-02-24 07:55:49,0.00038430,78.05000000
2018-02-24 07:55:49,0.00038430,78.06000000
2018-02-24 07:55:49,0.00038430,87.20000000
2018-02-24 07:55:50,0.00038430,4.57000000
2018-02-24 07:55:50,0.00038430,78.06000000
2018-02-24 07:55:50,0.00038430,78.06000000
2018-02-24 07:55:51,0.00038430,32.21000000
2018-02-24 07:55:51,0.00038430,78.06000000
2018-02-24 07:55:51,0.00038430,78.06000000
2018-02-24 07:55:51,0.00038430,78.05000000
2018-02-24 07:55:51,0.00038430,105.75000000
2018-02-24 07:55:51,0.00038430,78.06000000
2018-02-24 07:55:51,0.00038430,78.06000000
2018-02-24 07:55:51,0.00038430,78.06000000
2018-02-24 07:55:51,0.00038430,78.06000000
2018-02-24 07:55:51,0.00038430,78.06000000
2018-02-24 07:55:52,0.00038430,78.06000000
2018-02-24 07:55:52,0.00038430,78.06000000
2018-02-24 07:55:52,0.00038430,78.06000000
2018-02-24 07:55:52,0.00038430,7.27000000
2018-02-24 07:56:01,0.00038430,50.00000000
2018-02-24 07:56:30,0.00038340,20.61000000
2018-02-24 07:56:54,0.00038340,9.39000000
2018-02-24 07:56:54,0.00038340,78.11000000
2018-02-24 07:56:54,0.00038340,28.06000000
2018-02-24 07:56:54,0.00038340,28.05000000
2018-02-24 07:56:59,0.00038330,20.00000000
2018-02-24 07:56:59,0.00038320,4.06000000
2018-02-24 07:57:00,0.00038330,28.05000000
2018-02-24 07:57:00,0.00038340,66.36000000
2018-02-24 07:57:12,0.00038340,48.33000000
2018-02-24 07:57:39,0.00038380,0.03000000
2018-02-24 07:57:43,0.00038340,83.60000000
2018-02-24 07:57:43,0.00038340,14.97000000
2018-02-24 07:57:44,0.00038340,46.70000000
2018-02-24 07:57:48,0.00038340,76.15000000
2018-02-24 07:57:58,0.00038340,6.78000000
2018-02-24 07:58:11,0.00038350,50.00000000
2018-02-24 07:58:25,0.00038340,26.12000000
2018-02-24 07:58:26,0.00038340,78.81000000
2018-02-24 07:58:28,0.00038340,130.72000000
2018-02-24 07:58:35,0.00038390,17.00000000
2018-02-24 07:58:39,0.00038390,295.02000000
2018-02-24 07:58:46,0.00038350,6.75000000
2018-02-24 07:59:21,0.00038350,5.00000000
2018-02-24 07:59:22,0.00038350,3.00000000
2018-02-24 07:59:24,0.00038350,13.11000000
2018-02-24 07:59:28,0.00038350,496.29000000
2018-02-24 07:59:30,0.00038380,26.07000000
2018-02-24 07:59:33,0.00038380,10.00000000
2018-02-24 07:59:39,0.00038350,3.71000000
2018-02-24 07:59:42,0.00038350,2.00000000
2018-02-24 07:59:43,0.00038350,48.47000000
2018-02-24 07:59:43,0.00038380,303.74000000
2018-02-24 07:59:43,0.00038380,78.15000000
2018-02-24 07:59:43,0.00038380,68.02000000
2018-02-24 07:59:57,0.00038380,1.62000000
2018-02-24 07:59:58,0.00038350,4.82000000
