DATE,PRICE,VOLUME
2018-02-22 14:00:03,0.00037720,17.10000000
2018-02-22 14:00:04,0.00037740,15.00000000
2018-02-22 14:00:06,0.00037740,3.03000000
2018-02-22 14:00:06,0.00037720,13.73000000
2018-02-22 14:00:07,0.00037720,35.95000000
2018-02-22 14:00:07,0.00037740,2.28000000
2018-02-22 14:00:09,0.00037740,0.76000000
2018-02-22 14:00:10,0.00037670,31.59000000
2018-02-22 14:00:15,0.00037680,26.53000000
2018-02-22 14:00:15,0.00037670,155.09000000
2018-02-22 14:00:15,0.00037710,36.33000000
2018-02-22 14:00:15,0.00037720,200.20000000
2018-02-22 14:00:16,0.00037700,79.53000000
2018-02-22 14:00:16,0.00037670,33.44000000
2018-02-22 14:00:17,0.00037690,33.44000000
2018-02-22 14:00:20,0.00037690,10.72000000
2018-02-22 14:00:21,0.00037690,64.28000000
2018-02-22 14:00:21,0.00037700,853.66000000
2018-02-22 14:00:21,0.00037700,605.54000000
2018-02-22 14:00:21,0.00037700,374.06000000
2018-02-22 14:00:21,0.00037700,222.06000000
2018-02-22 14:00:21,0.00037700,125.94000000
2018-02-22 14:00:21,0.00037700,287.00000000
2018-02-22 14:00:21,0.00037680,26.79000000
2018-02-22 14:00:22,0.00037690,25.85000000
2018-02-22 14:00:23,0.00037700,339.89000000
2018-02-22 14:00:27,0.00037740,778.01000000
2018-02-22 14:00:31,0.00037720,29.48000000
2018-02-22 14:00:31,0.00037740,164.31000000
2018-02-22 14:00:31,0.00037740,79.48000000
2018-02-22 14:00:31,0.00037740,6.09000000
2018-02-22 14:00:34,0.00037740,175.34000000
2018-02-22 14:00:36,0.00037740,16.18000000
2018-02-22 14:00:38,0.00037740,55.31000000
2018-02-22 14:00:48,0.00037770,53.19000000
2018-02-22 14:00:48,0.00037780,206.18000000
2018-02-22 14:00:49,0.00037750,34.00000000
2018-02-22 14:00:49,0.00037750,32.00000000
2018-02-22 14:00:57,0.00037780,430.19000000
2018-02-22 14:00:57,0.00037850,196.30000000
2018-02-22 14:00:57,0.00037860,45.13000000
2018-02-22 14:00:57,0.00037880,535.30000000
2018-02-22 14:00:57,0.00037890,719.81000000
2018-02-22 14:00:57,0.00037900,2047.37000000
2018-02-22 14:00:57,0.00037930,50.00000000
2018-02-22 14:00:57,0.00037950,318.67000000
2018-02-22 14:00:57,0.00037960,1300.00000000
2018-02-22 14:00:57,0.00037980,249.08000000
2018-02-22 14:00:57,0.00037990,560.52000000
2018-02-22 14:00:57,0.00038000,2171.37000000
2018-02-22 14:00:57,0.00038010,83.95000000
2018-02-22 14:00:57,0.00038100,542.37000000
2018-02-22 14:00:57,0.00038120,7.40000000
2018-02-22 14:00:57,0.00038140,742.54000000
2018-02-22 14:00:58,0.00037820,8.52000000
2018-02-22 14:00:59,0.00037840,15.00000000
2018-02-22 14:00:59,0.00037850,79.28000000
2018-02-22 14:00:59,0.00037850,72.18000000
2018-02-22 14:01:00,0.00037850,41.37000000
2018-02-22 14:01:00,0.00037870,5.76000000
2018-02-22 14:01:01,0.00037890,5.83000000
2018-02-22 14:01:02,0.00037910,10.59000000
2018-02-22 14:01:02,0.00037910,15.78000000
2018-02-22 14:01:02,0.00037900,39.00000000
2018-02-22 14:01:02,0.00037900,12.35000000
2018-02-22 14:01:02,0.00037920,15.78000000
2018-02-22 14:01:02,0.00037920,38.00000000
2018-02-22 14:01:02,0.00038130,30.00000000
2018-02-22 14:01:02,0.00038140,390.61000000
2018-02-22 14:01:02,0.00038150,26.11000000
2018-02-22 14:01:02,0.00038250,21.74000000
2018-02-22 14:01:02,0.00038270,3667.56000000
2018-02-22 14:01:02,0.00038290,200.00000000
2018-02-22 14:01:02,0.00038300,462.94000000
2018-02-22 14:01:02,0.00038310,1698.41000000
2018-02-22 14:01:02,0.00038320,3502.63000000
2018-02-22 14:01:02,0.00037910,79.12000000
2018-02-22 14:01:03,0.00037910,7.23000000
2018-02-22 14:01:03,0.00037930,6.57000000
2018-02-22 14:01:03,0.00037920,10.75000000
2018-02-22 14:01:03,0.00037920,6.57000000
2018-02-22 14:01:04,0.00037930,12.30000000
2018-02-22 14:01:04,0.00037940,12.68000000
2018-02-22 14:01:04,0.00037930,111.52000000
2018-02-22 14:01:04,0.00037940,24.08000000
2018-02-22 14:01:06,0.00037950,6.85000000
2018-02-22 14:01:06,0.00037950,14.85000000
2018-02-22 14:01:07,0.00038210,303.72000000
2018-02-22 14:01:07,0.00038220,116.35000000
2018-02-22 14:01:07,0.00038240,138.16000000
2018-02-22 14:01:07,0.00038260,20.00000000
2018-02-22 14:01:07,0.00038280,89.27000000
2018-02-22 14:01:07,0.00038310,1605.90000000
2018-02-22 14:01:07,0.00038320,6392.69000000
2018-02-22 14:01:07,0.00038350,19.21000000
2018-02-22 14:01:07,0.00038370,1314.70000000
2018-02-22 14:01:07,0.00037960,5.77000000
2018-02-22 14:01:07,0.00038220,15.00000000
2018-02-22 14:01:07,0.00037970,0.37000000
2018-02-22 14:01:08,0.00037990,9.00000000
2018-02-22 14:01:08,0.00037990,39.63000000
2018-02-22 14:01:08,0.00037990,77.45000000
2018-02-22 14:01:09,0.00038010,78.92000000
2018-02-22 14:01:09,0.00038010,16.46000000
2018-02-22 14:01:09,0.00038010,4.88000000
2018-02-22 14:01:09,0.00038010,78.92000000
2018-02-22 14:01:09,0.00038020,26.29000000
2018-02-22 14:01:09,0.00038030,15.00000000
2018-02-22 14:01:09,0.00038030,196.41000000
2018-02-22 14:01:09,0.00038040,35.54000000
2018-02-22 14:01:09,0.00038030,96.04000000
2018-02-22 14:01:09,0.00038030,78.88000000
2018-02-22 14:01:09,0.00038030,202.44000000
2018-02-22 14:01:09,0.00038020,0.01000000
2018-02-22 14:01:09,0.00038000,0.21000000
2018-02-22 14:01:09,0.00038000,28.93000000
2018-02-22 14:01:09,0.00038000,217.85000000
2018-02-22 14:01:09,0.00037960,63.67000000
2018-02-22 14:01:09,0.00038030,134.01000000
2018-02-22 14:01:10,0.00037960,78.88000000
2018-02-22 14:01:10,0.00037960,15.00000000
2018-02-22 14:01:11,0.00038000,341.17000000
2018-02-22 14:01:11,0.00038010,32.87000000
2018-02-22 14:01:11,0.00038020,134.01000000
2018-02-22 14:01:11,0.00038030,259.20000000
2018-02-22 14:01:11,0.00038220,179.60000000
2018-02-22 14:01:11,0.00038360,1418.31000000
2018-02-22 14:01:11,0.00038370,1334.50000000
2018-02-22 14:01:11,0.00038380,1526.03000000
2018-02-22 14:01:11,0.00038390,147.22000000
2018-02-22 14:01:11,0.00038400,1822.18000000
2018-02-22 14:01:11,0.00038430,23.33000000
2018-02-22 14:01:11,0.00038490,2211.10000000
2018-02-22 14:01:11,0.00038500,570.48000000
2018-02-22 14:01:12,0.00038080,157.55000000
2018-02-22 14:01:12,0.00038500,7.45000000
2018-02-22 14:01:12,0.00037990,3.00000000
2018-02-22 14:01:13,0.00038030,5.76000000
2018-02-22 14:01:13,0.00038070,5.77000000
2018-02-22 14:01:13,0.00038500,246.92000000
2018-02-22 14:01:13,0.00038060,5.76000000
2018-02-22 14:01:14,0.00038070,10.00000000
2018-02-22 14:01:14,0.00038090,78.76000000
2018-02-22 14:01:14,0.00038090,147.10000000
2018-02-22 14:01:14,0.00038090,36.94000000
2018-02-22 14:01:15,0.00038090,26.25000000
2018-02-22 14:01:15,0.00038100,78.73000000
2018-02-22 14:01:15,0.00038100,55.28000000
2018-02-22 14:01:15,0.00038080,36.29000000
2018-02-22 14:01:16,0.00038440,272.80000000
2018-02-22 14:01:16,0.00038450,42.46000000
2018-02-22 14:01:16,0.00038500,1281.44000000
2018-02-22 14:01:16,0.00038510,10.71000000
2018-02-22 14:01:16,0.00038520,451.00000000
2018-02-22 14:01:16,0.00038540,485.09000000
2018-02-22 14:01:16,0.00038570,107.42000000
2018-02-22 14:01:16,0.00038580,1837.00000000
2018-02-22 14:01:16,0.00038590,589.86000000
2018-02-22 14:01:16,0.00038600,197.94000000
2018-02-22 14:01:16,0.00038620,320.91000000
2018-02-22 14:01:16,0.00038640,52.61000000
2018-02-22 14:01:16,0.00038650,52.30000000
2018-02-22 14:01:16,0.00038660,4298.46000000
2018-02-22 14:01:16,0.00038090,13.20000000
2018-02-22 14:01:17,0.00038110,9.40000000
2018-02-22 14:01:17,0.00038110,12.28000000
2018-02-22 14:01:17,0.00038110,17.25000000
2018-02-22 14:01:19,0.00038110,5.76000000
2018-02-22 14:01:19,0.00038100,78.73000000
2018-02-22 14:01:19,0.00038180,38.93000000
2018-02-22 14:01:19,0.00038190,39.25000000
2018-02-22 14:01:19,0.00038120,45.58000000
2018-02-22 14:01:20,0.00038120,9.61000000
2018-02-22 14:01:20,0.00038120,67.80000000
2018-02-22 14:01:20,0.00038120,59.72000000
2018-02-22 14:01:21,0.00038190,316.72000000
2018-02-22 14:01:21,0.00038200,246.99000000
2018-02-22 14:01:21,0.00038130,12.28000000
2018-02-22 14:01:22,0.00038200,100.00000000
2018-02-22 14:01:22,0.00038200,1990.00000000
2018-02-22 14:01:22,0.00038220,83.85000000
2018-02-22 14:01:22,0.00038250,13.75000000
2018-02-22 14:01:22,0.00038400,236.53000000
2018-02-22 14:01:22,0.00038460,61.00000000
2018-02-22 14:01:22,0.00038650,663.00000000
2018-02-22 14:01:22,0.00038660,6052.15000000
2018-02-22 14:01:24,0.00038210,5.00000000
2018-02-22 14:01:26,0.00038230,89.34000000
2018-02-22 14:01:27,0.00038270,78.38000000
2018-02-22 14:01:27,0.00038270,73.88000000
2018-02-22 14:01:29,0.00038290,26.00000000
2018-02-22 14:01:29,0.00038400,15.00000000
2018-02-22 14:01:29,0.00038410,131.28000000
2018-02-22 14:01:29,0.00038460,23.16000000
2018-02-22 14:01:29,0.00038600,78.76000000
2018-02-22 14:01:29,0.00038620,139.75000000
2018-02-22 14:01:29,0.00038650,843.31000000
2018-02-22 14:01:29,0.00038660,963.60000000
2018-02-22 14:01:31,0.00038320,15.00000000
2018-02-22 14:01:31,0.00038330,4.50000000
2018-02-22 14:01:31,0.00038310,4.50000000
2018-02-22 14:01:31,0.00038310,4.50000000
2018-02-22 14:01:32,0.00038310,13.60000000
2018-02-22 14:01:32,0.00038340,17.08000000
2018-02-22 14:01:32,0.00038330,0.01000000
2018-02-22 14:01:33,0.00038330,18.54000000
2018-02-22 14:01:33,0.00038330,45.07000000
2018-02-22 14:01:34,0.00038340,28.24000000
2018-02-22 14:01:35,0.00038540,15.00000000
2018-02-22 14:01:35,0.00038560,28.25000000
2018-02-22 14:01:35,0.00038580,39.68000000
2018-02-22 14:01:35,0.00038650,1064.02000000
2018-02-22 14:01:36,0.00038530,0.50000000
2018-02-22 14:01:37,0.00038390,238.00000000
2018-02-22 14:01:37,0.00038380,26.05000000
2018-02-22 14:01:37,0.00038370,259.51000000
2018-02-22 14:01:37,0.00038350,232.45000000
2018-02-22 14:01:37,0.00038350,131.11000000
2018-02-22 14:01:37,0.00038340,72.20000000
2018-02-22 14:01:37,0.00038320,2.65000000
2018-02-22 14:01:38,0.00038320,25.94000000
2018-02-22 14:01:38,0.00038320,189.40000000
2018-02-22 14:01:38,0.00038330,131.11000000
2018-02-22 14:01:38,0.00038350,51.34000000
2018-02-22 14:01:38,0.00038350,843.85000000
2018-02-22 14:01:38,0.00038350,527.24000000
2018-02-22 14:01:40,0.00038350,179.05000000
2018-02-22 14:01:42,0.00038350,11.66000000
2018-02-22 14:01:42,0.00038320,11.28000000
2018-02-22 14:01:43,0.00038350,6.52000000
2018-02-22 14:01:43,0.00038260,53.00000000
2018-02-22 14:01:43,0.00038240,84.61000000
2018-02-22 14:01:44,0.00038260,23.68000000
2018-02-22 14:01:44,0.00038260,24.85000000
2018-02-22 14:01:44,0.00038260,28.92000000
2018-02-22 14:01:44,0.00038250,104.76000000
2018-02-22 14:01:44,0.00038250,8.00000000
2018-02-22 14:01:44,0.00038250,72.12000000
2018-02-22 14:01:44,0.00038240,2.88000000
2018-02-22 14:01:44,0.00038230,46.50000000
2018-02-22 14:01:44,0.00038330,63.62000000
2018-02-22 14:01:44,0.00038340,13.02000000
2018-02-22 14:01:46,0.00038320,13.03000000
2018-02-22 14:01:46,0.00038330,393.44000000
2018-02-22 14:01:46,0.00038350,4.25000000
2018-02-22 14:01:46,0.00038230,38.26000000
2018-02-22 14:01:46,0.00038230,11.44000000
2018-02-22 14:01:47,0.00038230,6.34000000
2018-02-22 14:01:47,0.00038230,93.41000000
2018-02-22 14:01:47,0.00038230,24.00000000
2018-02-22 14:01:48,0.00038250,204.90000000
2018-02-22 14:01:48,0.00038260,5.34000000
2018-02-22 14:01:48,0.00038260,24.80000000
2018-02-22 14:01:49,0.00038300,24.80000000
2018-02-22 14:01:49,0.00038350,77.91000000
2018-02-22 14:01:50,0.00038300,5.35000000
2018-02-22 14:01:50,0.00038300,23.78000000
2018-02-22 14:01:51,0.00038300,6.00000000
2018-02-22 14:01:53,0.00038300,25.80000000
2018-02-22 14:01:55,0.00038300,47.04000000
2018-02-22 14:01:55,0.00038240,19.32000000
2018-02-22 14:01:56,0.00038250,18.30000000
2018-02-22 14:01:58,0.00038250,1.01000000
2018-02-22 14:01:59,0.00038290,173.45000000
2018-02-22 14:01:59,0.00038250,13.48000000
2018-02-22 14:01:59,0.00038300,77.52000000
2018-02-22 14:01:59,0.00038300,38.77000000
2018-02-22 14:01:59,0.00038250,39.52000000
2018-02-22 14:02:00,0.00038290,38.63000000
2018-02-22 14:02:02,0.00038240,25.80000000
2018-02-22 14:02:02,0.00038240,13.58000000
2018-02-22 14:02:03,0.00038290,75.29000000
2018-02-22 14:02:03,0.00038300,101.84000000
2018-02-22 14:02:03,0.00038330,0.45000000
2018-02-22 14:02:03,0.00038240,150.09000000
2018-02-22 14:02:03,0.00038240,10.49000000
2018-02-22 14:02:03,0.00038250,13.08000000
2018-02-22 14:02:04,0.00038240,500.00000000
2018-02-22 14:02:05,0.00038240,25.84000000
2018-02-22 14:02:08,0.00038310,15.00000000
2018-02-22 14:02:10,0.00038230,6.90000000
2018-02-22 14:02:12,0.00038230,11.42000000
2018-02-22 14:02:12,0.00038300,5.32000000
2018-02-22 14:02:13,0.00038230,8.58000000
2018-02-22 14:02:13,0.00038220,25.80000000
2018-02-22 14:02:14,0.00038220,100.95000000
2018-02-22 14:02:14,0.00038220,51.44000000
2018-02-22 14:02:15,0.00038280,78.31000000
2018-02-22 14:02:15,0.00038280,78.30000000
2018-02-22 14:02:15,0.00038280,78.30000000
2018-02-22 14:02:15,0.00038280,78.31000000
2018-02-22 14:02:15,0.00038280,78.30000000
2018-02-22 14:02:15,0.00038280,78.30000000
2018-02-22 14:02:15,0.00038280,41.02000000
2018-02-22 14:02:15,0.00038290,7.67000000
2018-02-22 14:02:17,0.00038220,14.26000000
2018-02-22 14:02:18,0.00038220,13.30000000
2018-02-22 14:02:19,0.00038240,10.30000000
2018-02-22 14:02:20,0.00038280,78.30000000
2018-02-22 14:02:20,0.00038280,29.01000000
2018-02-22 14:02:20,0.00038280,78.31000000
2018-02-22 14:02:20,0.00038280,61.71000000
2018-02-22 14:02:20,0.00038280,61.71000000
2018-02-22 14:02:22,0.00038280,328.34000000
2018-02-22 14:02:22,0.00038300,1656.81000000
2018-02-22 14:02:22,0.00038350,137.20000000
2018-02-22 14:02:22,0.00038350,133.93000000
2018-02-22 14:02:22,0.00038350,74.78000000
2018-02-22 14:02:22,0.00038350,74.79000000
2018-02-22 14:02:22,0.00038350,74.79000000
2018-02-22 14:02:22,0.00038360,194.29000000
2018-02-22 14:02:22,0.00038370,512.07000000
2018-02-22 14:02:22,0.00038350,38.73000000
2018-02-22 14:02:22,0.00038350,14.78000000
2018-02-22 14:02:22,0.00038360,18.88000000
2018-02-22 14:02:22,0.00038360,3.88000000
2018-02-22 14:02:24,0.00038360,4.05000000
2018-02-22 14:02:26,0.00038360,23.44000000
2018-02-22 14:02:28,0.00038370,154.16000000
2018-02-22 14:02:29,0.00038370,8.05000000
2018-02-22 14:02:32,0.00038380,27.49000000
2018-02-22 14:02:32,0.00038390,171.57000000
2018-02-22 14:02:32,0.00038390,89.19000000
2018-02-22 14:02:35,0.00038380,1803.56000000
2018-02-22 14:02:35,0.00038360,115.26000000
2018-02-22 14:02:35,0.00038380,279.05000000
2018-02-22 14:02:35,0.00038360,50.00000000
2018-02-22 14:02:38,0.00038380,6.51000000
2018-02-22 14:02:40,0.00038360,76.93000000
2018-02-22 14:02:40,0.00038370,13.08000000
2018-02-22 14:02:40,0.00038380,1760.92000000
2018-02-22 14:02:41,0.00038360,2.35000000
2018-02-22 14:02:41,0.00038360,78.19000000
2018-02-22 14:02:41,0.00038360,131.37000000
2018-02-22 14:02:45,0.00038370,8.39000000
2018-02-22 14:02:46,0.00038370,496.56000000
2018-02-22 14:02:46,0.00038380,110.11000000
2018-02-22 14:02:46,0.00038380,40.79000000
2018-02-22 14:02:47,0.00038430,125.00000000
2018-02-22 14:02:47,0.00038430,37.21000000
2018-02-22 14:02:47,0.00038450,42.79000000
2018-02-22 14:02:53,0.00038440,26.05000000
2018-02-22 14:02:53,0.00038450,51.29000000
2018-02-22 14:02:55,0.00038390,11.39000000
2018-02-22 14:02:56,0.00038390,107.85000000
2018-02-22 14:02:56,0.00038380,0.02000000
2018-02-22 14:02:57,0.00038440,26.04000000
2018-02-22 14:02:57,0.00038450,273.96000000
2018-02-22 14:02:59,0.00038410,34.94000000
2018-02-22 14:02:59,0.00038410,38.26000000
2018-02-22 14:02:59,0.00038410,23.45000000
2018-02-22 14:02:59,0.00038410,18.78000000
2018-02-22 14:03:06,0.00038440,6.50000000
2018-02-22 14:03:09,0.00038440,184.15000000
2018-02-22 14:03:09,0.00038440,59.34000000
2018-02-22 14:03:11,0.00038440,4.87000000
2018-02-22 14:03:13,0.00038410,229.27000000
2018-02-22 14:03:15,0.00038410,10.00000000
2018-02-22 14:03:15,0.00038440,46.07000000
2018-02-22 14:03:17,0.00038410,142.39000000
2018-02-22 14:03:17,0.00038410,77.00000000
2018-02-22 14:03:18,0.00038440,26.07000000
2018-02-22 14:03:18,0.00038440,30.53000000
2018-02-22 14:03:18,0.00038440,30.53000000
2018-02-22 14:03:18,0.00038410,30.53000000
2018-02-22 14:03:19,0.00038410,366.17000000
2018-02-22 14:03:24,0.00038420,41.65000000
2018-02-22 14:03:24,0.00038420,47.30000000
2018-02-22 14:03:24,0.00038410,34.43000000
2018-02-22 14:03:26,0.00038440,1198.09000000
2018-02-22 14:03:26,0.00038450,1670.82000000
2018-02-22 14:03:26,0.00038450,2.75000000
2018-02-22 14:03:33,0.00038510,122.30000000
2018-02-22 14:03:35,0.00038510,80.00000000
2018-02-22 14:03:36,0.00038510,1247.34000000
2018-02-22 14:03:36,0.00038520,2.81000000
2018-02-22 14:03:36,0.00038520,77.88000000
2018-02-22 14:03:36,0.00038520,21.86000000
2018-02-22 14:03:37,0.00038550,21.67000000
2018-02-22 14:03:38,0.00038560,4.08000000
2018-02-22 14:03:39,0.00038610,69.08000000
2018-02-22 14:03:40,0.00038560,4.26000000
2018-02-22 14:03:40,0.00038550,236.00000000
2018-02-22 14:03:41,0.00038520,10.34000000
2018-02-22 14:03:42,0.00038510,54.19000000
2018-02-22 14:03:43,0.00038510,3.15000000
2018-02-22 14:03:44,0.00038510,58.84000000
2018-02-22 14:03:45,0.00038510,23.68000000
2018-02-22 14:03:45,0.00038530,33.47000000
2018-02-22 14:03:45,0.00038540,14.42000000
2018-02-22 14:03:45,0.00038560,225.71000000
2018-02-22 14:03:45,0.00038510,25.76000000
2018-02-22 14:03:45,0.00038510,28.84000000
2018-02-22 14:03:45,0.00038510,13.02000000
2018-02-22 14:03:45,0.00038510,288.94000000
2018-02-22 14:03:45,0.00038510,8.37000000
2018-02-22 14:03:45,0.00038510,6.47000000
2018-02-22 14:03:45,0.00038510,25.96000000
2018-02-22 14:03:45,0.00038510,77.52000000
2018-02-22 14:03:45,0.00038510,25.96000000
2018-02-22 14:03:45,0.00038510,8.97000000
2018-02-22 14:03:45,0.00038510,19.98000000
2018-02-22 14:03:46,0.00038510,25.80000000
2018-02-22 14:03:46,0.00038510,6.47000000
2018-02-22 14:03:46,0.00038510,51.63000000
2018-02-22 14:03:46,0.00038510,25.96000000
2018-02-22 14:03:46,0.00038480,3.64000000
2018-02-22 14:03:47,0.00038510,25.80000000
2018-02-22 14:03:47,0.00038510,25.68000000
2018-02-22 14:03:47,0.00038510,19.60000000
2018-02-22 14:03:47,0.00038510,18.99000000
2018-02-22 14:03:47,0.00038510,21.68000000
2018-02-22 14:03:48,0.00038520,10.00000000
2018-02-22 14:03:49,0.00038510,51.44000000
2018-02-22 14:03:49,0.00038510,24.64000000
2018-02-22 14:03:49,0.00038510,37.34000000
2018-02-22 14:03:50,0.00038510,24.00000000
2018-02-22 14:03:50,0.00038600,25.93000000
2018-02-22 14:03:50,0.00038610,23.92000000
2018-02-22 14:03:50,0.00038640,10.00000000
2018-02-22 14:03:50,0.00038650,8.29000000
2018-02-22 14:03:50,0.00038520,25.76000000
2018-02-22 14:03:50,0.00038510,65.84000000
2018-02-22 14:03:51,0.00038490,21.64000000
2018-02-22 14:03:54,0.00038480,25.76000000
2018-02-22 14:03:54,0.00038480,46.31000000
2018-02-22 14:03:55,0.00038480,10.00000000
2018-02-22 14:03:55,0.00038480,25.76000000
2018-02-22 14:03:55,0.00038480,17.92000000
2018-02-22 14:03:55,0.00038480,52.58000000
2018-02-22 14:03:57,0.00038460,25.80000000
2018-02-22 14:03:57,0.00038460,26.40000000
2018-02-22 14:03:57,0.00038460,13.76000000
2018-02-22 14:03:58,0.00038460,25.76000000
2018-02-22 14:03:58,0.00038460,30.99000000
2018-02-22 14:04:00,0.00038450,25.70000000
2018-02-22 14:04:00,0.00038450,57.58000000
2018-02-22 14:04:00,0.00038450,39.04000000
2018-02-22 14:04:01,0.00038450,6.02000000
2018-02-22 14:04:03,0.00038430,26.02000000
2018-02-22 14:04:03,0.00038420,495.30000000
2018-02-22 14:04:03,0.00038420,6.60000000
2018-02-22 14:04:03,0.00038420,21.62000000
2018-02-22 14:04:03,0.00038420,21.62000000
2018-02-22 14:04:03,0.00038410,21.62000000
2018-02-22 14:04:05,0.00038420,260.28000000
2018-02-22 14:04:05,0.00038420,77.96000000
2018-02-22 14:04:05,0.00038420,26.02000000
2018-02-22 14:04:05,0.00038420,262.50000000
2018-02-22 14:04:05,0.00038410,77.96000000
2018-02-22 14:04:05,0.00038420,26.30000000
2018-02-22 14:04:05,0.00038420,13.02000000
2018-02-22 14:04:05,0.00038410,42.10000000
2018-02-22 14:04:06,0.00038410,48.47000000
2018-02-22 14:04:06,0.00038420,233.20000000
2018-02-22 14:04:06,0.00038480,249.17000000
2018-02-22 14:04:06,0.00038490,84.87000000
2018-02-22 14:04:07,0.00038490,77.94000000
2018-02-22 14:04:07,0.00038490,6.63000000
2018-02-22 14:04:07,0.00038490,11.41000000
2018-02-22 14:04:07,0.00038410,18.04000000
2018-02-22 14:04:07,0.00038420,3.42000000
2018-02-22 14:04:08,0.00038410,92.76000000
2018-02-22 14:04:09,0.00038420,14.60000000
2018-02-22 14:04:10,0.00038480,18.02000000
2018-02-22 14:04:10,0.00038490,3.98000000
2018-02-22 14:04:10,0.00038410,26.38000000
2018-02-22 14:04:11,0.00038420,20.60000000
2018-02-22 14:04:11,0.00038420,20.74000000
2018-02-22 14:04:11,0.00038420,6.26000000
2018-02-22 14:04:12,0.00038420,13.08000000
2018-02-22 14:04:12,0.00038420,17.41000000
2018-02-22 14:04:12,0.00038410,85.59000000
2018-02-22 14:04:12,0.00038410,40.20000000
2018-02-22 14:04:12,0.00038410,52.80000000
2018-02-22 14:04:13,0.00038470,13.00000000
2018-02-22 14:04:13,0.00038470,2.30000000
2018-02-22 14:04:14,0.00038490,30.00000000
2018-02-22 14:04:14,0.00038410,22.68000000
2018-02-22 14:04:15,0.00038490,1.74000000
2018-02-22 14:04:15,0.00038410,80.16000000
2018-02-22 14:04:15,0.00038420,26.02000000
2018-02-22 14:04:15,0.00038410,25.46000000
2018-02-22 14:04:16,0.00038410,25.76000000
2018-02-22 14:04:17,0.00038410,38.44000000
2018-02-22 14:04:17,0.00038420,6.85000000
2018-02-22 14:04:17,0.00038450,78.01000000
2018-02-22 14:04:17,0.00038450,130.14000000
2018-02-22 14:04:17,0.00038450,13.19000000
2018-02-22 14:04:18,0.00038450,29.28000000
2018-02-22 14:04:18,0.00038450,7.89000000
2018-02-22 14:04:18,0.00038450,0.31000000
2018-02-22 14:04:18,0.00038420,6.17000000
2018-02-22 14:04:18,0.00038410,70.76000000
2018-02-22 14:04:19,0.00038410,224.83000000
2018-02-22 14:04:19,0.00038410,105.15000000
2018-02-22 14:04:19,0.00038410,27.48000000
2018-02-22 14:04:20,0.00038410,125.44000000
2018-02-22 14:04:20,0.00038410,430.08000000
2018-02-22 14:04:21,0.00038470,26.02000000
2018-02-22 14:04:21,0.00038480,40.00000000
2018-02-22 14:04:21,0.00038490,83.98000000
2018-02-22 14:04:21,0.00038410,65.60000000
2018-02-22 14:04:22,0.00038410,78.09000000
2018-02-22 14:04:22,0.00038410,52.81000000
2018-02-22 14:04:22,0.00038410,36.08000000
2018-02-22 14:04:23,0.00038410,35.13000000
2018-02-22 14:04:23,0.00038410,6.58000000
2018-02-22 14:04:23,0.00038410,47.39000000
2018-02-22 14:04:23,0.00038410,10.64000000
2018-02-22 14:04:24,0.00038410,98.24000000
2018-02-22 14:04:24,0.00038410,20.90000000
2018-02-22 14:04:25,0.00038410,222.92000000
2018-02-22 14:04:25,0.00038410,843.15000000
2018-02-22 14:04:25,0.00038480,5.63000000
2018-02-22 14:04:25,0.00038410,30.88000000
2018-02-22 14:04:28,0.00038420,26.02000000
2018-02-22 14:04:28,0.00038410,269.48000000
2018-02-22 14:04:29,0.00038480,121.80000000
2018-02-22 14:04:29,0.00038490,63.20000000
2018-02-22 14:04:29,0.00038410,460.03000000
2018-02-22 14:04:29,0.00038410,23.68000000
2018-02-22 14:04:29,0.00038410,12.32000000
2018-02-22 14:04:30,0.00038410,78.09000000
2018-02-22 14:04:30,0.00038410,20.09000000
2018-02-22 14:04:30,0.00038410,83.14000000
2018-02-22 14:04:30,0.00038410,252.58000000
2018-02-22 14:04:31,0.00038410,178.28000000
2018-02-22 14:04:39,0.00038450,134.68000000
2018-02-22 14:04:39,0.00038460,12.29000000
2018-02-22 14:04:40,0.00038410,0.04000000
2018-02-22 14:04:40,0.00038400,2.86000000
2018-02-22 14:04:43,0.00038370,508.91000000
2018-02-22 14:04:45,0.00038370,5.84000000
2018-02-22 14:04:45,0.00038370,21.39000000
2018-02-22 14:04:45,0.00038370,861.91000000
2018-02-22 14:04:46,0.00038370,2.06000000
2018-02-22 14:04:47,0.00038360,800.46000000
2018-02-22 14:04:47,0.00038310,7073.59000000
2018-02-22 14:04:49,0.00038320,3.20000000
2018-02-22 14:04:49,0.00038320,48.80000000
2018-02-22 14:04:49,0.00038310,196.37000000
2018-02-22 14:04:50,0.00038310,49.54000000
2018-02-22 14:04:51,0.00038370,14.07000000
2018-02-22 14:04:52,0.00038320,59.47000000
2018-02-22 14:04:54,0.00038310,179.62000000
2018-02-22 14:04:54,0.00038370,3.32000000
2018-02-22 14:04:55,0.00038310,363.16000000
2018-02-22 14:04:56,0.00038310,3395.03000000
2018-02-22 14:04:56,0.00038310,1143.90000000
2018-02-22 14:04:56,0.00038270,67.77000000
2018-02-22 14:04:56,0.00038250,10.28000000
2018-02-22 14:04:56,0.00038240,70.81000000
2018-02-22 14:04:57,0.00038260,261.36000000
2018-02-22 14:04:57,0.00038230,19.55000000
2018-02-22 14:04:57,0.00038230,49.53000000
2018-02-22 14:04:57,0.00038210,15.00000000
2018-02-22 14:04:57,0.00038200,7.79000000
2018-02-22 14:04:57,0.00038180,3.83000000
2018-02-22 14:04:58,0.00038190,26.60000000
2018-02-22 14:04:58,0.00038200,26.74000000
2018-02-22 14:05:00,0.00038200,25.26000000
2018-02-22 14:05:00,0.00038190,32.38000000
2018-02-22 14:05:00,0.00038190,26.18000000
2018-02-22 14:05:00,0.00038190,33.00000000
2018-02-22 14:05:00,0.00038190,14.13000000
2018-02-22 14:05:00,0.00038190,192.52000000
2018-02-22 14:05:00,0.00038190,33.00000000
2018-02-22 14:05:00,0.00038190,33.00000000
2018-02-22 14:05:00,0.00038190,26.18000000
2018-02-22 14:05:00,0.00038190,6.67000000
2018-02-22 14:05:00,0.00038180,15.00000000
2018-02-22 14:05:00,0.00038190,26.18000000
2018-02-22 14:05:00,0.00038190,10.47000000
2018-02-22 14:05:00,0.00038190,75.95000000
2018-02-22 14:05:00,0.00038190,98.13000000
2018-02-22 14:05:01,0.00038190,43.53000000
2018-02-22 14:05:01,0.00038250,97.53000000
2018-02-22 14:05:01,0.00038180,4.37000000
2018-02-22 14:05:01,0.00038180,72.48000000
2018-02-22 14:05:01,0.00038180,3.49000000
2018-02-22 14:05:01,0.00038180,118.14000000
2018-02-22 14:05:01,0.00038180,13.15000000
2018-02-22 14:05:01,0.00038120,26.18000000
2018-02-22 14:05:01,0.00038180,8.44000000
2018-02-22 14:05:01,0.00038120,19.51000000
2018-02-22 14:05:01,0.00038180,22.97000000
2018-02-22 14:05:02,0.00038120,164.95000000
2018-02-22 14:05:02,0.00038160,18.32000000
2018-02-22 14:05:02,0.00038170,14.90000000
2018-02-22 14:05:02,0.00038170,11.70000000
2018-02-22 14:05:03,0.00038240,2.92000000
2018-02-22 14:05:03,0.00038200,72.48000000
2018-02-22 14:05:04,0.00038200,14.59000000
2018-02-22 14:05:05,0.00038180,26.66000000
2018-02-22 14:05:07,0.00038180,16.47000000
2018-02-22 14:05:12,0.00038130,18.46000000
2018-02-22 14:05:14,0.00038180,35.30000000
2018-02-22 14:05:21,0.00038180,276.68000000
2018-02-22 14:05:21,0.00038130,100.00000000
2018-02-22 14:05:26,0.00038130,246.23000000
2018-02-22 14:05:27,0.00038130,15.90000000
2018-02-22 14:05:28,0.00038180,74.31000000
2018-02-22 14:05:28,0.00038130,619.41000000
2018-02-22 14:05:28,0.00038130,100.00000000
2018-02-22 14:05:29,0.00038130,468.46000000
2018-02-22 14:05:29,0.00038120,26.23000000
2018-02-22 14:05:34,0.00038110,79.98000000
2018-02-22 14:05:34,0.00038160,2.98000000
2018-02-22 14:05:37,0.00038110,5.35000000
2018-02-22 14:05:37,0.00038100,27.87000000
2018-02-22 14:05:37,0.00038090,8.84000000
2018-02-22 14:05:37,0.00038050,5.26000000
2018-02-22 14:05:37,0.00038020,188.82000000
2018-02-22 14:05:37,0.00038010,238.49000000
2018-02-22 14:05:38,0.00038110,26.23000000
2018-02-22 14:05:38,0.00038120,131.70000000
2018-02-22 14:05:40,0.00038040,6.52000000
2018-02-22 14:05:40,0.00038040,17.97000000
2018-02-22 14:05:43,0.00038050,26.28000000
2018-02-22 14:05:43,0.00038040,11.87000000
2018-02-22 14:05:43,0.00038040,15.64000000
2018-02-22 14:05:43,0.00038010,686.33000000
2018-02-22 14:05:43,0.00038010,10.65000000
2018-02-22 14:05:47,0.00038050,23.86000000
2018-02-22 14:05:48,0.00038050,6.88000000
2018-02-22 14:05:48,0.00038050,493.91000000
2018-02-22 14:05:50,0.00038000,7.79000000
2018-02-22 14:05:52,0.00038000,123.60000000
2018-02-22 14:05:53,0.00038000,66.65000000
2018-02-22 14:05:55,0.00038050,4.51000000
2018-02-22 14:05:55,0.00038050,4.99000000
2018-02-22 14:06:00,0.00038000,228.52000000
2018-02-22 14:06:01,0.00038000,271.48000000
2018-02-22 14:06:07,0.00038050,3.04000000
2018-02-22 14:06:12,0.00038000,76.62000000
2018-02-22 14:06:14,0.00038000,12.00000000
2018-02-22 14:06:14,0.00038000,279.55000000
2018-02-22 14:06:17,0.00038050,19.82000000
2018-02-22 14:06:17,0.00038050,19.82000000
2018-02-22 14:06:20,0.00038040,239.30000000
2018-02-22 14:06:20,0.00038050,163.54000000
2018-02-22 14:06:20,0.00038050,328.66000000
2018-02-22 14:06:20,0.00038050,341.55000000
2018-02-22 14:06:20,0.00038050,520.03000000
2018-02-22 14:06:20,0.00038070,10.52000000
2018-02-22 14:06:22,0.00038040,8.33000000
2018-02-22 14:06:24,0.00038110,6.51000000
2018-02-22 14:06:26,0.00038100,156.00000000
2018-02-22 14:06:26,0.00038050,7.93000000
2018-02-22 14:06:32,0.00038120,66.42000000
2018-02-22 14:06:37,0.00038120,100.00000000
2018-02-22 14:06:39,0.00038100,3.10000000
2018-02-22 14:06:41,0.00038100,247.56000000
2018-02-22 14:06:41,0.00038100,208.58000000
2018-02-22 14:06:41,0.00038120,146.92000000
2018-02-22 14:06:43,0.00038120,49.25000000
2018-02-22 14:06:45,0.00038110,7.39000000
2018-02-22 14:06:48,0.00038120,14.68000000
2018-02-22 14:06:48,0.00038110,78.70000000
2018-02-22 14:06:48,0.00038110,17.34000000
2018-02-22 14:06:49,0.00038120,35.18000000
2018-02-22 14:06:50,0.00038110,88.01000000
2018-02-22 14:06:50,0.00038110,82.41000000
2018-02-22 14:06:50,0.00038110,56.99000000
2018-02-22 14:06:51,0.00038160,18.16000000
2018-02-22 14:06:51,0.00038170,19.44000000
2018-02-22 14:06:53,0.00038120,52.00000000
2018-02-22 14:06:53,0.00038110,19.12000000
2018-02-22 14:06:55,0.00038190,25.63000000
2018-02-22 14:06:55,0.00038200,26.17000000
2018-02-22 14:06:55,0.00038200,28.25000000
2018-02-22 14:06:55,0.00038200,26.17000000
2018-02-22 14:06:58,0.00038190,1.98000000
2018-02-22 14:06:59,0.00038190,38.23000000
2018-02-22 14:06:59,0.00038120,339.81000000
2018-02-22 14:06:59,0.00038110,122.68000000
2018-02-22 14:07:05,0.00038130,11.85000000
2018-02-22 14:07:09,0.00038140,10.00000000
2018-02-22 14:07:14,0.00038180,10.00000000
2018-02-22 14:07:14,0.00038170,105.30000000
2018-02-22 14:07:14,0.00038180,29.06000000
2018-02-22 14:07:18,0.00038200,6.56000000
2018-02-22 14:07:18,0.00038200,26.17000000
2018-02-22 14:07:18,0.00038200,6.56000000
2018-02-22 14:07:18,0.00038200,6.56000000
2018-02-22 14:07:19,0.00038200,6.56000000
2018-02-22 14:07:20,0.00038190,394.75000000
2018-02-22 14:07:21,0.00038190,191.34000000
2018-02-22 14:07:21,0.00038200,200.84000000
2018-02-22 14:07:21,0.00038240,79.57000000
2018-02-22 14:07:22,0.00038240,35.90000000
2018-02-22 14:07:23,0.00038190,31.11000000
2018-02-22 14:07:24,0.00038240,8.33000000
2018-02-22 14:07:26,0.00038240,18.70000000
2018-02-22 14:07:28,0.00038240,162.29000000
2018-02-22 14:07:30,0.00038190,9.99000000
2018-02-22 14:07:30,0.00038240,11.91000000
2018-02-22 14:07:31,0.00038240,6.81000000
2018-02-22 14:07:32,0.00038240,62.75000000
2018-02-22 14:07:37,0.00038240,26.53000000
2018-02-22 14:07:37,0.00038290,347.68000000
2018-02-22 14:07:37,0.00038300,13.27000000
2018-02-22 14:07:37,0.00038300,33.00000000
2018-02-22 14:07:38,0.00038300,78.31000000
2018-02-22 14:07:40,0.00038300,27.45000000
2018-02-22 14:07:40,0.00038300,214.96000000
2018-02-22 14:07:40,0.00038220,38.31000000
2018-02-22 14:07:43,0.00038310,121.80000000
2018-02-22 14:07:44,0.00038310,72.32000000
2018-02-22 14:07:44,0.00038310,70.40000000
2018-02-22 14:07:48,0.00038320,63.00000000
2018-02-22 14:07:53,0.00038320,17.11000000
2018-02-22 14:07:53,0.00038320,233.29000000
2018-02-22 14:07:53,0.00038320,88.39000000
2018-02-22 14:07:53,0.00038320,182.29000000
2018-02-22 14:07:53,0.00038320,24.71000000
2018-02-22 14:07:54,0.00038320,113.43000000
2018-02-22 14:07:54,0.00038260,86.57000000
2018-02-22 14:08:05,0.00038340,26.09000000
2018-02-22 14:08:05,0.00038340,89.46000000
2018-02-22 14:08:05,0.00038340,78.23000000
2018-02-22 14:08:14,0.00038370,10.00000000
2018-02-22 14:08:14,0.00038380,38.31000000
2018-02-22 14:08:14,0.00038390,96.69000000
2018-02-22 14:08:15,0.00038350,22.00000000
2018-02-22 14:08:17,0.00038350,78.22000000
2018-02-22 14:08:17,0.00038350,8.42000000
2018-02-22 14:08:17,0.00038350,20.31000000
2018-02-22 14:08:17,0.00038350,78.52000000
2018-02-22 14:08:17,0.00038350,78.52000000
2018-02-22 14:08:20,0.00038350,53.82000000
2018-02-22 14:08:20,0.00038340,4.37000000
2018-02-22 14:08:21,0.00038340,60.85000000
2018-02-22 14:08:21,0.00038340,78.23000000
2018-02-22 14:08:21,0.00038340,78.23000000
2018-02-22 14:08:21,0.00038340,45.33000000
2018-02-22 14:08:25,0.00038340,6.87000000
2018-02-22 14:08:25,0.00038320,26.09000000
2018-02-22 14:08:25,0.00038270,6.90000000
2018-02-22 14:08:31,0.00038280,30.00000000
2018-02-22 14:08:35,0.00038370,26.09000000
2018-02-22 14:08:35,0.00038380,527.42000000
2018-02-22 14:08:35,0.00038380,457.48000000
2018-02-22 14:08:35,0.00038380,149.54000000
2018-02-22 14:08:42,0.00038380,27.47000000
2018-02-22 14:08:43,0.00038380,9.16000000
2018-02-22 14:08:44,0.00038310,20.00000000
2018-02-22 14:08:46,0.00038310,6.10000000
2018-02-22 14:08:46,0.00038300,108.68000000
2018-02-22 14:08:46,0.00038280,131.47000000
2018-02-22 14:08:46,0.00038270,49.55000000
2018-02-22 14:08:46,0.00038370,13.27000000
2018-02-22 14:08:49,0.00038330,50.00000000
2018-02-22 14:08:50,0.00038320,131.47000000
2018-02-22 14:08:51,0.00038320,19.58000000
2018-02-22 14:08:57,0.00038370,12.83000000
2018-02-22 14:08:57,0.00038380,40.69000000
2018-02-22 14:08:57,0.00038380,22.83000000
2018-02-22 14:08:57,0.00038380,22.72000000
2018-02-22 14:08:57,0.00038380,21.25000000
2018-02-22 14:08:57,0.00038380,42.08000000
2018-02-22 14:08:59,0.00038380,86.57000000
2018-02-22 14:09:01,0.00038390,6.51000000
2018-02-22 14:09:04,0.00038390,21.46000000
2018-02-22 14:09:05,0.00038380,5.42000000
2018-02-22 14:09:05,0.00038390,3.92000000
2018-02-22 14:09:11,0.00038380,325.18000000
2018-02-22 14:09:11,0.00038390,107.09000000
2018-02-22 14:09:15,0.00038430,54.83000000
2018-02-22 14:09:15,0.00038450,285.99000000
2018-02-22 14:09:15,0.00038450,70.15000000
2018-02-22 14:09:15,0.00038450,44.37000000
2018-02-22 14:09:15,0.00038390,70.15000000
2018-02-22 14:09:16,0.00038390,78.02000000
2018-02-22 14:09:16,0.00038400,36.56000000
2018-02-22 14:09:19,0.00038400,249.43000000
2018-02-22 14:09:19,0.00038390,91.93000000
2018-02-22 14:09:20,0.00038420,5.08000000
2018-02-22 14:09:20,0.00038460,24.92000000
2018-02-22 14:09:25,0.00038400,26.04000000
2018-02-22 14:09:25,0.00038390,4.07000000
2018-02-22 14:09:29,0.00038450,26.04000000
2018-02-22 14:09:29,0.00038460,44.06000000
2018-02-22 14:09:32,0.00038450,193.78000000
2018-02-22 14:09:32,0.00038460,19.85000000
2018-02-22 14:09:32,0.00038460,5.66000000
2018-02-22 14:09:37,0.00038460,79.20000000
2018-02-22 14:09:40,0.00038460,90.69000000
2018-02-22 14:09:41,0.00038460,639.46000000
2018-02-22 14:09:41,0.00038460,368.95000000
2018-02-22 14:09:43,0.00038470,359.10000000
2018-02-22 14:09:43,0.00038480,1.32000000
2018-02-22 14:09:50,0.00038480,131.03000000
2018-02-22 14:09:57,0.00038480,1.65000000
2018-02-22 14:09:57,0.00038480,39.50000000
2018-02-22 14:09:57,0.00038490,5.23000000
2018-02-22 14:09:58,0.00038490,58.98000000
2018-02-22 14:09:59,0.00038490,145.22000000
2018-02-22 14:09:59,0.00038490,6.64000000
2018-02-22 14:10:00,0.00038490,0.74000000
2018-02-22 14:10:05,0.00038460,110.75000000
2018-02-22 14:10:12,0.00038460,79.67000000
2018-02-22 14:10:16,0.00038450,6.60000000
2018-02-22 14:10:16,0.00038450,5.17000000
2018-02-22 14:10:16,0.00038460,6.58000000
2018-02-22 14:10:16,0.00038460,0.77000000
2018-02-22 14:10:16,0.00038480,5.48000000
2018-02-22 14:10:16,0.00038460,6.58000000
2018-02-22 14:10:16,0.00038400,26.04000000
2018-02-22 14:10:16,0.00038400,186.67000000
2018-02-22 14:10:17,0.00038480,6.05000000
2018-02-22 14:10:23,0.00038470,19.43000000
2018-02-22 14:10:25,0.00038470,89.03000000
2018-02-22 14:10:26,0.00038470,222.00000000
2018-02-22 14:10:27,0.00038470,378.62000000
2018-02-22 14:10:35,0.00038420,13.02000000
2018-02-22 14:10:39,0.00038420,13.02000000
2018-02-22 14:10:39,0.00038410,26.03000000
2018-02-22 14:10:39,0.00038400,371.10000000
2018-02-22 14:10:39,0.00038390,436.93000000
2018-02-22 14:10:39,0.00038390,52.00000000
2018-02-22 14:10:39,0.00038390,78.03000000
2018-02-22 14:10:39,0.00038390,26.04000000
2018-02-22 14:10:39,0.00038390,19.13000000
2018-02-22 14:10:40,0.00038410,109.40000000
2018-02-22 14:10:41,0.00038450,208.01000000
2018-02-22 14:10:41,0.00038410,142.67000000
2018-02-22 14:10:48,0.00038420,13.02000000
2018-02-22 14:10:48,0.00038410,986.98000000
2018-02-22 14:10:49,0.00038430,13.02000000
2018-02-22 14:10:50,0.00038410,852.63000000
2018-02-22 14:10:52,0.00038410,91.80000000
2018-02-22 14:10:53,0.00038410,28.00000000
2018-02-22 14:10:55,0.00038420,253.94000000
2018-02-22 14:10:57,0.00038420,8.10000000
2018-02-22 14:10:58,0.00038420,23.30000000
2018-02-22 14:10:58,0.00038440,233.35000000
2018-02-22 14:11:00,0.00038420,42.74000000
2018-02-22 14:11:00,0.00038440,0.11000000
2018-02-22 14:11:06,0.00038420,83.88000000
2018-02-22 14:11:09,0.00038390,216.57000000
2018-02-22 14:11:09,0.00038380,43.00000000
2018-02-22 14:11:09,0.00038400,5.67000000
2018-02-22 14:11:09,0.00038400,5.87000000
2018-02-22 14:11:11,0.00038390,13.00000000
2018-02-22 14:11:12,0.00038350,47.81000000
2018-02-22 14:11:14,0.00038350,72.17000000
2018-02-22 14:11:16,0.00038390,77.40000000
2018-02-22 14:11:17,0.00038390,78.08000000
2018-02-22 14:11:17,0.00038390,14.93000000
2018-02-22 14:11:19,0.00038350,118.09000000
2018-02-22 14:11:23,0.00038350,21.00000000
2018-02-22 14:11:26,0.00038350,20.00000000
2018-02-22 14:11:26,0.00038350,0.51000000
2018-02-22 14:11:26,0.00038340,21.50000000
2018-02-22 14:11:26,0.00038310,122.99000000
2018-02-22 14:11:26,0.00038380,6.33000000
2018-02-22 14:11:26,0.00038380,26.05000000
2018-02-22 14:11:28,0.00038350,30.00000000
2018-02-22 14:11:32,0.00038340,66.66000000
2018-02-22 14:11:32,0.00038340,8.39000000
2018-02-22 14:11:32,0.00038340,8.39000000
2018-02-22 14:11:33,0.00038340,33.69000000
2018-02-22 14:11:33,0.00038330,123.00000000
2018-02-22 14:11:33,0.00038340,77.00000000
2018-02-22 14:11:35,0.00038340,22.11000000
2018-02-22 14:11:37,0.00038340,7.62000000
2018-02-22 14:11:39,0.00038310,100.45000000
2018-02-22 14:11:41,0.00038340,27.75000000
2018-02-22 14:11:46,0.00038310,6.57000000
2018-02-22 14:11:46,0.00038310,6.57000000
2018-02-22 14:11:48,0.00038310,2.82000000
2018-02-22 14:11:48,0.00038330,64.18000000
2018-02-22 14:11:50,0.00038330,10.00000000
2018-02-22 14:12:05,0.00038300,182.40000000
2018-02-22 14:12:08,0.00038330,241.20000000
2018-02-22 14:12:08,0.00038330,66.58000000
2018-02-22 14:12:08,0.00038330,66.57000000
2018-02-22 14:12:08,0.00038330,16.35000000
2018-02-22 14:12:08,0.00038330,30.00000000
2018-02-22 14:12:08,0.00038330,34.43000000
2018-02-22 14:12:13,0.00038330,399.02000000
2018-02-22 14:12:21,0.00038330,25.00000000
2018-02-22 14:12:22,0.00038330,74.09000000
2018-02-22 14:12:23,0.00038300,437.53000000
2018-02-22 14:12:23,0.00038280,11.96000000
2018-02-22 14:12:23,0.00038270,186.55000000
2018-02-22 14:12:25,0.00038270,25.00000000
2018-02-22 14:12:37,0.00038270,7.82000000
2018-02-22 14:12:37,0.00038260,22.39000000
2018-02-22 14:12:42,0.00038300,123.74000000
2018-02-22 14:12:42,0.00038300,78.20000000
2018-02-22 14:12:42,0.00038300,23.56000000
2018-02-22 14:12:42,0.00038310,100.29000000
2018-02-22 14:12:42,0.00038300,20.00000000
2018-02-22 14:12:44,0.00038300,13.27000000
2018-02-22 14:12:48,0.00038300,33.36000000
2018-02-22 14:12:48,0.00038300,100.00000000
2018-02-22 14:12:51,0.00038300,9.48000000
2018-02-22 14:12:54,0.00038260,7.42000000
2018-02-22 14:13:02,0.00038290,78.30000000
2018-02-22 14:13:02,0.00038290,37.59000000
2018-02-22 14:13:03,0.00038270,9.94000000
2018-02-22 14:13:11,0.00038270,39.24000000
2018-02-22 14:13:12,0.00038290,7.91000000
2018-02-22 14:13:12,0.00038290,58.63000000
2018-02-22 14:13:19,0.00038290,213.54000000
2018-02-22 14:13:21,0.00038270,70.04000000
2018-02-22 14:13:27,0.00038290,26.11000000
2018-02-22 14:13:29,0.00038290,9.73000000
2018-02-22 14:13:32,0.00038290,8.00000000
2018-02-22 14:13:37,0.00038270,3.52000000
2018-02-22 14:13:45,0.00038280,52.00000000
2018-02-22 14:13:45,0.00038290,208.00000000
2018-02-22 14:13:52,0.00038290,143.07000000
2018-02-22 14:13:56,0.00038280,76.33000000
2018-02-22 14:14:05,0.00038280,3.89000000
2018-02-22 14:14:09,0.00038280,223.93000000
2018-02-22 14:14:18,0.00038290,2948.41000000
2018-02-22 14:14:18,0.00038300,1233.24000000
2018-02-22 14:14:21,0.00038300,98.40000000
2018-02-22 14:14:21,0.00038310,19.00000000
2018-02-22 14:14:26,0.00038330,94.91000000
2018-02-22 14:14:26,0.00038330,40.00000000
2018-02-22 14:14:27,0.00038320,12.20000000
2018-02-22 14:14:27,0.00038340,5.00000000
2018-02-22 14:14:27,0.00038370,0.03000000
2018-02-22 14:14:30,0.00038370,27.56000000
2018-02-22 14:14:30,0.00038380,20.22000000
2018-02-22 14:14:32,0.00038330,12.38000000
2018-02-22 14:14:35,0.00038330,84.97000000
2018-02-22 14:14:40,0.00038350,40.00000000
2018-02-22 14:14:45,0.00038350,39.06000000
2018-02-22 14:14:47,0.00038350,5.85000000
2018-02-22 14:14:51,0.00038370,27.96000000
2018-02-22 14:14:54,0.00038370,23.61000000
2018-02-22 14:14:54,0.00038370,8.80000000
2018-02-22 14:14:55,0.00038370,6.52000000
2018-02-22 14:14:58,0.00038370,6.52000000
2018-02-22 14:14:59,0.00038380,8.00000000
2018-02-22 14:15:00,0.00038380,6.78000000
2018-02-22 14:15:01,0.00038380,8.48000000
2018-02-22 14:15:03,0.00038380,141.93000000
2018-02-22 14:15:07,0.00038380,195.00000000
2018-02-22 14:15:07,0.00038390,2.88000000
2018-02-22 14:15:07,0.00038380,82.27000000
2018-02-22 14:15:07,0.00038370,9.55000000
2018-02-22 14:15:07,0.00038370,42.64000000
2018-02-22 14:15:07,0.00038370,78.12000000
2018-02-22 14:15:07,0.00038370,78.12000000
2018-02-22 14:15:07,0.00038370,77.19000000
2018-02-22 14:15:07,0.00038370,31.04000000
2018-02-22 14:15:08,0.00038370,39.91000000
2018-02-22 14:15:09,0.00038370,57.80000000
2018-02-22 14:15:13,0.00038400,12.68000000
2018-02-22 14:15:19,0.00038400,331.47000000
2018-02-22 14:15:23,0.00038400,772.92000000
2018-02-22 14:15:25,0.00038410,81.33000000
2018-02-22 14:15:27,0.00038410,94.26000000
2018-02-22 14:15:28,0.00038460,20.98000000
2018-02-22 14:15:31,0.00038460,5.05000000
2018-02-22 14:15:31,0.00038460,64.98000000
2018-02-22 14:15:31,0.00038460,2.16000000
2018-02-22 14:15:31,0.00038410,7.09000000
2018-02-22 14:15:31,0.00038410,64.98000000
2018-02-22 14:15:31,0.00038410,67.13000000
2018-02-22 14:15:39,0.00038450,4.23000000
2018-02-22 14:15:39,0.00038460,5.45000000
2018-02-22 14:15:42,0.00038460,26.00000000
2018-02-22 14:15:44,0.00038460,9.65000000
2018-02-22 14:15:45,0.00038460,10.00000000
2018-02-22 14:15:45,0.00038410,17.81000000
2018-02-22 14:15:45,0.00038410,61.11000000
2018-02-22 14:15:47,0.00038410,61.04000000
2018-02-22 14:15:47,0.00038410,75.38000000
2018-02-22 14:15:47,0.00038410,52.13000000
2018-02-22 14:15:47,0.00038400,83.96000000
2018-02-22 14:15:47,0.00038390,10.12000000
2018-02-22 14:15:47,0.00038380,5.97000000
2018-02-22 14:15:47,0.00038370,36.24000000
2018-02-22 14:15:54,0.00038410,196.19000000
2018-02-22 14:15:54,0.00038420,26.04000000
2018-02-22 14:15:59,0.00038470,309.14000000
2018-02-22 14:16:00,0.00038420,61.76000000
2018-02-22 14:16:00,0.00038420,68.95000000
2018-02-22 14:16:00,0.00038420,77.97000000
2018-02-22 14:16:00,0.00038420,27.75000000
2018-02-22 14:16:05,0.00038420,17.43000000
2018-02-22 14:16:06,0.00038420,33.00000000
2018-02-22 14:16:07,0.00038380,186.89000000
2018-02-22 14:16:07,0.00038370,1837.99000000
2018-02-22 14:16:07,0.00038370,78.12000000
2018-02-22 14:16:07,0.00038370,17.13000000
2018-02-22 14:16:07,0.00038370,69.18000000
2018-02-22 14:16:07,0.00038330,0.01000000
2018-02-22 14:16:08,0.00038370,64.00000000
2018-02-22 14:16:18,0.00038370,148.43000000
2018-02-22 14:16:20,0.00038370,31.88000000
2018-02-22 14:16:22,0.00038370,19.23000000
2018-02-22 14:16:26,0.00038370,17.88000000
2018-02-22 14:16:30,0.00038340,10.08000000
2018-02-22 14:16:32,0.00038370,112.07000000
2018-02-22 14:16:33,0.00038370,14.00000000
2018-02-22 14:16:34,0.00038330,2.85000000
2018-02-22 14:16:39,0.00038330,0.01000000
2018-02-22 14:16:39,0.00038330,18.88000000
2018-02-22 14:16:39,0.00038310,26.10000000
2018-02-22 14:16:39,0.00038300,17.00000000
2018-02-22 14:16:39,0.00038280,13.46000000
2018-02-22 14:16:40,0.00038330,6.53000000
2018-02-22 14:16:42,0.00038330,52.85000000
2018-02-22 14:16:43,0.00038330,32.64000000
2018-02-22 14:16:43,0.00038330,6.32000000
2018-02-22 14:16:48,0.00038300,26.10000000
2018-02-22 14:16:48,0.00038290,107.90000000
2018-02-22 14:16:49,0.00038290,23.01000000
2018-02-22 14:16:49,0.00038280,182.37000000
2018-02-22 14:16:53,0.00038320,100.00000000
2018-02-22 14:16:54,0.00038290,48.00000000
2018-02-22 14:16:54,0.00038320,30.91000000
2018-02-22 14:16:54,0.00038330,66.10000000
2018-02-22 14:16:54,0.00038360,33.90000000
2018-02-22 14:16:57,0.00038360,252.54000000
2018-02-22 14:17:05,0.00038300,165.77000000
2018-02-22 14:17:08,0.00038340,15.47000000
2018-02-22 14:17:08,0.00038300,146.77000000
2018-02-22 14:17:09,0.00038300,6.46000000
2018-02-22 14:17:13,0.00038300,196.00000000
2018-02-22 14:17:13,0.00038300,14.44000000
2018-02-22 14:17:14,0.00038300,200.00000000
2018-02-22 14:17:15,0.00038290,200.05000000
2018-02-22 14:17:17,0.00038290,30.00000000
2018-02-22 14:17:20,0.00038300,5.65000000
2018-02-22 14:17:20,0.00038300,5.00000000
2018-02-22 14:17:22,0.00038300,434.27000000
2018-02-22 14:17:28,0.00038350,26.10000000
2018-02-22 14:17:28,0.00038360,589.23000000
2018-02-22 14:17:31,0.00038360,5.85000000
2018-02-22 14:17:51,0.00038360,10.08000000
2018-02-22 14:18:04,0.00038370,6.01000000
2018-02-22 14:18:21,0.00038370,2.89000000
2018-02-22 14:18:22,0.00038370,4.00000000
2018-02-22 14:18:24,0.00038370,18.25000000
2018-02-22 14:18:38,0.00038390,5.00000000
2018-02-22 14:18:38,0.00038400,173.54000000
2018-02-22 14:18:38,0.00038400,20.00000000
2018-02-22 14:18:41,0.00038400,206.79000000
2018-02-22 14:18:44,0.00038410,58.28000000
2018-02-22 14:18:44,0.00038420,510.86000000
2018-02-22 14:18:44,0.00038440,14.11000000
2018-02-22 14:18:44,0.00038460,34.51000000
2018-02-22 14:18:44,0.00038480,3.00000000
2018-02-22 14:18:44,0.00038490,2115.34000000
2018-02-22 14:18:44,0.00038500,795.63000000
2018-02-22 14:18:44,0.00038550,21.50000000
2018-02-22 14:18:44,0.00038590,5.97000000
2018-02-22 14:18:44,0.00038600,590.70000000
2018-02-22 14:18:44,0.00038410,78.09000000
2018-02-22 14:18:44,0.00038410,78.09000000
2018-02-22 14:18:44,0.00038420,52.84000000
2018-02-22 14:18:44,0.00038420,33.64000000
2018-02-22 14:18:44,0.00038430,4.63000000
2018-02-22 14:18:44,0.00038430,4.78000000
2018-02-22 14:18:44,0.00038430,5.79000000
2018-02-22 14:18:46,0.00038470,5.83000000
2018-02-22 14:18:46,0.00038470,77.97000000
2018-02-22 14:18:46,0.00038480,19.23000000
2018-02-22 14:18:48,0.00038500,19.22000000
2018-02-22 14:18:48,0.00038510,5.78000000
2018-02-22 14:18:51,0.00038520,2.49000000
2018-02-22 14:18:52,0.00038520,96.51000000
2018-02-22 14:18:52,0.00038530,19.22000000
2018-02-22 14:18:52,0.00038560,5.78000000
2018-02-22 14:18:52,0.00038570,69.99000000
2018-02-22 14:18:55,0.00038510,20.00000000
2018-02-22 14:18:56,0.00038510,57.90000000
2018-02-22 14:18:59,0.00038490,25.98000000
2018-02-22 14:18:59,0.00038480,53.37000000
2018-02-22 14:18:59,0.00038470,130.36000000
2018-02-22 14:18:59,0.00038460,13.00000000
2018-02-22 14:18:59,0.00038420,147.04000000
2018-02-22 14:19:01,0.00038460,12.88000000
2018-02-22 14:19:08,0.00038450,3.46000000
2018-02-22 14:19:08,0.00038450,3.35000000
2018-02-22 14:19:08,0.00038450,3.35000000
2018-02-22 14:19:08,0.00038450,44.26000000
2018-02-22 14:19:08,0.00038450,44.26000000
2018-02-22 14:19:08,0.00038450,44.26000000
2018-02-22 14:19:08,0.00038400,3.46000000
2018-02-22 14:19:08,0.00038400,44.26000000
2018-02-22 14:19:12,0.00038420,8.33000000
2018-02-22 14:19:13,0.00038420,52.66000000
2018-02-22 14:19:13,0.00038420,73.76000000
2018-02-22 14:19:13,0.00038420,7.13000000
2018-02-22 14:19:13,0.00038420,1.72000000
2018-02-22 14:19:16,0.00038440,6.82000000
2018-02-22 14:19:18,0.00038420,1.00000000
2018-02-22 14:19:22,0.00038440,23.37000000
2018-02-22 14:19:22,0.00038440,5.53000000
2018-02-22 14:19:23,0.00038440,5.52000000
2018-02-22 14:19:26,0.00038450,13.01000000
2018-02-22 14:19:26,0.00038450,12.97000000
2018-02-22 14:19:30,0.00038460,84.89000000
2018-02-22 14:19:31,0.00038460,18.26000000
2018-02-22 14:19:32,0.00038460,514.05000000
2018-02-22 14:19:47,0.00038500,146.00000000
2018-02-22 14:19:52,0.00038470,13.00000000
2018-02-22 14:19:52,0.00038460,904.34000000
2018-02-22 14:19:53,0.00038460,181.53000000
2018-02-22 14:19:54,0.00038450,26.00000000
2018-02-22 14:19:55,0.00038500,143.17000000
2018-02-22 14:19:55,0.00038450,52.00000000
2018-02-22 14:19:55,0.00038500,77.87000000
2018-02-22 14:19:56,0.00038500,77.87000000
2018-02-22 14:19:56,0.00038440,77.87000000
2018-02-22 14:19:56,0.00038490,5.03000000
2018-02-22 14:20:01,0.00038440,182.58000000
2018-02-22 14:20:01,0.00038440,3.49000000
2018-02-22 14:20:02,0.00038440,77.99000000
2018-02-22 14:20:02,0.00038440,35.06000000
2018-02-22 14:20:02,0.00038440,26.49000000
2018-02-22 14:20:02,0.00038470,59.61000000
2018-02-22 14:20:02,0.00038440,52.00000000
2018-02-22 14:20:07,0.00038490,148.61000000
2018-02-22 14:20:11,0.00038430,45.40000000
2018-02-22 14:20:14,0.00038430,716.15000000
2018-02-22 14:20:19,0.00038440,394.05000000
2018-02-22 14:20:20,0.00038430,190.53000000
2018-02-22 14:20:20,0.00038430,73.94000000
2018-02-22 14:20:23,0.00038420,86.66000000
2018-02-22 14:20:23,0.00038400,39.46000000
2018-02-22 14:20:26,0.00038420,15.74000000
2018-02-22 14:20:26,0.00038400,207.69000000
2018-02-22 14:20:26,0.00038400,132.57000000
2018-02-22 14:20:26,0.00038400,56.72000000
2018-02-22 14:20:27,0.00038400,80.12000000
2018-02-22 14:20:33,0.00038400,0.01000000
2018-02-22 14:20:33,0.00038400,78.08000000
2018-02-22 14:20:35,0.00038380,22.77000000
2018-02-22 14:20:35,0.00038370,147.45000000
2018-02-22 14:20:35,0.00038350,662.99000000
2018-02-22 14:20:35,0.00038350,298.27000000
2018-02-22 14:20:35,0.00038350,12.83000000
2018-02-22 14:20:35,0.00038350,98.37000000
2018-02-22 14:20:35,0.00038350,40.49000000
2018-02-22 14:20:35,0.00038350,135.99000000
2018-02-22 14:20:35,0.00038350,24.09000000
2018-02-22 14:20:36,0.00038350,43.96000000
2018-02-22 14:20:36,0.00038350,43.88000000
2018-02-22 14:20:36,0.00038350,14.98000000
2018-02-22 14:20:36,0.00038350,21.24000000
2018-02-22 14:20:36,0.00038350,52.02000000
2018-02-22 14:20:37,0.00038300,47.30000000
2018-02-22 14:20:37,0.00038300,26.10000000
2018-02-22 14:20:37,0.00038300,55.84000000
2018-02-22 14:20:40,0.00038350,17.84000000
2018-02-22 14:20:40,0.00038300,52.85000000
2018-02-22 14:20:41,0.00038350,130.38000000
2018-02-22 14:20:41,0.00038300,29.09000000
2018-02-22 14:20:41,0.00038350,15.76000000
2018-02-22 14:20:41,0.00038350,78.17000000
2018-02-22 14:20:44,0.00038350,98.18000000
2018-02-22 14:20:46,0.00038350,3.98000000
2018-02-22 14:20:47,0.00038290,52.00000000
2018-02-22 14:20:47,0.00038280,22.54000000
2018-02-22 14:20:50,0.00038340,3.85000000
2018-02-22 14:20:50,0.00038340,3.79000000
2018-02-22 14:20:50,0.00038340,35.11000000
2018-02-22 14:20:51,0.00038280,187.16000000
2018-02-22 14:20:54,0.00038330,16.80000000
2018-02-22 14:20:55,0.00038330,9.22000000
2018-02-22 14:20:55,0.00038340,161.74000000
2018-02-22 14:20:55,0.00038350,429.04000000
2018-02-22 14:20:56,0.00038290,262.99000000
2018-02-22 14:20:56,0.00038280,200.00000000
2018-02-22 14:20:56,0.00038280,78.22000000
2018-02-22 14:20:56,0.00038280,26.12000000
2018-02-22 14:20:56,0.00038280,162.39000000
2018-02-22 14:20:57,0.00038290,9.24000000
2018-02-22 14:20:57,0.00038280,8.58000000
2018-02-22 14:21:00,0.00038330,2.93000000
2018-02-22 14:21:01,0.00038280,248.98000000
2018-02-22 14:21:01,0.00038270,156.46000000
2018-02-22 14:21:01,0.00038260,1461.45000000
2018-02-22 14:21:03,0.00038260,3651.50000000
2018-02-22 14:21:03,0.00038260,3213.05000000
2018-02-22 14:21:05,0.00038260,134.17000000
2018-02-22 14:21:05,0.00038260,4.46000000
2018-02-22 14:21:06,0.00038260,14.08000000
2018-02-22 14:21:06,0.00038260,30.00000000
2018-02-22 14:21:06,0.00038260,30.00000000
2018-02-22 14:21:08,0.00038260,100.09000000
2018-02-22 14:21:09,0.00038260,76.38000000
2018-02-22 14:21:09,0.00038320,100.09000000
2018-02-22 14:21:11,0.00038250,125.03000000
2018-02-22 14:21:11,0.00038260,178.18000000
2018-02-22 14:21:11,0.00038310,23.19000000
2018-02-22 14:21:11,0.00038320,239.72000000
2018-02-22 14:21:11,0.00038330,1638.91000000
2018-02-22 14:21:14,0.00038320,50.05000000
2018-02-22 14:21:17,0.00038320,50.05000000
2018-02-22 14:21:21,0.00038280,650.00000000
2018-02-22 14:21:21,0.00038280,15.00000000
2018-02-22 14:21:23,0.00038320,10.00000000
2018-02-22 14:21:23,0.00038320,4.01000000
2018-02-22 14:21:29,0.00038260,26.13000000
2018-02-22 14:21:31,0.00038260,2.99000000
2018-02-22 14:21:34,0.00038260,57.39000000
2018-02-22 14:21:34,0.00038260,30.00000000
2018-02-22 14:21:34,0.00038260,78.37000000
2018-02-22 14:21:34,0.00038260,40.94000000
2018-02-22 14:21:35,0.00038260,78.35000000
2018-02-22 14:21:35,0.00038260,78.36000000
2018-02-22 14:21:35,0.00038260,78.35000000
2018-02-22 14:21:36,0.00038250,78.36000000
2018-02-22 14:21:36,0.00038250,46.73000000
2018-02-22 14:21:36,0.00038250,42.70000000
2018-02-22 14:21:36,0.00038250,6.21000000
2018-02-22 14:21:36,0.00038260,30.00000000
2018-02-22 14:21:38,0.00038260,30.00000000
2018-02-22 14:21:39,0.00038250,18.50000000
2018-02-22 14:21:39,0.00038240,385.57000000
2018-02-22 14:21:40,0.00038260,10.04000000
2018-02-22 14:21:40,0.00038260,68.87000000
2018-02-22 14:21:40,0.00038280,6.50000000
2018-02-22 14:21:41,0.00038260,80.44000000
2018-02-22 14:21:41,0.00038260,79.32000000
2018-02-22 14:21:44,0.00038310,19.63000000
2018-02-22 14:21:44,0.00038320,10.37000000
2018-02-22 14:21:46,0.00038290,5.00000000
2018-02-22 14:21:46,0.00038320,0.01000000
2018-02-22 14:21:46,0.00038320,34.00000000
2018-02-22 14:21:48,0.00038320,114.50000000
2018-02-22 14:21:53,0.00038280,90.00000000
2018-02-22 14:21:53,0.00038260,79.16000000
2018-02-22 14:21:56,0.00038240,382.54000000
2018-02-22 14:21:56,0.00038230,8.94000000
2018-02-22 14:21:56,0.00038290,26.13000000
2018-02-22 14:21:56,0.00038300,3.87000000
2018-02-22 14:21:57,0.00038280,11.86000000
2018-02-22 14:21:57,0.00038280,11.86000000
2018-02-22 14:21:58,0.00038280,25.00000000
2018-02-22 14:21:59,0.00038280,30.00000000
2018-02-22 14:22:07,0.00038270,1000.00000000
2018-02-22 14:22:07,0.00038280,725.88000000
2018-02-22 14:22:07,0.00038280,318.07000000
2018-02-22 14:22:14,0.00038290,173.46000000
2018-02-22 14:22:38,0.00038300,3.00000000
2018-02-22 14:22:46,0.00038300,143.51000000
2018-02-22 14:22:48,0.00038300,131.64000000
2018-02-22 14:22:48,0.00038300,129.80000000
2018-02-22 14:22:48,0.00038300,125.07000000
2018-02-22 14:22:48,0.00038300,122.10000000
2018-02-22 14:22:48,0.00038300,116.26000000
2018-02-22 14:22:48,0.00038300,108.92000000
2018-02-22 14:22:48,0.00038300,100.32000000
2018-02-22 14:22:49,0.00038300,453.72000000
2018-02-22 14:22:49,0.00038300,177.26000000
2018-02-22 14:22:53,0.00038290,11.38000000
2018-02-22 14:22:56,0.00038320,7.83000000
2018-02-22 14:22:56,0.00038320,104.34000000
2018-02-22 14:22:57,0.00038330,720.64000000
2018-02-22 14:23:00,0.00038290,78.34000000
2018-02-22 14:23:00,0.00038290,31.78000000
2018-02-22 14:23:01,0.00038330,460.20000000
2018-02-22 14:23:02,0.00038330,509.44000000
2018-02-22 14:23:04,0.00038330,234.81000000
2018-02-22 14:23:04,0.00038330,321.55000000
2018-02-22 14:23:04,0.00038330,127.01000000
2018-02-22 14:23:05,0.00038330,340.85000000
2018-02-22 14:23:11,0.00038350,105.39000000
2018-02-22 14:23:11,0.00038350,35.65000000
2018-02-22 14:23:15,0.00038340,70.93000000
2018-02-22 14:23:15,0.00038330,26.72000000
2018-02-22 14:23:18,0.00038350,5.00000000
2018-02-22 14:23:20,0.00038350,1132.00000000
2018-02-22 14:23:23,0.00038400,5.16000000
2018-02-22 14:23:24,0.00038350,5.16000000
2018-02-22 14:23:39,0.00038350,39.32000000
2018-02-22 14:23:42,0.00038350,15.61000000
2018-02-22 14:23:46,0.00038350,32.33000000
2018-02-22 14:23:46,0.00038380,117.67000000
2018-02-22 14:23:49,0.00038380,65.00000000
2018-02-22 14:23:55,0.00038350,339.81000000
2018-02-22 14:23:55,0.00038360,2183.48000000
2018-02-22 14:23:55,0.00038380,53.05000000
2018-02-22 14:23:55,0.00038400,276.83000000
2018-02-22 14:23:55,0.00038400,4.64000000
2018-02-22 14:23:55,0.00038400,4.63000000
2018-02-22 14:23:55,0.00038400,25.83000000
2018-02-22 14:23:55,0.00038400,5.80000000
2018-02-22 14:23:55,0.00038400,21.20000000
2018-02-22 14:23:55,0.00038400,4.64000000
2018-02-22 14:23:55,0.00038410,9.90000000
2018-02-22 14:24:07,0.00038410,2.64000000
2018-02-22 14:24:09,0.00038430,50.50000000
2018-02-22 14:24:11,0.00038430,9.13000000
2018-02-22 14:24:13,0.00038430,110.20000000
2018-02-22 14:24:15,0.00038430,95.60000000
2018-02-22 14:24:15,0.00038460,8.79000000
2018-02-22 14:24:15,0.00038470,7.01000000
2018-02-22 14:24:16,0.00038430,38.90000000
2018-02-22 14:24:16,0.00038470,20.37000000
2018-02-22 14:24:18,0.00038470,0.01000000
2018-02-22 14:24:20,0.00038430,302.74000000
2018-02-22 14:24:21,0.00038410,3.06000000
2018-02-22 14:24:22,0.00038460,28.59000000
2018-02-22 14:24:22,0.00038430,367.57000000
2018-02-22 14:24:22,0.00038460,8.56000000
2018-02-22 14:24:22,0.00038470,18.87000000
2018-02-22 14:24:25,0.00038410,388.24000000
2018-02-22 14:24:38,0.00038400,129.75000000
2018-02-22 14:24:38,0.00038460,5.72000000
2018-02-22 14:24:40,0.00038440,20.31000000
2018-02-22 14:24:40,0.00038450,37.37000000
2018-02-22 14:24:42,0.00038400,15.00000000
2018-02-22 14:24:42,0.00038390,26.04000000
2018-02-22 14:24:44,0.00038410,11.01000000
2018-02-22 14:24:44,0.00038410,810.68000000
2018-02-22 14:24:44,0.00038420,26.04000000
2018-02-22 14:24:44,0.00038430,113.10000000
2018-02-22 14:24:44,0.00038440,246.03000000
2018-02-22 14:24:44,0.00038450,251.65000000
2018-02-22 14:24:44,0.00038460,344.81000000
2018-02-22 14:24:44,0.00038470,2700.27000000
2018-02-22 14:24:44,0.00038480,469.42000000
2018-02-22 14:24:44,0.00038500,268.17000000
2018-02-22 14:24:46,0.00038460,15.00000000
2018-02-22 14:24:47,0.00038450,91.52000000
2018-02-22 14:24:48,0.00038430,129.75000000
2018-02-22 14:24:48,0.00038420,13.72000000
2018-02-22 14:24:56,0.00038490,129.75000000
2018-02-22 14:24:56,0.00038500,263.99000000
2018-02-22 14:24:56,0.00038510,1537.75000000
2018-02-22 14:24:56,0.00038510,4.63000000
2018-02-22 14:24:56,0.00038510,106.26000000
2018-02-22 14:24:56,0.00038510,106.26000000
2018-02-22 14:24:56,0.00038510,106.26000000
2018-02-22 14:24:56,0.00038510,70.33000000
2018-02-22 14:24:56,0.00038500,35.93000000
2018-02-22 14:24:56,0.00038500,70.33000000
2018-02-22 14:25:02,0.00038500,50.00000000
2018-02-22 14:25:03,0.00038450,286.11000000
2018-02-22 14:25:04,0.00038460,104.30000000
2018-02-22 14:25:04,0.00038500,80.68000000
2018-02-22 14:25:04,0.00038580,84.23000000
2018-02-22 14:25:05,0.00038480,77.95000000
2018-02-22 14:25:05,0.00038490,21.46000000
2018-02-22 14:25:13,0.00038500,4.09000000
2018-02-22 14:25:23,0.00038500,1.48000000
2018-02-22 14:25:25,0.00038490,5.72000000
2018-02-22 14:25:25,0.00038460,20.98000000
2018-02-22 14:25:26,0.00038490,72.23000000
2018-02-22 14:25:26,0.00038500,458.58000000
2018-02-22 14:25:31,0.00038550,21.46000000
2018-02-22 14:25:31,0.00038560,28.54000000
2018-02-22 14:25:33,0.00038510,236.00000000
2018-02-22 14:25:34,0.00038500,15.57000000
2018-02-22 14:25:38,0.00038500,1169.16000000
2018-02-22 14:25:43,0.00038450,7.70000000
2018-02-22 14:25:43,0.00038450,22.72000000
2018-02-22 14:25:46,0.00038500,531.03000000
2018-02-22 14:25:47,0.00038500,212.02000000
2018-02-22 14:25:50,0.00038500,4307.75000000
2018-02-22 14:25:50,0.00038450,9.56000000
2018-02-22 14:25:51,0.00038450,52.00000000
2018-02-22 14:25:51,0.00038430,32.89000000
2018-02-22 14:25:51,0.00038420,3.29000000
2018-02-22 14:25:51,0.00038410,124.24000000
2018-02-22 14:25:52,0.00038430,26.02000000
2018-02-22 14:25:52,0.00038420,431.56000000
2018-02-22 14:25:53,0.00038410,15.00000000
2018-02-22 14:25:54,0.00038450,15.00000000
2018-02-22 14:25:55,0.00038410,359.45000000
2018-02-22 14:25:55,0.00038410,332.43000000
2018-02-22 14:25:55,0.00038460,26.50000000
2018-02-22 14:25:55,0.00038460,13.47000000
2018-02-22 14:25:57,0.00038410,26.03000000
2018-02-22 14:25:57,0.00038400,3.00000000
2018-02-22 14:25:57,0.00038360,39.97000000
2018-02-22 14:25:57,0.00038350,7.11000000
2018-02-22 14:25:58,0.00038440,89.67000000
2018-02-22 14:26:00,0.00038360,15.00000000
2018-02-22 14:26:00,0.00038360,6.54000000
2018-02-22 14:26:00,0.00038360,6.54000000
2018-02-22 14:26:00,0.00038360,6.54000000
2018-02-22 14:26:00,0.00038360,33.29000000
2018-02-22 14:26:01,0.00038350,113.43000000
2018-02-22 14:26:01,0.00038350,16.53000000
2018-02-22 14:26:02,0.00038360,13.04000000
2018-02-22 14:26:03,0.00038330,161.30000000
2018-02-22 14:26:03,0.00038320,198.88000000
2018-02-22 14:26:04,0.00038360,33.15000000
2018-02-22 14:26:13,0.00038350,1.64000000
2018-02-22 14:26:13,0.00038340,13.05000000
2018-02-22 14:26:13,0.00038340,24.95000000
2018-02-22 14:26:14,0.00038340,36.27000000
2018-02-22 14:26:14,0.00038340,13.04000000
2018-02-22 14:26:16,0.00038340,11.10000000
2018-02-22 14:26:17,0.00038310,462.20000000
2018-02-22 14:26:17,0.00038310,55.69000000
2018-02-22 14:26:17,0.00038310,50.02000000
2018-02-22 14:26:17,0.00038310,50.21000000
2018-02-22 14:26:17,0.00038310,30.00000000
2018-02-22 14:26:17,0.00038310,100.00000000
2018-02-22 14:26:18,0.00038310,2.95000000
2018-02-22 14:26:18,0.00038310,5.69000000
2018-02-22 14:26:18,0.00038310,3.58000000
2018-02-22 14:26:19,0.00038310,30.00000000
2018-02-22 14:26:19,0.00038300,2.87000000
2018-02-22 14:26:19,0.00038300,22.61000000
2018-02-22 14:26:20,0.00038300,3.60000000
2018-02-22 14:26:20,0.00038300,13.06000000
2018-02-22 14:26:20,0.00038300,31.05000000
2018-02-22 14:26:21,0.00038300,185.29000000
2018-02-22 14:26:21,0.00038310,35.91000000
2018-02-22 14:26:22,0.00038310,36.58000000
2018-02-22 14:26:22,0.00038320,2.42000000
2018-02-22 14:26:23,0.00038300,3.00000000
2018-02-22 14:26:23,0.00038290,60.00000000
2018-02-22 14:26:24,0.00038290,20.63000000
2018-02-22 14:26:24,0.00038320,1051.08000000
2018-02-22 14:26:24,0.00038350,43.38000000
2018-02-22 14:26:28,0.00038290,33.35000000
2018-02-22 14:26:28,0.00038280,11.00000000
2018-02-22 14:26:28,0.00038240,36.78000000
2018-02-22 14:26:30,0.00038280,10.00000000
2018-02-22 14:26:31,0.00038270,36.78000000
2018-02-22 14:26:31,0.00038280,16.02000000
2018-02-22 14:26:31,0.00038290,756.77000000
2018-02-22 14:26:31,0.00038310,25.50000000
2018-02-22 14:26:32,0.00038240,140.07000000
2018-02-22 14:26:32,0.00038230,309.29000000
2018-02-22 14:26:32,0.00038220,143.23000000
2018-02-22 14:26:32,0.00038220,121.76000000
2018-02-22 14:26:39,0.00038230,1777.79000000
2018-02-22 14:26:40,0.00038250,148.48000000
2018-02-22 14:26:40,0.00038250,148.59000000
2018-02-22 14:26:40,0.00038240,45.02000000
2018-02-22 14:26:41,0.00038240,84.94000000
2018-02-22 14:26:41,0.00038250,54.67000000
2018-02-22 14:26:41,0.00038280,10.11000000
2018-02-22 14:26:41,0.00038310,20.05000000
2018-02-22 14:26:42,0.00038240,25.30000000
2018-02-22 14:26:43,0.00038300,25.30000000
2018-02-22 14:26:43,0.00038310,3.41000000
2018-02-22 14:26:45,0.00038310,27.30000000
2018-02-22 14:26:45,0.00038260,2.93000000
2018-02-22 14:26:45,0.00038250,156.10000000
2018-02-22 14:26:45,0.00038240,46.09000000
2018-02-22 14:26:45,0.00038240,199.67000000
2018-02-22 14:26:47,0.00038230,129.96000000
2018-02-22 14:26:54,0.00038240,78.41000000
2018-02-22 14:26:55,0.00038240,52.66000000
2018-02-22 14:26:55,0.00038230,579.74000000
2018-02-22 14:26:55,0.00038240,12.33000000
2018-02-22 14:26:56,0.00038230,1936.03000000
2018-02-22 14:26:56,0.00038220,118.80000000
2018-02-22 14:26:56,0.00038220,62.72000000
2018-02-22 14:26:59,0.00038290,20.00000000
2018-02-22 14:27:12,0.00038230,23.85000000
2018-02-22 14:27:12,0.00038220,12.78000000
2018-02-22 14:27:13,0.00038290,7.35000000
2018-02-22 14:27:13,0.00038280,13.85000000
2018-02-22 14:27:13,0.00038290,12.26000000
2018-02-22 14:27:13,0.00038290,26.11000000
2018-02-22 14:27:14,0.00038230,8.15000000
2018-02-22 14:27:28,0.00038240,43.14000000
2018-02-22 14:27:29,0.00038240,78.36000000
2018-02-22 14:27:29,0.00038240,7.41000000
2018-02-22 14:27:29,0.00038240,44.59000000
2018-02-22 14:27:30,0.00038230,13.13000000
2018-02-22 14:27:30,0.00038230,8.15000000
2018-02-22 14:27:31,0.00038230,4.87000000
2018-02-22 14:27:31,0.00038220,25.13000000
2018-02-22 14:27:32,0.00038230,35.01000000
2018-02-22 14:27:33,0.00038230,3.13000000
2018-02-22 14:27:34,0.00038230,24.23000000
2018-02-22 14:27:34,0.00038230,24.23000000
2018-02-22 14:27:34,0.00038230,24.23000000
2018-02-22 14:27:34,0.00038220,24.23000000
2018-02-22 14:27:34,0.00038230,36.14000000
2018-02-22 14:27:34,0.00038240,10.78000000
2018-02-22 14:27:35,0.00038240,20.00000000
2018-02-22 14:27:35,0.00038240,261.50000000
2018-02-22 14:27:35,0.00038240,301.86000000
2018-02-22 14:27:35,0.00038290,69.57000000
2018-02-22 14:27:35,0.00038300,17.42000000
2018-02-22 14:27:36,0.00038240,100.00000000
2018-02-22 14:27:36,0.00038240,117.34000000
2018-02-22 14:27:43,0.00038240,15.81000000
2018-02-22 14:27:44,0.00038280,8.44000000
2018-02-22 14:27:44,0.00038280,8.44000000
2018-02-22 14:28:03,0.00038280,248.79000000
2018-02-22 14:28:06,0.00038240,254.27000000
2018-02-22 14:28:06,0.00038220,909.37000000
2018-02-22 14:28:06,0.00038210,139.67000000
2018-02-22 14:28:06,0.00038200,190.89000000
2018-02-22 14:28:06,0.00038200,140.28000000
2018-02-22 14:28:06,0.00038200,78.36000000
2018-02-22 14:28:06,0.00038200,60.16000000
2018-02-22 14:28:07,0.00038270,15.00000000
2018-02-22 14:28:07,0.00038280,51.03000000
2018-02-22 14:28:08,0.00038260,26.15000000
2018-02-22 14:28:08,0.00038280,86.80000000
2018-02-22 14:28:08,0.00038280,0.78000000
2018-02-22 14:28:08,0.00038300,53.22000000
2018-02-22 14:28:23,0.00038300,400.00000000
2018-02-22 14:28:23,0.00038240,384.98000000
2018-02-22 14:28:23,0.00038230,131.84000000
2018-02-22 14:28:23,0.00038200,314.14000000
2018-02-22 14:28:24,0.00038200,10.00000000
2018-02-22 14:28:25,0.00038220,15.00000000
2018-02-22 14:28:25,0.00038210,261.69000000
2018-02-22 14:28:25,0.00038200,324.14000000
2018-02-22 14:28:25,0.00038190,140.37000000
2018-02-22 14:28:26,0.00038200,324.09000000
2018-02-22 14:28:26,0.00038200,74.34000000
2018-02-22 14:28:26,0.00038200,1109.03000000
2018-02-22 14:28:28,0.00038210,247.93000000
2018-02-22 14:28:28,0.00038200,143.88000000
2018-02-22 14:28:28,0.00038200,15.00000000
2018-02-22 14:28:29,0.00038210,0.07000000
2018-02-22 14:28:30,0.00038200,131.84000000
2018-02-22 14:28:33,0.00038200,86.24000000
2018-02-22 14:28:33,0.00038190,13.69000000
2018-02-22 14:28:34,0.00038190,714.17000000
2018-02-22 14:28:43,0.00038180,24.23000000
2018-02-22 14:28:43,0.00038190,99.93000000
2018-02-22 14:28:44,0.00038190,25.48000000
2018-02-22 14:28:47,0.00038180,200.00000000
2018-02-22 14:28:50,0.00038180,37.44000000
2018-02-22 14:28:51,0.00038180,7.25000000
2018-02-22 14:28:51,0.00038180,39.50000000
2018-02-22 14:29:08,0.00038160,0.02000000
2018-02-22 14:29:11,0.00038160,263.48000000
2018-02-22 14:29:16,0.00038120,3.05000000
2018-02-22 14:29:22,0.00038130,703.41000000
2018-02-22 14:29:22,0.00038130,597.19000000
2018-02-22 14:29:22,0.00038130,78.56000000
2018-02-22 14:29:22,0.00038130,262.26000000
2018-02-22 14:29:23,0.00038120,84.59000000
2018-02-22 14:29:23,0.00038130,39.97000000
2018-02-22 14:29:23,0.00038130,26.22000000
2018-02-22 14:29:23,0.00038130,30.10000000
2018-02-22 14:29:23,0.00038130,30.09000000
2018-02-22 14:29:23,0.00038130,78.58000000
2018-02-22 14:29:23,0.00038120,48.46000000
2018-02-22 14:29:23,0.00038130,157.63000000
2018-02-22 14:29:23,0.00038130,30.09000000
2018-02-22 14:29:26,0.00038170,26.19000000
2018-02-22 14:29:30,0.00038170,51.53000000
2018-02-22 14:29:30,0.00038170,78.54000000
2018-02-22 14:29:30,0.00038170,78.55000000
2018-02-22 14:29:30,0.00038170,78.55000000
2018-02-22 14:29:30,0.00038170,78.54000000
2018-02-22 14:29:30,0.00038170,78.54000000
2018-02-22 14:29:30,0.00038170,69.53000000
2018-02-22 14:29:42,0.00038180,52.38000000
2018-02-22 14:29:53,0.00038180,51.11000000
2018-02-22 14:30:05,0.00038220,47.99000000
2018-02-22 14:30:05,0.00038220,11.59000000
2018-02-22 14:30:05,0.00038190,11.59000000
2018-02-22 14:30:16,0.00038200,26.17000000
2018-02-22 14:30:16,0.00038190,11.59000000
2018-02-22 14:30:17,0.00038200,21.72000000
2018-02-22 14:30:17,0.00038250,2.99000000
2018-02-22 14:30:17,0.00038290,7.96000000
2018-02-22 14:30:17,0.00038300,358.42000000
2018-02-22 14:30:23,0.00038290,20.00000000
2018-02-22 14:30:25,0.00038220,5.83000000
2018-02-22 14:30:25,0.00038270,6.17000000
2018-02-22 14:30:25,0.00038280,121.98000000
2018-02-22 14:30:27,0.00038270,5.83000000
2018-02-22 14:30:27,0.00038280,37.05000000
2018-02-22 14:30:27,0.00038300,291.12000000
2018-02-22 14:30:30,0.00038240,78.45000000
2018-02-22 14:30:30,0.00038240,79.71000000
2018-02-22 14:30:30,0.00038240,11.65000000
2018-02-22 14:30:33,0.00038240,39.98000000
2018-02-22 14:30:33,0.00038280,35.08000000
2018-02-22 14:30:33,0.00038280,34.88000000
2018-02-22 14:30:33,0.00038280,19.23000000
2018-02-22 14:30:33,0.00038280,19.23000000
2018-02-22 14:30:33,0.00038280,78.36000000
2018-02-22 14:30:33,0.00038280,22.04000000
2018-02-22 14:30:36,0.00038280,35.14000000
2018-02-22 14:30:40,0.00038280,272.57000000
2018-02-22 14:30:46,0.00038210,78.17000000
2018-02-22 14:30:46,0.00038190,38.41000000
2018-02-22 14:30:46,0.00038180,58.37000000
2018-02-22 14:30:53,0.00038200,52.00000000
2018-02-22 14:30:53,0.00038180,156.93000000
2018-02-22 14:30:53,0.00038180,50.00000000
2018-02-22 14:31:04,0.00038230,26.15000000
2018-02-22 14:31:12,0.00038200,5.18000000
2018-02-22 14:31:33,0.00038220,5.38000000
2018-02-22 14:31:33,0.00038200,46.82000000
2018-02-22 14:31:33,0.00038200,6.13000000
2018-02-22 14:31:33,0.00038200,8.43000000
2018-02-22 14:31:34,0.00038190,105.86000000
2018-02-22 14:31:34,0.00038200,78.45000000
2018-02-22 14:31:35,0.00038200,556.31000000
2018-02-22 14:31:35,0.00038230,89.61000000
2018-02-22 14:31:35,0.00038270,339.81000000
2018-02-22 14:31:35,0.00038280,337.86000000
2018-02-22 14:31:35,0.00038290,30.93000000
2018-02-22 14:31:35,0.00038300,1838.52000000
2018-02-22 14:32:02,0.00038220,41.16000000
2018-02-22 14:32:02,0.00038210,258.84000000
2018-02-22 14:32:07,0.00038190,120.00000000
2018-02-22 14:32:11,0.00038210,15.00000000
2018-02-22 14:32:13,0.00038190,66.40000000
2018-02-22 14:32:20,0.00038190,329.54000000
2018-02-22 14:32:22,0.00038200,66.21000000
2018-02-22 14:32:25,0.00038190,101.03000000
2018-02-22 14:32:25,0.00038180,378.43000000
2018-02-22 14:32:26,0.00038190,35.60000000
2018-02-22 14:32:26,0.00038190,35.12000000
2018-02-22 14:32:27,0.00038190,29.03000000
2018-02-22 14:32:31,0.00038190,47.80000000
2018-02-22 14:32:34,0.00038180,26.16000000
2018-02-22 14:32:35,0.00038170,130.00000000
2018-02-22 14:32:35,0.00038170,130.99000000
2018-02-22 14:32:36,0.00038170,127.85000000
2018-02-22 14:32:39,0.00038190,78.48000000
2018-02-22 14:32:40,0.00038190,48.62000000
2018-02-22 14:32:40,0.00038130,157.35000000
2018-02-22 14:32:40,0.00038120,35.00000000
2018-02-22 14:32:40,0.00038100,452.58000000
2018-02-22 14:32:40,0.00038090,145.54000000
2018-02-22 14:32:40,0.00038070,64.00000000
2018-02-22 14:32:40,0.00038040,398.00000000
2018-02-22 14:32:41,0.00038180,15.00000000
2018-02-22 14:32:41,0.00038190,130.92000000
2018-02-22 14:32:41,0.00038190,187.93000000
2018-02-22 14:32:42,0.00038150,6.51000000
2018-02-22 14:32:42,0.00038160,249.99000000
2018-02-22 14:32:42,0.00038160,0.01000000
2018-02-22 14:32:43,0.00038190,9.14000000
2018-02-22 14:32:43,0.00038150,157.35000000
2018-02-22 14:32:49,0.00038150,7.79000000
2018-02-22 14:32:49,0.00038180,26.21000000
2018-02-22 14:32:53,0.00038120,15.00000000
2018-02-22 14:32:53,0.00038120,9.22000000
2018-02-22 14:32:53,0.00038120,25.46000000
2018-02-22 14:32:53,0.00038110,26.21000000
2018-02-22 14:32:53,0.00038100,3.00000000
2018-02-22 14:32:53,0.00038100,3.00000000
2018-02-22 14:32:57,0.00038090,366.03000000
2018-02-22 14:32:58,0.00038090,879.05000000
2018-02-22 14:32:58,0.00038090,378.81000000
2018-02-22 14:32:59,0.00038100,164.36000000
2018-02-22 14:33:00,0.00038050,378.35000000
2018-02-22 14:33:00,0.00038040,26.28000000
2018-02-22 14:33:00,0.00038040,26.20000000
2018-02-22 14:33:00,0.00038040,9.00000000
2018-02-22 14:33:07,0.00038070,262.67000000
2018-02-22 14:33:07,0.00038060,131.87000000
2018-02-22 14:33:07,0.00038050,485.40000000
2018-02-22 14:33:07,0.00038040,669.81000000
2018-02-22 14:33:07,0.00038030,219.11000000
2018-02-22 14:33:08,0.00038040,15.00000000
2018-02-22 14:33:08,0.00038030,1084.61000000
2018-02-22 14:33:08,0.00038020,67.11000000
2018-02-22 14:33:08,0.00038010,3212.14000000
2018-02-22 14:33:08,0.00038010,206.11000000
2018-02-22 14:33:08,0.00038010,286.06000000
2018-02-22 14:33:08,0.00038010,205.74000000
2018-02-22 14:33:08,0.00038010,30.82000000
2018-02-22 14:33:08,0.00038010,286.06000000
2018-02-22 14:33:08,0.00038010,26.30000000
2018-02-22 14:33:08,0.00038010,12.44000000
2018-02-22 14:33:08,0.00038010,170.03000000
2018-02-22 14:33:08,0.00038010,26.30000000
2018-02-22 14:33:08,0.00038010,131.54000000
2018-02-22 14:33:08,0.00038010,146.83000000
2018-02-22 14:33:08,0.00038010,112.59000000
2018-02-22 14:33:08,0.00038010,248.23000000
2018-02-22 14:33:08,0.00038010,93.78000000
2018-02-22 14:33:08,0.00038000,168.89000000
2018-02-22 14:33:08,0.00038000,20.00000000
2018-02-22 14:33:08,0.00038000,131.87000000
2018-02-22 14:33:10,0.00038010,258.75000000
2018-02-22 14:33:15,0.00038040,8.31000000
2018-02-22 14:33:16,0.00038010,15.00000000
2018-02-22 14:33:16,0.00038010,282.22000000
2018-02-22 14:33:16,0.00038010,13.02000000
2018-02-22 14:33:16,0.00038000,250.44000000
2018-02-22 14:33:16,0.00038010,37.99000000
2018-02-22 14:33:16,0.00038010,32.01000000
2018-02-22 14:33:17,0.00038010,80.09000000
2018-02-22 14:33:17,0.00038010,13.16000000
2018-02-22 14:33:19,0.00038010,7.43000000
2018-02-22 14:33:19,0.00038010,30.00000000
2018-02-22 14:33:20,0.00038000,164.22000000
2018-02-22 14:33:21,0.00037990,26.32000000
2018-02-22 14:33:22,0.00037990,0.09000000
2018-02-22 14:33:23,0.00037970,10.00000000
2018-02-22 14:33:23,0.00037990,30.00000000
2018-02-22 14:33:25,0.00037990,6.58000000
2018-02-22 14:33:29,0.00037970,14.75000000
2018-02-22 14:33:29,0.00037970,251.04000000
2018-02-22 14:33:29,0.00037970,6.40000000
2018-02-22 14:33:30,0.00037970,15.00000000
2018-02-22 14:33:30,0.00037990,426.12000000
2018-02-22 14:33:30,0.00038000,559.51000000
2018-02-22 14:33:30,0.00038010,32.10000000
2018-02-22 14:33:31,0.00037970,26.33000000
2018-02-22 14:33:31,0.00037970,10.26000000
2018-02-22 14:33:31,0.00037970,21.37000000
2018-02-22 14:33:31,0.00037970,177.75000000
2018-02-22 14:33:32,0.00037970,47.22000000
2018-02-22 14:33:32,0.00037960,5.27000000
2018-02-22 14:33:32,0.00037960,101.90000000
2018-02-22 14:33:34,0.00037970,284.88000000
2018-02-22 14:33:35,0.00037960,250.99000000
2018-02-22 14:33:37,0.00037960,17.88000000
2018-02-22 14:33:37,0.00037960,55.77000000
2018-02-22 14:33:37,0.00037950,444.23000000
2018-02-22 14:33:38,0.00037950,0.33000000
2018-02-22 14:33:39,0.00037950,2277.20000000
2018-02-22 14:33:39,0.00037950,131.75000000
2018-02-22 14:33:39,0.00037950,278.31000000
2018-02-22 14:33:39,0.00037950,131.75000000
2018-02-22 14:33:40,0.00037950,110.06000000
2018-02-22 14:33:42,0.00037950,94.74000000
2018-02-22 14:33:42,0.00037970,266.81000000
2018-02-22 14:33:49,0.00037970,84.27000000
2018-02-22 14:33:50,0.00038020,6.58000000
2018-02-22 14:33:58,0.00037980,63.45000000
2018-02-22 14:33:59,0.00038050,3.15000000
2018-02-22 14:34:07,0.00037970,690.05000000
2018-02-22 14:34:10,0.00037980,128.78000000
2018-02-22 14:34:21,0.00037980,624.58000000
2018-02-22 14:34:23,0.00038010,15.00000000
2018-02-22 14:34:29,0.00038010,1.36000000
2018-02-22 14:34:35,0.00037980,47.09000000
2018-02-22 14:34:36,0.00037980,21.46000000
2018-02-22 14:34:36,0.00037980,232.34000000
2018-02-22 14:34:39,0.00037980,13.00000000
2018-02-22 14:34:40,0.00037990,578.97000000
2018-02-22 14:34:47,0.00037990,426.44000000
2018-02-22 14:34:48,0.00037980,3213.14000000
2018-02-22 14:34:48,0.00037950,465.75000000
2018-02-22 14:34:49,0.00037990,315.18000000
2018-02-22 14:34:49,0.00037990,7.12000000
2018-02-22 14:34:50,0.00037950,5.05000000
2018-02-22 14:34:57,0.00037950,69.98000000
2018-02-22 14:35:02,0.00037980,78.88000000
2018-02-22 14:35:04,0.00037980,26.21000000
2018-02-22 14:35:09,0.00037970,147.72000000
2018-02-22 14:35:09,0.00037980,339.81000000
2018-02-22 14:35:09,0.00037990,396.23000000
2018-02-22 14:35:09,0.00037950,37.54000000
2018-02-22 14:35:09,0.00037940,9.33000000
2018-02-22 14:35:09,0.00037930,1000.00000000
2018-02-22 14:35:09,0.00037930,40.48000000
2018-02-22 14:35:09,0.00037930,16.57000000
2018-02-22 14:35:13,0.00037980,34.55000000
2018-02-22 14:35:22,0.00037970,0.17000000
2018-02-22 14:35:24,0.00037970,39.30000000
2018-02-22 14:35:25,0.00037980,474.01000000
2018-02-22 14:35:28,0.00037980,256.33000000
2018-02-22 14:35:29,0.00037980,177.77000000
2018-02-22 14:35:30,0.00037980,251.10000000
2018-02-22 14:35:31,0.00037980,5.83000000
2018-02-22 14:35:31,0.00037980,26.32000000
2018-02-22 14:35:32,0.00037970,1.36000000
2018-02-22 14:35:40,0.00037980,18.47000000
2018-02-22 14:35:40,0.00037990,13.14000000
2018-02-22 14:35:40,0.00038020,1.39000000
2018-02-22 14:35:46,0.00037970,52.58000000
2018-02-22 14:35:47,0.00037970,311.04000000
2018-02-22 14:35:48,0.00037970,5.03000000
2018-02-22 14:36:07,0.00037970,50.00000000
2018-02-22 14:36:22,0.00037980,13.17000000
2018-02-22 14:36:22,0.00037970,165.21000000
2018-02-22 14:36:24,0.00037970,356.53000000
2018-02-22 14:36:30,0.00037970,94.95000000
2018-02-22 14:36:33,0.00037970,104.63000000
2018-02-22 14:36:36,0.00037970,13.17000000
2018-02-22 14:36:51,0.00037970,25.83000000
2018-02-22 14:37:05,0.00037960,1.49000000
2018-02-22 14:37:14,0.00037930,22.01000000
2018-02-22 14:37:24,0.00037930,30.74000000
2018-02-22 14:37:25,0.00037910,14.82000000
2018-02-22 14:37:27,0.00037930,26.04000000
2018-02-22 14:37:29,0.00037910,14.72000000
2018-02-22 14:37:29,0.00037900,42.12000000
2018-02-22 14:37:30,0.00037900,25.57000000
2018-02-22 14:37:30,0.00037900,26.00000000
2018-02-22 14:37:35,0.00037860,53.00000000
2018-02-22 14:37:35,0.00037850,339.81000000
2018-02-22 14:37:35,0.00037840,15.00000000
2018-02-22 14:37:35,0.00037830,398.20000000
2018-02-22 14:37:35,0.00037820,317.29000000
2018-02-22 14:37:35,0.00037810,31.76000000
2018-02-22 14:37:35,0.00037800,637.87000000
2018-02-22 14:37:35,0.00037790,204.67000000
2018-02-22 14:37:35,0.00037890,15.00000000
2018-02-22 14:37:51,0.00037850,15.00000000
2018-02-22 14:37:51,0.00037840,53.00000000
2018-02-22 14:37:51,0.00037820,317.29000000
2018-02-22 14:37:51,0.00037770,119.72000000
2018-02-22 14:38:00,0.00037870,23.39000000
2018-02-22 14:38:00,0.00037870,2.98000000
2018-02-22 14:38:03,0.00037830,20.00000000
2018-02-22 14:38:03,0.00037820,13.78000000
2018-02-22 14:38:04,0.00037880,3.71000000
2018-02-22 14:38:09,0.00037880,11.88000000
2018-02-22 14:38:11,0.00037880,11.28000000
2018-02-22 14:38:13,0.00037830,45.36000000
2018-02-22 14:38:21,0.00037870,264.06000000
2018-02-22 14:38:21,0.00037870,115.26000000
2018-02-22 14:38:21,0.00037880,679.36000000
2018-02-22 14:38:21,0.00037880,388.35000000
2018-02-22 14:38:21,0.00037880,39.41000000
2018-02-22 14:38:23,0.00037900,153.00000000
2018-02-22 14:38:23,0.00037880,122.45000000
2018-02-22 14:38:25,0.00037900,7.84000000
2018-02-22 14:38:25,0.00037930,3.36000000
2018-02-22 14:38:26,0.00037930,3.26000000
2018-02-22 14:38:29,0.00037930,26.57000000
2018-02-22 14:38:31,0.00037930,216.85000000
2018-02-22 14:38:35,0.00037930,66.72000000
2018-02-22 14:38:38,0.00037930,104.14000000
2018-02-22 14:38:38,0.00037930,43.65000000
2018-02-22 14:38:40,0.00037970,437.62000000
2018-02-22 14:38:40,0.00037990,5.81000000
2018-02-22 14:38:41,0.00037990,5.81000000
2018-02-22 14:38:51,0.00037950,8.51000000
2018-02-22 14:38:58,0.00037950,107.93000000
2018-02-22 14:39:01,0.00037950,7.33000000
2018-02-22 14:39:01,0.00037950,398.75000000
2018-02-22 14:39:01,0.00037950,263.15000000
2018-02-22 14:39:02,0.00037940,11.62000000
2018-02-22 14:39:18,0.00037940,250.04000000
2018-02-22 14:39:19,0.00037940,615.14000000
2018-02-22 14:39:19,0.00037920,4.24000000
2018-02-22 14:39:21,0.00037950,26.35000000
2018-02-22 14:39:21,0.00037950,26.35000000
2018-02-22 14:39:22,0.00037890,5.70000000
2018-02-22 14:39:26,0.00037900,6.30000000
2018-02-22 14:39:28,0.00037900,6.90000000
2018-02-22 14:39:29,0.00037890,69.44000000
2018-02-22 14:39:30,0.00037870,132.16000000
2018-02-22 14:39:30,0.00037820,68.00000000
2018-02-22 14:39:30,0.00037800,68.59000000
2018-02-22 14:39:32,0.00037870,14.69000000
2018-02-22 14:39:32,0.00037870,11.69000000
2018-02-22 14:39:32,0.00037880,14.70000000
2018-02-22 14:39:32,0.00037880,146.70000000
2018-02-22 14:39:34,0.00037880,5.80000000
2018-02-22 14:39:36,0.00037860,5.80000000
2018-02-22 14:39:39,0.00037870,5.80000000
2018-02-22 14:39:50,0.00037870,1408.09000000
2018-02-22 14:39:50,0.00037830,13.22000000
2018-02-22 14:39:50,0.00037820,179.27000000
2018-02-22 14:39:50,0.00037810,128.36000000
2018-02-22 14:39:50,0.00037800,1838.72000000
2018-02-22 14:39:51,0.00037880,172.61000000
2018-02-22 14:39:54,0.00037880,182.66000000
2018-02-22 14:39:57,0.00037880,185.91000000
2018-02-22 14:40:01,0.00037830,8.57000000
2018-02-22 14:40:01,0.00037820,12.07000000
2018-02-22 14:40:01,0.00037780,0.82000000
2018-02-22 14:40:02,0.00037880,290.33000000
2018-02-22 14:40:08,0.00037860,5.80000000
2018-02-22 14:40:10,0.00037860,3.40000000
2018-02-22 14:40:12,0.00037790,216.00000000
2018-02-22 14:40:12,0.00037780,69.66000000
2018-02-22 14:40:13,0.00037840,5.80000000
2018-02-22 14:40:22,0.00037840,111.71000000
2018-02-22 14:40:23,0.00037850,17.24000000
2018-02-22 14:40:23,0.00037860,167.20000000
2018-02-22 14:40:25,0.00037860,1141.38000000
2018-02-22 14:40:26,0.00037850,7.39000000
2018-02-22 14:40:27,0.00037840,14.99000000
2018-02-22 14:40:30,0.00037780,26.46000000
2018-02-22 14:40:30,0.00037770,104.08000000
2018-02-22 14:40:30,0.00037770,264.76000000
2018-02-22 14:40:30,0.00037770,79.28000000
2018-02-22 14:40:30,0.00037770,97.68000000
2018-02-22 14:40:30,0.00037770,534.51000000
2018-02-22 14:40:30,0.00037770,26.47000000
2018-02-22 14:40:30,0.00037770,74.34000000
2018-02-22 14:40:30,0.00037760,79.28000000
2018-02-22 14:40:30,0.00037770,21.60000000
2018-02-22 14:40:31,0.00037770,5.82000000
2018-02-22 14:40:33,0.00037770,238.95000000
2018-02-22 14:40:34,0.00037770,306.35000000
2018-02-22 14:40:34,0.00037770,3.44000000
2018-02-22 14:40:35,0.00037770,1145.32000000
2018-02-22 14:40:35,0.00037770,1174.66000000
2018-02-22 14:40:35,0.00037770,116.68000000
2018-02-22 14:40:37,0.00037760,661.37000000
2018-02-22 14:40:39,0.00037770,90.00000000
2018-02-22 14:40:43,0.00037760,126.43000000
2018-02-22 14:40:44,0.00037760,63.01000000
2018-02-22 14:40:49,0.00037820,5.83000000
2018-02-22 14:40:50,0.00037720,128.25000000
2018-02-22 14:40:50,0.00037710,7.88000000
2018-02-22 14:40:50,0.00037700,121.66000000
2018-02-22 14:40:50,0.00037750,80.00000000
2018-02-22 14:40:52,0.00037720,16.79000000
2018-02-22 14:40:52,0.00037710,6.58000000
2018-02-22 14:40:53,0.00037700,6.47000000
2018-02-22 14:40:53,0.00037780,33.27000000
2018-02-22 14:40:54,0.00037700,12.50000000
2018-02-22 14:40:56,0.00037730,23.37000000
2018-02-22 14:40:56,0.00037740,92.79000000
2018-02-22 14:40:56,0.00037740,8.02000000
2018-02-22 14:40:57,0.00037720,52.84000000
2018-02-22 14:40:57,0.00037720,11.88000000
2018-02-22 14:40:58,0.00037720,7.24000000
2018-02-22 14:41:01,0.00037770,28.55000000
2018-02-22 14:41:05,0.00037720,0.01000000
2018-02-22 14:41:05,0.00037700,109.82000000
2018-02-22 14:41:09,0.00037700,8.12000000
2018-02-22 14:41:10,0.00037770,7.42000000
2018-02-22 14:41:13,0.00037700,27.99000000
2018-02-22 14:41:14,0.00037700,18.38000000
2018-02-22 14:41:19,0.00037700,364.33000000
2018-02-22 14:41:20,0.00037700,9.50000000
2018-02-22 14:41:20,0.00037700,10.29000000
2018-02-22 14:41:22,0.00037750,20.63000000
2018-02-22 14:41:30,0.00037760,13.00000000
2018-02-22 14:41:37,0.00037760,0.46000000
2018-02-22 14:41:37,0.00037760,17.58000000
2018-02-22 14:41:38,0.00037760,231.96000000
2018-02-22 14:41:38,0.00037710,77.24000000
2018-02-22 14:41:38,0.00037700,74.59000000
2018-02-22 14:41:41,0.00037800,60.00000000
2018-02-22 14:41:42,0.00037800,16.93000000
2018-02-22 14:41:44,0.00037770,5.63000000
2018-02-22 14:41:45,0.00037770,20.84000000
2018-02-22 14:41:54,0.00037720,10.34000000
2018-02-22 14:41:55,0.00037720,114.12000000
2018-02-22 14:41:57,0.00037720,86.70000000
2018-02-22 14:41:57,0.00037800,13.30000000
2018-02-22 14:42:05,0.00037790,6.61000000
2018-02-22 14:42:05,0.00037720,134.08000000
2018-02-22 14:42:05,0.00037710,98.83000000
2018-02-22 14:42:09,0.00037710,15.00000000
2018-02-22 14:42:09,0.00037700,405.27000000
2018-02-22 14:42:10,0.00037700,150.00000000
2018-02-22 14:42:11,0.00037700,15.00000000
2018-02-22 14:42:11,0.00037700,134.08000000
2018-02-22 14:42:22,0.00037710,53.98000000
2018-02-22 14:42:23,0.00037700,73.28000000
2018-02-22 14:42:32,0.00037710,189.73000000
2018-02-22 14:42:32,0.00037710,0.05000000
2018-02-22 14:42:32,0.00037700,12.07000000
2018-02-22 14:42:37,0.00037700,298.98000000
2018-02-22 14:42:40,0.00037710,19.43000000
2018-02-22 14:42:43,0.00037790,26.46000000
2018-02-22 14:42:46,0.00037820,21.15000000
2018-02-22 14:42:54,0.00037780,134.74000000
2018-02-22 14:42:54,0.00037820,15.00000000
2018-02-22 14:42:54,0.00037830,0.26000000
2018-02-22 14:42:55,0.00037780,6.45000000
2018-02-22 14:43:06,0.00037780,8.55000000
2018-02-22 14:43:06,0.00037770,25.00000000
2018-02-22 14:43:06,0.00037770,1.47000000
2018-02-22 14:43:06,0.00037710,6.88000000
2018-02-22 14:43:07,0.00037710,8.55000000
2018-02-22 14:43:15,0.00037760,41.90000000
2018-02-22 14:43:15,0.00037820,0.67000000
2018-02-22 14:43:16,0.00037810,15.00000000
2018-02-22 14:43:16,0.00037820,192.31000000
2018-02-22 14:43:16,0.00037840,15.00000000
2018-02-22 14:43:16,0.00037850,1086.67000000
2018-02-22 14:43:20,0.00037830,6.61000000
2018-02-22 14:43:20,0.00037830,99.28000000
2018-02-22 14:43:22,0.00037830,36.64000000
2018-02-22 14:43:22,0.00037850,872.13000000
2018-02-22 14:43:24,0.00037850,79.84000000
2018-02-22 14:43:27,0.00037850,5.84000000
2018-02-22 14:43:27,0.00037850,5.84000000
2018-02-22 14:43:27,0.00037850,5.83000000
2018-02-22 14:43:27,0.00037850,1113.75000000
2018-02-22 14:43:28,0.00037880,15.00000000
2018-02-22 14:43:28,0.00037880,5.83000000
2018-02-22 14:43:28,0.00037880,5.82000000
2018-02-22 14:43:28,0.00037880,5.77000000
2018-02-22 14:43:28,0.00037880,5.80000000
2018-02-22 14:43:28,0.00037880,5.80000000
2018-02-22 14:43:28,0.00037850,145.66000000
2018-02-22 14:43:28,0.00037880,5.80000000
2018-02-22 14:43:28,0.00037850,5.82000000
2018-02-22 14:43:28,0.00037880,5.80000000
2018-02-22 14:43:29,0.00037850,330.20000000
2018-02-22 14:43:32,0.00037850,13.62000000
2018-02-22 14:43:33,0.00037870,15.84000000
2018-02-22 14:43:35,0.00037870,3.17000000
2018-02-22 14:43:35,0.00037850,500.00000000
2018-02-22 14:43:40,0.00037860,169.25000000
2018-02-22 14:43:43,0.00037870,49.45000000
2018-02-22 14:43:43,0.00037870,49.44000000
2018-02-22 14:43:45,0.00037880,20.00000000
2018-02-22 14:43:49,0.00037860,20.39000000
2018-02-22 14:43:49,0.00037860,57.29000000
2018-02-22 14:43:54,0.00037860,401.29000000
2018-02-22 14:43:54,0.00037860,322.33000000
2018-02-22 14:43:54,0.00037860,250.88000000
2018-02-22 14:43:54,0.00037860,200.13000000
2018-02-22 14:43:54,0.00037860,23.78000000
2018-02-22 14:43:56,0.00037860,5.80000000
2018-02-22 14:43:56,0.00037870,10.79000000
2018-02-22 14:43:59,0.00037860,175.71000000
2018-02-22 14:44:02,0.00037860,78.17000000
2018-02-22 14:44:02,0.00037870,9.84000000
2018-02-22 14:44:07,0.00037870,27.73000000
2018-02-22 14:44:07,0.00037870,33.27000000
2018-02-22 14:44:07,0.00037870,33.27000000
2018-02-22 14:44:07,0.00037870,11.53000000
2018-02-22 14:44:07,0.00037880,27.73000000
2018-02-22 14:44:08,0.00037880,27.80000000
2018-02-22 14:44:13,0.00037870,4.51000000
2018-02-22 14:44:16,0.00037870,27.73000000
2018-02-22 14:44:16,0.00037870,7.36000000
2018-02-22 14:44:21,0.00037870,4.17000000
2018-02-22 14:44:23,0.00037880,856.72000000
2018-02-22 14:44:30,0.00037880,440.38000000
2018-02-22 14:44:32,0.00037880,720.86000000
2018-02-22 14:44:37,0.00037920,2.00000000
2018-02-22 14:44:39,0.00037880,714.91000000
2018-02-22 14:44:41,0.00037880,627.00000000
2018-02-22 14:44:41,0.00037860,16.22000000
2018-02-22 14:44:41,0.00037850,18.57000000
2018-02-22 14:44:49,0.00037850,246.71000000
2018-02-22 14:44:49,0.00037850,69.88000000
2018-02-22 14:44:59,0.00037860,26.41000000
2018-02-22 14:44:59,0.00037850,36.99000000
2018-02-22 14:45:09,0.00037900,5.00000000
2018-02-22 14:45:11,0.00037850,0.01000000
2018-02-22 14:45:22,0.00037860,266.74000000
2018-02-22 14:45:22,0.00037850,711.21000000
2018-02-22 14:45:22,0.00037810,133.80000000
2018-02-22 14:45:22,0.00037800,420.67000000
2018-02-22 14:45:22,0.00037790,144.95000000
2018-02-22 14:45:22,0.00037790,770.57000000
2018-02-22 14:45:23,0.00037790,264.72000000
2018-02-22 14:45:23,0.00037780,15.00000000
2018-02-22 14:45:23,0.00037790,79.23000000
2018-02-22 14:45:23,0.00037790,185.75000000
2018-02-22 14:45:23,0.00037790,26.46000000
2018-02-22 14:45:23,0.00037790,222.90000000
2018-02-22 14:45:23,0.00037790,196.43000000
2018-02-22 14:45:23,0.00037790,10.69000000
2018-02-22 14:45:23,0.00037790,79.30000000
2018-02-22 14:45:23,0.00037790,79.30000000
2018-02-22 14:45:24,0.00037780,79.30000000
2018-02-22 14:45:24,0.00037780,185.42000000
2018-02-22 14:45:24,0.00037790,171.98000000
2018-02-22 14:45:24,0.00037790,132.31000000
2018-02-22 14:45:24,0.00037790,79.30000000
2018-02-22 14:45:24,0.00037790,79.30000000
2018-02-22 14:45:24,0.00037780,15.00000000
2018-02-22 14:45:24,0.00037790,79.29000000
2018-02-22 14:45:24,0.00037790,132.31000000
2018-02-22 14:45:24,0.00037780,79.29000000
2018-02-22 14:45:24,0.00037780,54.51000000
2018-02-22 14:45:24,0.00037790,112.22000000
2018-02-22 14:45:24,0.00037850,97.49000000
2018-02-22 14:45:24,0.00037790,67.35000000
2018-02-22 14:45:25,0.00037770,5.96000000
2018-02-22 14:45:25,0.00037750,135.64000000
2018-02-22 14:45:28,0.00037760,114.12000000
2018-02-22 14:45:32,0.00037750,196.43000000
2018-02-22 14:45:37,0.00037750,72.98000000
2018-02-22 14:45:45,0.00037750,23.44000000
2018-02-22 14:45:50,0.00037750,553.02000000
2018-02-22 14:45:50,0.00037730,668.88000000
2018-02-22 14:45:50,0.00037710,2635.22000000
2018-02-22 14:45:50,0.00037700,4813.63000000
2018-02-22 14:45:51,0.00037690,7.96000000
2018-02-22 14:45:53,0.00037690,106.16000000
2018-02-22 14:45:53,0.00037700,23.84000000
2018-02-22 14:45:55,0.00037680,15.39000000
2018-02-22 14:45:55,0.00037670,10.00000000
2018-02-22 14:45:55,0.00037660,265.47000000
2018-02-22 14:45:55,0.00037650,991.98000000
2018-02-22 14:45:55,0.00037630,800.16000000
2018-02-22 14:46:02,0.00037680,3.18000000
2018-02-22 14:46:03,0.00037630,6.11000000
2018-02-22 14:46:03,0.00037610,235.33000000
2018-02-22 14:46:05,0.00037610,5.96000000
2018-02-22 14:46:06,0.00037670,25.73000000
2018-02-22 14:46:08,0.00037620,23.73000000
2018-02-22 14:46:11,0.00037680,23.23000000
2018-02-22 14:46:11,0.00037620,18.28000000
2018-02-22 14:46:11,0.00037610,198.02000000
2018-02-22 14:46:11,0.00037600,286.55000000
2018-02-22 14:46:12,0.00037690,34.88000000
2018-02-22 14:46:13,0.00037690,176.37000000
2018-02-22 14:46:13,0.00037690,199.76000000
2018-02-22 14:46:13,0.00037690,26.53000000
2018-02-22 14:46:13,0.00037690,7.46000000
2018-02-22 14:46:13,0.00037700,22.77000000
2018-02-22 14:46:13,0.00037690,7.46000000
2018-02-22 14:46:13,0.00037690,19.07000000
2018-02-22 14:46:13,0.00037620,3.35000000
2018-02-22 14:46:13,0.00037610,26.04000000
2018-02-22 14:46:13,0.00037610,18.80000000
2018-02-22 14:46:21,0.00037690,5.84000000
2018-02-22 14:46:24,0.00037690,15.00000000
2018-02-22 14:46:29,0.00037630,19.86000000
2018-02-22 14:46:29,0.00037620,134.05000000
2018-02-22 14:46:29,0.00037610,359.94000000
2018-02-22 14:46:29,0.00037600,965.33000000
2018-02-22 14:46:33,0.00037610,4.19000000
2018-02-22 14:46:34,0.00037600,134.05000000
2018-02-22 14:46:34,0.00037610,19.80000000
2018-02-22 14:46:34,0.00037610,0.01000000
2018-02-22 14:46:34,0.00037660,5.80000000
2018-02-22 14:46:37,0.00037610,150.19000000
2018-02-22 14:46:38,0.00037620,23.24000000
2018-02-22 14:46:38,0.00037650,101.88000000
2018-02-22 14:46:41,0.00037600,29.05000000
2018-02-22 14:46:42,0.00037610,150.19000000
2018-02-22 14:46:42,0.00037640,115.28000000
2018-02-22 14:46:43,0.00037600,214.29000000
2018-02-22 14:46:47,0.00037600,1185.51000000
2018-02-22 14:46:47,0.00037600,34.34000000
2018-02-22 14:46:55,0.00037560,11.88000000
2018-02-22 14:47:00,0.00037560,482.78000000
2018-02-22 14:47:00,0.00037560,25.57000000
2018-02-22 14:47:00,0.00037560,25.57000000
2018-02-22 14:47:00,0.00037550,35.75000000
2018-02-22 14:47:00,0.00037520,115.28000000
2018-02-22 14:47:00,0.00037510,8.12000000
2018-02-22 14:47:00,0.00037560,25.57000000
2018-02-22 14:47:00,0.00037560,26.62000000
2018-02-22 14:47:00,0.00037500,25.57000000
2018-02-22 14:47:00,0.00037560,365.19000000
2018-02-22 14:47:04,0.00037550,4.03000000
2018-02-22 14:47:08,0.00037500,389.20000000
2018-02-22 14:47:11,0.00037550,353.19000000
2018-02-22 14:47:12,0.00037550,5.96000000
2018-02-22 14:47:16,0.00037560,52.08000000
2018-02-22 14:47:16,0.00037560,10.11000000
2018-02-22 14:47:18,0.00037550,0.73000000
2018-02-22 14:47:19,0.00037550,43.54000000
2018-02-22 14:47:24,0.00037540,10.38000000
2018-02-22 14:47:25,0.00037500,402.13000000
2018-02-22 14:47:25,0.00037540,14.50000000
2018-02-22 14:47:25,0.00037550,317.89000000
2018-02-22 14:47:26,0.00037500,246.56000000
2018-02-22 14:47:26,0.00037500,175.57000000
2018-02-22 14:47:26,0.00037500,121.65000000
2018-02-22 14:47:29,0.00037500,898.64000000
2018-02-22 14:47:30,0.00037500,100.00000000
2018-02-22 14:47:30,0.00037500,26.66000000
2018-02-22 14:47:31,0.00037490,26.67000000
2018-02-22 14:47:31,0.00037480,320.17000000
2018-02-22 14:47:31,0.00037460,1019.25000000
2018-02-22 14:47:31,0.00037430,354.22000000
2018-02-22 14:47:31,0.00037420,326.88000000
2018-02-22 14:47:31,0.00037410,10.43000000
2018-02-22 14:47:31,0.00037400,1101.83000000
2018-02-22 14:47:31,0.00037390,85.34000000
2018-02-22 14:47:31,0.00037370,6.95000000
2018-02-22 14:47:31,0.00037360,33.33000000
2018-02-22 14:47:31,0.00037350,407.01000000
2018-02-22 14:47:31,0.00037320,64.00000000
2018-02-22 14:47:31,0.00037310,820.33000000
2018-02-22 14:47:31,0.00037300,1152.80000000
2018-02-22 14:47:31,0.00037290,284.90000000
2018-02-22 14:47:31,0.00037280,9.95000000
2018-02-22 14:47:31,0.00037270,268.31000000
2018-02-22 14:47:31,0.00037250,903.20000000
2018-02-22 14:47:31,0.00037240,249.40000000
2018-02-22 14:47:31,0.00037230,20.49000000
2018-02-22 14:47:31,0.00037230,97.91000000
2018-02-22 14:47:31,0.00037230,3208.19000000
2018-02-22 14:47:31,0.00037230,5.00000000
2018-02-22 14:47:31,0.00037230,26.86000000
2018-02-22 14:47:31,0.00037230,332.49000000
2018-02-22 14:47:31,0.00037230,153.38000000
2018-02-22 14:47:31,0.00037230,5.00000000
2018-02-22 14:47:31,0.00037230,21.78000000
2018-02-22 14:47:31,0.00037230,306.30000000
2018-02-22 14:47:31,0.00037230,5.04000000
2018-02-22 14:47:31,0.00037230,57.07000000
2018-02-22 14:47:31,0.00037230,55.49000000
2018-02-22 14:47:31,0.00037230,26.86000000
2018-02-22 14:47:31,0.00037230,55.00000000
2018-02-22 14:47:31,0.00037230,13.43000000
2018-02-22 14:47:31,0.00037230,37.62000000
2018-02-22 14:47:31,0.00037230,239.31000000
2018-02-22 14:47:31,0.00037230,306.42000000
2018-02-22 14:47:31,0.00037230,55.49000000
2018-02-22 14:47:31,0.00037230,13.43000000
2018-02-22 14:47:31,0.00037230,5.98000000
2018-02-22 14:47:31,0.00037220,259.63000000
2018-02-22 14:47:31,0.00037230,966.74000000
2018-02-22 14:47:32,0.00037230,6.42000000
2018-02-22 14:47:32,0.00037230,25.30000000
2018-02-22 14:47:32,0.00037230,67.14000000
2018-02-22 14:47:32,0.00037230,10.47000000
2018-02-22 14:47:32,0.00037230,597.78000000
2018-02-22 14:47:32,0.00037230,268.53000000
2018-02-22 14:47:32,0.00037230,19.70000000
2018-02-22 14:47:32,0.00037230,7.93000000
2018-02-22 14:47:32,0.00037230,31.08000000
2018-02-22 14:47:32,0.00037230,47.63000000
2018-02-22 14:47:33,0.00037230,92.76000000
2018-02-22 14:47:33,0.00037230,3.48000000
2018-02-22 14:47:33,0.00037230,68.74000000
2018-02-22 14:47:33,0.00037230,45.39000000
2018-02-22 14:47:33,0.00037230,3.00000000
2018-02-22 14:47:33,0.00037230,4.10000000
2018-02-22 14:47:33,0.00037230,1080.99000000
2018-02-22 14:47:34,0.00037230,80.00000000
2018-02-22 14:47:34,0.00037230,3.34000000
2018-02-22 14:47:34,0.00037230,96.99000000
2018-02-22 14:47:35,0.00037230,6.57000000
2018-02-22 14:47:35,0.00037230,41.20000000
2018-02-22 14:47:35,0.00037230,14.29000000
2018-02-22 14:47:36,0.00037230,6.70000000
2018-02-22 14:47:36,0.00037220,6.61000000
2018-02-22 14:47:37,0.00037230,7.18000000
2018-02-22 14:47:38,0.00037230,3451.28000000
2018-02-22 14:47:38,0.00037300,6.13000000
2018-02-22 14:47:38,0.00037420,3.48000000
2018-02-22 14:47:38,0.00037490,21.44000000
2018-02-22 14:47:38,0.00037500,236.45000000
2018-02-22 14:47:38,0.00037310,195.14000000
2018-02-22 14:47:38,0.00037250,471.80000000
2018-02-22 14:47:38,0.00037240,268.52000000
2018-02-22 14:47:38,0.00037230,42.32000000
2018-02-22 14:47:38,0.00037220,151.87000000
2018-02-22 14:47:38,0.00037210,109.46000000
2018-02-22 14:47:39,0.00037300,8.04000000
2018-02-22 14:47:39,0.00037300,260.27000000
2018-02-22 14:47:39,0.00037440,4.00000000
2018-02-22 14:47:39,0.00037480,24.59000000
2018-02-22 14:47:40,0.00037230,2.69000000
2018-02-22 14:47:40,0.00037440,6.67000000
2018-02-22 14:47:40,0.00037440,9.67000000
2018-02-22 14:47:40,0.00037440,28.71000000
2018-02-22 14:47:41,0.00037260,60.77000000
2018-02-22 14:47:41,0.00037430,9.81000000
2018-02-22 14:47:42,0.00037420,52.11000000
2018-02-22 14:47:42,0.00037420,1.22000000
2018-02-22 14:47:42,0.00037430,2.79000000
2018-02-22 14:47:42,0.00037280,37.07000000
2018-02-22 14:47:42,0.00037300,53.00000000
2018-02-22 14:47:42,0.00037400,4.52000000
2018-02-22 14:47:42,0.00037420,8.35000000
2018-02-22 14:47:42,0.00037420,8.02000000
2018-02-22 14:47:42,0.00037310,19.70000000
2018-02-22 14:47:42,0.00037310,10.73000000
2018-02-22 14:47:43,0.00037310,20.88000000
2018-02-22 14:47:43,0.00037380,3.17000000
2018-02-22 14:47:43,0.00037380,16.02000000
2018-02-22 14:47:43,0.00037300,27.43000000
2018-02-22 14:47:43,0.00037270,52.81000000
2018-02-22 14:47:43,0.00037380,5.88000000
2018-02-22 14:47:43,0.00037370,39.00000000
2018-02-22 14:47:44,0.00037370,110.15000000
2018-02-22 14:47:44,0.00037380,110.27000000
2018-02-22 14:47:44,0.00037360,3.15000000
2018-02-22 14:47:44,0.00037280,26.82000000
2018-02-22 14:47:44,0.00037270,50.09000000
2018-02-22 14:47:44,0.00037360,26.71000000
2018-02-22 14:47:44,0.00037360,3.47000000
2018-02-22 14:47:44,0.00037390,1.88000000
2018-02-22 14:47:44,0.00037330,2.69000000
2018-02-22 14:47:44,0.00037360,40.82000000
2018-02-22 14:47:44,0.00037390,200.00000000
2018-02-22 14:47:44,0.00037390,5.07000000
2018-02-22 14:47:45,0.00037390,5.69000000
2018-02-22 14:47:45,0.00037390,16.96000000
2018-02-22 14:47:46,0.00037380,13.37000000
2018-02-22 14:47:47,0.00037370,7.99000000
2018-02-22 14:47:47,0.00037360,13.37000000
2018-02-22 14:47:50,0.00037360,30.00000000
2018-02-22 14:47:50,0.00037360,3.21000000
2018-02-22 14:47:50,0.00037360,11.86000000
2018-02-22 14:47:52,0.00037310,26.80000000
2018-02-22 14:47:52,0.00037310,5.83000000
2018-02-22 14:47:52,0.00037310,7.00000000
2018-02-22 14:47:52,0.00037310,42.86000000
2018-02-22 14:47:52,0.00037310,5.89000000
2018-02-22 14:47:52,0.00037310,13.59000000
2018-02-22 14:47:52,0.00037350,6.16000000
2018-02-22 14:47:53,0.00037350,254.36000000
2018-02-22 14:47:55,0.00037340,5.00000000
2018-02-22 14:47:58,0.00037390,5.00000000
2018-02-22 14:47:58,0.00037410,9.91000000
2018-02-22 14:47:59,0.00037360,14.61000000
2018-02-22 14:48:01,0.00037360,15.00000000
2018-02-22 14:48:05,0.00037380,6.69000000
2018-02-22 14:48:05,0.00037360,321.12000000
2018-02-22 14:48:05,0.00037340,5.00000000
2018-02-22 14:48:05,0.00037330,21.78000000
2018-02-22 14:48:05,0.00037330,16.65000000
2018-02-22 14:48:08,0.00037370,5.85000000
2018-02-22 14:48:08,0.00037330,68.00000000
2018-02-22 14:48:09,0.00037360,35.88000000
2018-02-22 14:48:09,0.00037370,33.24000000
2018-02-22 14:48:09,0.00037370,80.17000000
2018-02-22 14:48:09,0.00037370,4.82000000
2018-02-22 14:48:10,0.00037370,20.50000000
2018-02-22 14:48:10,0.00037370,6.69000000
2018-02-22 14:48:10,0.00037370,133.80000000
2018-02-22 14:48:10,0.00037370,33.59000000
2018-02-22 14:48:12,0.00037400,26.78000000
2018-02-22 14:48:12,0.00037410,87.07000000
2018-02-22 14:48:17,0.00037460,5.34000000
2018-02-22 14:48:21,0.00037450,3.74000000
2018-02-22 14:48:21,0.00037410,80.43000000
2018-02-22 14:48:23,0.00037450,11.26000000
2018-02-22 14:48:23,0.00037460,87.21000000
