DATE,PRICE,VOLUME
2018-02-26 10:00:03,0.00042570,93.68000000
2018-02-26 10:00:07,0.00042550,7.52000000
2018-02-26 10:00:10,0.00042510,305.36000000
2018-02-26 10:00:11,0.00042510,793.14000000
2018-02-26 10:00:16,0.00042500,68.86000000
2018-02-26 10:00:16,0.00042500,35.77000000
2018-02-26 10:00:17,0.00042470,265.73000000
2018-02-26 10:00:17,0.00042460,1734.27000000
2018-02-26 10:00:17,0.00042460,240.96000000
2018-02-26 10:00:19,0.00042460,27.52000000
2018-02-26 10:00:19,0.00042450,13.74000000
2018-02-26 10:00:23,0.00042500,49.78000000
2018-02-26 10:00:24,0.00042500,50.00000000
2018-02-26 10:00:24,0.00042450,484.44000000
2018-02-26 10:00:25,0.00042460,100.00000000
2018-02-26 10:00:25,0.00042500,41.59000000
2018-02-26 10:00:27,0.00042500,9.83000000
2018-02-26 10:00:27,0.00042450,117.42000000
2018-02-26 10:00:28,0.00042500,12.38000000
2018-02-26 10:00:30,0.00042460,11.78000000
2018-02-26 10:00:30,0.00042450,9.65000000
2018-02-26 10:00:31,0.00042450,13.77000000
2018-02-26 10:00:31,0.00042450,41.73000000
2018-02-26 10:00:31,0.00042440,33.52000000
2018-02-26 10:00:34,0.00042470,11.78000000
2018-02-26 10:00:35,0.00042440,5.32000000
2018-02-26 10:00:35,0.00042420,2.38000000
2018-02-26 10:00:35,0.00042410,2.59000000
2018-02-26 10:00:35,0.00042400,120.10000000
2018-02-26 10:00:36,0.00042400,5.87000000
2018-02-26 10:00:38,0.00042380,30.64000000
2018-02-26 10:00:38,0.00042380,19.82000000
2018-02-26 10:00:38,0.00042380,41.20000000
2018-02-26 10:00:38,0.00042400,12.02000000
2018-02-26 10:00:41,0.00042380,11.80000000
2018-02-26 10:00:47,0.00042390,16.03000000
2018-02-26 10:00:52,0.00042380,93.26000000
2018-02-26 10:00:52,0.00042370,67.75000000
2018-02-26 10:00:52,0.00042360,287.97000000
2018-02-26 10:00:54,0.00042350,200.37000000
2018-02-26 10:00:55,0.00042350,2.59000000
2018-02-26 10:00:56,0.00042360,8.02000000
2018-02-26 10:00:59,0.00042360,5.00000000
2018-02-26 10:00:59,0.00042360,2.63000000
2018-02-26 10:01:01,0.00042350,15.00000000
2018-02-26 10:01:02,0.00042360,92.23000000
2018-02-26 10:01:02,0.00042360,5.87000000
2018-02-26 10:01:03,0.00042360,6.02000000
2018-02-26 10:01:05,0.00042350,68.55000000
2018-02-26 10:01:06,0.00042360,100.23000000
2018-02-26 10:01:08,0.00042360,2.01000000
2018-02-26 10:01:09,0.00042360,986.92000000
2018-02-26 10:01:09,0.00042350,2381.15000000
2018-02-26 10:01:09,0.00042350,25.31000000
2018-02-26 10:01:09,0.00042350,22.68000000
2018-02-26 10:01:14,0.00042350,583.15000000
2018-02-26 10:01:15,0.00042310,250.15000000
2018-02-26 10:01:15,0.00042300,18.29000000
2018-02-26 10:01:15,0.00042290,253.37000000
2018-02-26 10:01:15,0.00042280,238.70000000
2018-02-26 10:01:22,0.00042300,22.20000000
2018-02-26 10:01:26,0.00042300,8.94000000
2018-02-26 10:01:26,0.00042300,73.93000000
2018-02-26 10:01:33,0.00042310,2.67000000
2018-02-26 10:01:33,0.00042290,251.43000000
2018-02-26 10:01:34,0.00042300,18.94000000
2018-02-26 10:01:38,0.00042310,12.14000000
2018-02-26 10:01:40,0.00042320,12.43000000
2018-02-26 10:01:40,0.00042330,18.78000000
2018-02-26 10:01:41,0.00042310,20.00000000
2018-02-26 10:01:51,0.00042320,12.02000000
2018-02-26 10:01:55,0.00042320,1.12000000
2018-02-26 10:01:55,0.00042310,40.31000000
2018-02-26 10:01:55,0.00042310,117.61000000
2018-02-26 10:01:55,0.00042300,170.44000000
2018-02-26 10:01:55,0.00042300,4.20000000
2018-02-26 10:01:55,0.00042300,13.99000000
2018-02-26 10:01:55,0.00042300,366.68000000
2018-02-26 10:02:02,0.00042310,31.77000000
2018-02-26 10:02:04,0.00042310,24.30000000
2018-02-26 10:02:07,0.00042330,1.57000000
2018-02-26 10:02:10,0.00042350,20.00000000
2018-02-26 10:02:11,0.00042350,25.39000000
2018-02-26 10:02:11,0.00042340,11.62000000
2018-02-26 10:02:11,0.00042350,18.07000000
2018-02-26 10:02:12,0.00042350,20.00000000
2018-02-26 10:02:12,0.00042350,106.38000000
2018-02-26 10:02:13,0.00042350,46.02000000
2018-02-26 10:02:18,0.00042360,4.50000000
2018-02-26 10:02:21,0.00042350,1.73000000
2018-02-26 10:02:21,0.00042360,4.00000000
2018-02-26 10:02:22,0.00042360,1.50000000
2018-02-26 10:02:25,0.00042360,37.57000000
2018-02-26 10:02:27,0.00042390,38.89000000
2018-02-26 10:02:27,0.00042400,8.00000000
2018-02-26 10:02:27,0.00042450,152.80000000
2018-02-26 10:02:28,0.00042440,1.30000000
2018-02-26 10:02:34,0.00042360,18.63000000
2018-02-26 10:02:34,0.00042380,11.23000000
2018-02-26 10:02:34,0.00042450,113.31000000
2018-02-26 10:02:36,0.00042420,455.52000000
2018-02-26 10:02:36,0.00042450,454.80000000
2018-02-26 10:02:39,0.00042440,35.19000000
2018-02-26 10:02:39,0.00042360,22.80000000
2018-02-26 10:02:40,0.00042440,100.94000000
2018-02-26 10:02:40,0.00042440,20.00000000
2018-02-26 10:02:40,0.00042440,20.00000000
2018-02-26 10:02:40,0.00042440,25.39000000
2018-02-26 10:02:42,0.00042440,41.44000000
2018-02-26 10:02:44,0.00042440,12.06000000
2018-02-26 10:02:44,0.00042450,285.31000000
2018-02-26 10:02:45,0.00042440,10.00000000
2018-02-26 10:02:47,0.00042450,241.70000000
2018-02-26 10:02:49,0.00042450,436.32000000
2018-02-26 10:02:51,0.00042440,10.86000000
2018-02-26 10:02:52,0.00042450,300.06000000
2018-02-26 10:02:53,0.00042450,34.83000000
2018-02-26 10:02:56,0.00042440,347.35000000
2018-02-26 10:02:57,0.00042440,3.00000000
2018-02-26 10:03:01,0.00042440,30.00000000
2018-02-26 10:03:01,0.00042450,184.51000000
2018-02-26 10:03:08,0.00042360,17.20000000
2018-02-26 10:03:08,0.00042350,203.02000000
2018-02-26 10:03:08,0.00042340,79.53000000
2018-02-26 10:03:14,0.00042360,47.14000000
2018-02-26 10:03:27,0.00042340,72.00000000
2018-02-26 10:03:28,0.00042360,4.98000000
2018-02-26 10:03:29,0.00042360,14.19000000
2018-02-26 10:03:32,0.00042350,3.56000000
2018-02-26 10:03:33,0.00042350,6.58000000
2018-02-26 10:03:33,0.00042360,6.58000000
2018-02-26 10:03:34,0.00042360,10.00000000
2018-02-26 10:03:34,0.00042340,46.22000000
2018-02-26 10:03:34,0.00042300,3045.46000000
2018-02-26 10:03:34,0.00042290,1103.05000000
2018-02-26 10:03:34,0.00042290,241.46000000
2018-02-26 10:03:34,0.00042360,36.20000000
2018-02-26 10:03:36,0.00042430,14.19000000
2018-02-26 10:03:36,0.00042310,2.37000000
2018-02-26 10:03:37,0.00042430,3.18000000
2018-02-26 10:03:37,0.00042440,20.42000000
2018-02-26 10:03:42,0.00042440,147.75000000
2018-02-26 10:03:45,0.00042430,224.14000000
2018-02-26 10:03:45,0.00042440,39.10000000
2018-02-26 10:03:53,0.00042420,9.79000000
2018-02-26 10:03:53,0.00042440,229.21000000
2018-02-26 10:03:59,0.00042370,15.00000000
2018-02-26 10:03:59,0.00042360,120.14000000
2018-02-26 10:04:03,0.00042430,337.41000000
2018-02-26 10:04:26,0.00042370,2.49000000
2018-02-26 10:04:34,0.00042380,104.00000000
2018-02-26 10:04:34,0.00042370,154.70000000
2018-02-26 10:04:35,0.00042410,9.16000000
2018-02-26 10:04:35,0.00042420,9.47000000
2018-02-26 10:04:35,0.00042430,4.94000000
2018-02-26 10:04:36,0.00042430,4.20000000
2018-02-26 10:04:37,0.00042430,4.20000000
2018-02-26 10:04:37,0.00042430,102.37000000
2018-02-26 10:04:40,0.00042430,84.87000000
2018-02-26 10:04:40,0.00042440,225.37000000
2018-02-26 10:04:40,0.00042460,110.59000000
2018-02-26 10:04:40,0.00042520,305.09000000
2018-02-26 10:04:40,0.00042540,353.89000000
2018-02-26 10:04:40,0.00042550,776.48000000
2018-02-26 10:04:43,0.00042520,15.00000000
2018-02-26 10:04:43,0.00042530,47.16000000
2018-02-26 10:04:43,0.00042540,14.19000000
2018-02-26 10:04:43,0.00042550,363.98000000
2018-02-26 10:04:43,0.00042580,19.52000000
2018-02-26 10:04:45,0.00042440,30.00000000
2018-02-26 10:04:45,0.00042430,44.31000000
2018-02-26 10:04:47,0.00042550,6.67000000
2018-02-26 10:04:47,0.00042550,15.00000000
2018-02-26 10:04:48,0.00042550,10.50000000
2018-02-26 10:04:48,0.00042550,94.58000000
2018-02-26 10:04:50,0.00042570,1.03000000
2018-02-26 10:04:56,0.00042460,14.97000000
2018-02-26 10:04:58,0.00042550,15.27000000
2018-02-26 10:05:09,0.00042520,270.71000000
2018-02-26 10:05:09,0.00042540,132.76000000
2018-02-26 10:05:09,0.00042550,1175.67000000
2018-02-26 10:05:09,0.00042560,2063.93000000
2018-02-26 10:05:09,0.00042570,17552.26000000
2018-02-26 10:05:09,0.00042570,100.00000000
2018-02-26 10:05:09,0.00042570,106.65000000
2018-02-26 10:05:09,0.00042570,154.54000000
2018-02-26 10:05:09,0.00042580,3.97000000
2018-02-26 10:05:09,0.00042590,189.59000000
2018-02-26 10:05:10,0.00042570,298.47000000
2018-02-26 10:05:10,0.00042570,140.95000000
2018-02-26 10:05:10,0.00042590,367.80000000
2018-02-26 10:05:10,0.00042590,110.67000000
2018-02-26 10:05:13,0.00042570,14.19000000
2018-02-26 10:05:13,0.00042570,8.55000000
2018-02-26 10:05:14,0.00042570,26.00000000
2018-02-26 10:05:15,0.00042570,155.45000000
2018-02-26 10:05:16,0.00042590,145.03000000
2018-02-26 10:05:18,0.00042590,81.71000000
2018-02-26 10:05:19,0.00042590,48.25000000
2018-02-26 10:05:20,0.00042580,35.36000000
2018-02-26 10:05:21,0.00042590,232.77000000
2018-02-26 10:05:24,0.00042590,199.49000000
2018-02-26 10:05:25,0.00042590,54.47000000
2018-02-26 10:05:26,0.00042600,122.34000000
2018-02-26 10:05:26,0.00042600,16.53000000
2018-02-26 10:05:26,0.00042620,75.23000000
2018-02-26 10:05:26,0.00042630,18.70000000
2018-02-26 10:05:26,0.00042660,85.70000000
2018-02-26 10:05:27,0.00042660,14.27000000
2018-02-26 10:05:29,0.00042650,14.19000000
2018-02-26 10:05:29,0.00042660,30.49000000
2018-02-26 10:05:29,0.00042660,26.48000000
2018-02-26 10:05:31,0.00042650,11.17000000
2018-02-26 10:05:32,0.00042610,57.07000000
2018-02-26 10:05:33,0.00042610,8.28000000
2018-02-26 10:05:34,0.00042610,22.17000000
2018-02-26 10:05:34,0.00042650,2.80000000
2018-02-26 10:05:34,0.00042610,14.48000000
2018-02-26 10:05:39,0.00042640,36.03000000
2018-02-26 10:05:41,0.00042650,24.28000000
2018-02-26 10:05:42,0.00042650,10.27000000
2018-02-26 10:05:42,0.00042650,3.70000000
2018-02-26 10:05:42,0.00042650,18.18000000
2018-02-26 10:05:43,0.00042650,64.65000000
2018-02-26 10:05:44,0.00042650,2.41000000
2018-02-26 10:05:44,0.00042660,108.06000000
2018-02-26 10:05:44,0.00042670,204.28000000
2018-02-26 10:05:44,0.00042680,87.26000000
2018-02-26 10:05:44,0.00042700,214.63000000
2018-02-26 10:05:45,0.00042660,17.82000000
2018-02-26 10:05:45,0.00042660,31.44000000
2018-02-26 10:05:45,0.00042690,3.55000000
2018-02-26 10:05:46,0.00042660,212.71000000
2018-02-26 10:05:46,0.00042650,211.00000000
2018-02-26 10:05:46,0.00042640,53.16000000
2018-02-26 10:05:46,0.00042640,208.49000000
2018-02-26 10:05:52,0.00042640,298.26000000
2018-02-26 10:05:53,0.00042660,91.79000000
2018-02-26 10:05:53,0.00042660,4.58000000
2018-02-26 10:05:54,0.00042680,30.94000000
2018-02-26 10:05:54,0.00042690,81.99000000
2018-02-26 10:05:54,0.00042690,103.77000000
2018-02-26 10:05:54,0.00042700,96.23000000
2018-02-26 10:05:54,0.00042660,7.70000000
2018-02-26 10:05:56,0.00042700,246.16000000
2018-02-26 10:05:56,0.00042710,935.25000000
2018-02-26 10:05:56,0.00042720,846.85000000
2018-02-26 10:05:58,0.00042720,226.98000000
2018-02-26 10:05:59,0.00042720,196.48000000
2018-02-26 10:05:59,0.00042670,21.01000000
2018-02-26 10:06:00,0.00042700,298.60000000
2018-02-26 10:06:00,0.00042720,87.35000000
2018-02-26 10:06:00,0.00042700,6.62000000
2018-02-26 10:06:00,0.00042700,13.00000000
2018-02-26 10:06:03,0.00042720,42.74000000
2018-02-26 10:06:03,0.00042730,1390.52000000
2018-02-26 10:06:03,0.00042720,6.66000000
2018-02-26 10:06:03,0.00042720,469.13000000
2018-02-26 10:06:05,0.00042700,9.11000000
2018-02-26 10:06:06,0.00042720,43.98000000
2018-02-26 10:06:06,0.00042700,29.48000000
2018-02-26 10:06:06,0.00042720,45.24000000
2018-02-26 10:06:06,0.00042720,160.13000000
2018-02-26 10:06:06,0.00042730,1003.82000000
2018-02-26 10:06:06,0.00042740,13.93000000
2018-02-26 10:06:06,0.00042750,524.01000000
2018-02-26 10:06:06,0.00042760,17.83000000
2018-02-26 10:06:06,0.00042780,3221.70000000
2018-02-26 10:06:06,0.00042790,257.85000000
2018-02-26 10:06:06,0.00042800,7272.29000000
2018-02-26 10:06:06,0.00042800,60.85000000
2018-02-26 10:06:06,0.00042800,60.00000000
2018-02-26 10:06:06,0.00042800,60.85000000
2018-02-26 10:06:06,0.00042800,60.85000000
2018-02-26 10:06:06,0.00042800,22.68000000
2018-02-26 10:06:06,0.00042800,38.44000000
2018-02-26 10:06:06,0.00042800,23.35000000
2018-02-26 10:06:07,0.00042800,30.00000000
2018-02-26 10:06:07,0.00042800,68.25000000
2018-02-26 10:06:07,0.00042800,50.00000000
2018-02-26 10:06:07,0.00042800,6.65000000
2018-02-26 10:06:07,0.00042800,263.68000000
2018-02-26 10:06:09,0.00042800,9.73000000
2018-02-26 10:06:10,0.00042800,42.77000000
2018-02-26 10:06:10,0.00042800,45.42000000
2018-02-26 10:06:10,0.00042800,3.00000000
2018-02-26 10:06:11,0.00042800,58.70000000
2018-02-26 10:06:11,0.00042800,5781.89000000
2018-02-26 10:06:12,0.00042800,30.82000000
2018-02-26 10:06:13,0.00042720,10.39000000
2018-02-26 10:06:13,0.00042710,7.74000000
2018-02-26 10:06:13,0.00042800,101.30000000
2018-02-26 10:06:15,0.00042710,4.09000000
2018-02-26 10:06:16,0.00042790,29.26000000
2018-02-26 10:06:16,0.00042700,12.83000000
2018-02-26 10:06:16,0.00042710,2.87000000
2018-02-26 10:06:17,0.00042720,5.97000000
2018-02-26 10:06:17,0.00042720,4.51000000
2018-02-26 10:06:17,0.00042720,2.86000000
2018-02-26 10:06:18,0.00042720,3.06000000
2018-02-26 10:06:18,0.00042720,10.70000000
2018-02-26 10:06:18,0.00042780,196.48000000
2018-02-26 10:06:18,0.00042790,233.72000000
2018-02-26 10:06:18,0.00042800,27.50000000
2018-02-26 10:06:18,0.00042820,5.95000000
2018-02-26 10:06:18,0.00042720,7.12000000
2018-02-26 10:06:20,0.00042810,108.65000000
2018-02-26 10:06:20,0.00042820,77.56000000
2018-02-26 10:06:20,0.00042830,29.21000000
2018-02-26 10:06:21,0.00042780,19.99000000
2018-02-26 10:06:21,0.00042780,15.67000000
2018-02-26 10:06:22,0.00042780,27.02000000
2018-02-26 10:06:24,0.00042790,34.00000000
2018-02-26 10:06:24,0.00042820,11.83000000
2018-02-26 10:06:24,0.00042830,367.08000000
2018-02-26 10:06:24,0.00042840,70.00000000
2018-02-26 10:06:24,0.00042850,0.74000000
2018-02-26 10:06:25,0.00042780,39.78000000
2018-02-26 10:06:25,0.00042850,7.69000000
2018-02-26 10:06:27,0.00042780,5.00000000
2018-02-26 10:06:28,0.00042850,1258.66000000
2018-02-26 10:06:28,0.00042860,365.46000000
2018-02-26 10:06:29,0.00042860,2.57000000
2018-02-26 10:06:29,0.00042780,36.49000000
2018-02-26 10:06:31,0.00042780,5.87000000
2018-02-26 10:06:31,0.00042780,46.66000000
2018-02-26 10:06:32,0.00042780,0.05000000
2018-02-26 10:06:32,0.00042780,6.88000000
2018-02-26 10:06:32,0.00042780,113.93000000
2018-02-26 10:06:33,0.00042790,113.40000000
2018-02-26 10:06:33,0.00042790,6.15000000
2018-02-26 10:06:38,0.00042790,105.20000000
2018-02-26 10:06:38,0.00042780,105.20000000
2018-02-26 10:06:40,0.00042780,23.83000000
2018-02-26 10:06:40,0.00042780,9.41000000
2018-02-26 10:06:40,0.00042790,0.10000000
2018-02-26 10:06:40,0.00042800,843.28000000
2018-02-26 10:06:40,0.00042840,7.47000000
2018-02-26 10:06:40,0.00042860,43.13000000
2018-02-26 10:06:40,0.00042880,100.00000000
2018-02-26 10:06:40,0.00042890,4843.02000000
2018-02-26 10:06:40,0.00042890,180.30000000
2018-02-26 10:06:40,0.00042890,40.59000000
2018-02-26 10:06:40,0.00042890,33.83000000
2018-02-26 10:06:40,0.00042890,166.77000000
2018-02-26 10:06:40,0.00042890,118.48000000
2018-02-26 10:06:41,0.00042740,23.30000000
2018-02-26 10:06:42,0.00042800,25.70000000
2018-02-26 10:06:42,0.00042800,120.90000000
2018-02-26 10:06:43,0.00042800,221.37000000
2018-02-26 10:06:44,0.00042800,41.67000000
2018-02-26 10:06:44,0.00042800,6.25000000
2018-02-26 10:06:46,0.00042800,24.17000000
2018-02-26 10:06:46,0.00042790,11.71000000
2018-02-26 10:06:47,0.00042770,6.25000000
2018-02-26 10:06:47,0.00042770,19.30000000
2018-02-26 10:06:48,0.00042770,0.01000000
2018-02-26 10:06:48,0.00042760,220.00000000
2018-02-26 10:06:48,0.00042720,425.98000000
2018-02-26 10:06:48,0.00042720,5.85000000
2018-02-26 10:06:48,0.00042710,184.20000000
2018-02-26 10:06:49,0.00042720,277.00000000
2018-02-26 10:06:50,0.00042710,2.62000000
2018-02-26 10:06:51,0.00042710,9.74000000
2018-02-26 10:06:52,0.00042710,41.32000000
2018-02-26 10:06:52,0.00042710,31.51000000
2018-02-26 10:06:52,0.00042720,4.67000000
2018-02-26 10:06:52,0.00042710,25.26000000
2018-02-26 10:06:53,0.00042710,8.55000000
2018-02-26 10:06:53,0.00042720,119.00000000
2018-02-26 10:06:54,0.00042710,1793.68000000
2018-02-26 10:06:55,0.00042710,11.71000000
2018-02-26 10:06:55,0.00042720,16.71000000
2018-02-26 10:06:57,0.00042720,176.11000000
2018-02-26 10:06:58,0.00042700,6.25000000
2018-02-26 10:06:58,0.00042700,80.37000000
2018-02-26 10:07:00,0.00042700,403.20000000
2018-02-26 10:07:00,0.00042720,93.33000000
2018-02-26 10:07:00,0.00042720,97.44000000
2018-02-26 10:07:00,0.00042720,25.56000000
2018-02-26 10:07:01,0.00042720,29.21000000
2018-02-26 10:07:01,0.00042720,139.96000000
2018-02-26 10:07:01,0.00042720,0.02000000
2018-02-26 10:07:02,0.00042700,12.12000000
2018-02-26 10:07:03,0.00042680,10.00000000
2018-02-26 10:07:03,0.00042690,17.85000000
2018-02-26 10:07:04,0.00042690,5.96000000
2018-02-26 10:07:06,0.00042700,177.92000000
2018-02-26 10:07:06,0.00042750,14.19000000
2018-02-26 10:07:06,0.00042760,114.06000000
2018-02-26 10:07:06,0.00042790,220.00000000
2018-02-26 10:07:06,0.00042800,149.83000000
2018-02-26 10:07:07,0.00042690,6.01000000
2018-02-26 10:07:08,0.00042690,216.13000000
2018-02-26 10:07:08,0.00042680,796.75000000
2018-02-26 10:07:08,0.00042670,288.04000000
2018-02-26 10:07:10,0.00042700,12.83000000
2018-02-26 10:07:10,0.00042700,5.24000000
2018-02-26 10:07:10,0.00042700,31.30000000
2018-02-26 10:07:10,0.00042700,93.45000000
2018-02-26 10:07:11,0.00042690,6.99000000
2018-02-26 10:07:12,0.00042700,11.93000000
2018-02-26 10:07:13,0.00042700,21.60000000
2018-02-26 10:07:13,0.00042690,26.88000000
2018-02-26 10:07:13,0.00042680,103.52000000
2018-02-26 10:07:13,0.00042770,221.00000000
2018-02-26 10:07:13,0.00042780,146.00000000
2018-02-26 10:07:13,0.00042800,417.34000000
2018-02-26 10:07:13,0.00042850,5.00000000
2018-02-26 10:07:13,0.00042870,301.47000000
2018-02-26 10:07:13,0.00042880,117.04000000
2018-02-26 10:07:13,0.00042890,428.72000000
2018-02-26 10:07:13,0.00042900,98.69000000
2018-02-26 10:07:13,0.00042910,93.30000000
2018-02-26 10:07:13,0.00042920,70.00000000
2018-02-26 10:07:13,0.00042930,100.00000000
2018-02-26 10:07:13,0.00042940,25.85000000
2018-02-26 10:07:13,0.00042950,532.59000000
2018-02-26 10:07:13,0.00042960,556.91000000
2018-02-26 10:07:18,0.00042770,45.21000000
2018-02-26 10:07:18,0.00042770,9.38000000
2018-02-26 10:07:19,0.00042780,15.00000000
2018-02-26 10:07:19,0.00042770,165.41000000
2018-02-26 10:07:19,0.00042760,15.87000000
2018-02-26 10:07:22,0.00042760,28.39000000
2018-02-26 10:07:23,0.00042800,53.89000000
2018-02-26 10:07:23,0.00042800,4.16000000
2018-02-26 10:07:25,0.00042800,288.10000000
2018-02-26 10:07:25,0.00042790,70.65000000
2018-02-26 10:07:26,0.00042790,15.00000000
2018-02-26 10:07:27,0.00042790,228.12000000
2018-02-26 10:07:27,0.00042770,123.97000000
2018-02-26 10:07:27,0.00042760,564.48000000
2018-02-26 10:07:28,0.00042750,107.01000000
2018-02-26 10:07:28,0.00042740,7.01000000
2018-02-26 10:07:28,0.00042720,188.29000000
2018-02-26 10:07:28,0.00042700,563.63000000
2018-02-26 10:07:28,0.00042760,1136.83000000
2018-02-26 10:07:28,0.00042810,15.87000000
2018-02-26 10:07:28,0.00042820,477.43000000
2018-02-26 10:07:28,0.00042820,13.24000000
2018-02-26 10:07:28,0.00042820,421.93000000
2018-02-26 10:07:28,0.00042820,25.68000000
2018-02-26 10:07:28,0.00042820,2.35000000
2018-02-26 10:07:28,0.00042810,0.30000000
2018-02-26 10:07:28,0.00042850,114.70000000
2018-02-26 10:07:30,0.00042840,15.00000000
2018-02-26 10:07:30,0.00042850,117.01000000
2018-02-26 10:07:30,0.00042860,210.44000000
2018-02-26 10:07:30,0.00042870,43.94000000
2018-02-26 10:07:30,0.00042880,185.22000000
2018-02-26 10:07:30,0.00042930,87.83000000
2018-02-26 10:07:30,0.00042940,10.00000000
2018-02-26 10:07:30,0.00042960,259.44000000
2018-02-26 10:07:32,0.00042790,8.97000000
2018-02-26 10:07:32,0.00042810,6.76000000
2018-02-26 10:07:32,0.00042850,23.33000000
2018-02-26 10:07:32,0.00042850,86.92000000
2018-02-26 10:07:32,0.00042790,86.92000000
2018-02-26 10:07:32,0.00042790,23.33000000
2018-02-26 10:07:33,0.00042770,2.61000000
2018-02-26 10:07:34,0.00042840,104.00000000
2018-02-26 10:07:34,0.00042850,68.19000000
2018-02-26 10:07:35,0.00042800,25.84000000
2018-02-26 10:07:37,0.00042800,29.58000000
2018-02-26 10:07:37,0.00042800,57.16000000
2018-02-26 10:07:41,0.00042800,40.25000000
2018-02-26 10:07:43,0.00042800,40.25000000
2018-02-26 10:07:44,0.00042800,222.02000000
2018-02-26 10:07:49,0.00042800,163.61000000
2018-02-26 10:07:50,0.00042800,31.63000000
2018-02-26 10:07:53,0.00042790,6.53000000
2018-02-26 10:07:53,0.00042800,238.88000000
2018-02-26 10:07:53,0.00042800,162.17000000
2018-02-26 10:07:53,0.00042760,78.62000000
2018-02-26 10:07:53,0.00042750,649.22000000
2018-02-26 10:07:53,0.00042740,39.27000000
2018-02-26 10:07:53,0.00042700,152.93000000
2018-02-26 10:07:53,0.00042690,11.69000000
2018-02-26 10:07:53,0.00042680,301.47000000
2018-02-26 10:07:53,0.00042670,1063.19000000
2018-02-26 10:07:53,0.00042640,4.85000000
2018-02-26 10:07:53,0.00042630,7.98000000
2018-02-26 10:07:53,0.00042620,110.12000000
2018-02-26 10:07:53,0.00042610,280.34000000
2018-02-26 10:07:55,0.00042850,23.36000000
2018-02-26 10:07:55,0.00042800,38.63000000
2018-02-26 10:07:58,0.00042720,14.19000000
2018-02-26 10:07:58,0.00042700,223.85000000
2018-02-26 10:07:59,0.00042730,15.00000000
2018-02-26 10:07:59,0.00042700,216.85000000
2018-02-26 10:07:59,0.00042700,10.16000000
2018-02-26 10:07:59,0.00042700,23.36000000
2018-02-26 10:07:59,0.00042700,163.40000000
2018-02-26 10:07:59,0.00042700,23.41000000
2018-02-26 10:07:59,0.00042700,3.52000000
2018-02-26 10:08:04,0.00042710,7.00000000
2018-02-26 10:08:06,0.00042750,16.85000000
2018-02-26 10:08:09,0.00042740,386.36000000
2018-02-26 10:08:14,0.00042700,23.46000000
2018-02-26 10:08:17,0.00042740,8.01000000
2018-02-26 10:08:19,0.00042720,21.16000000
2018-02-26 10:08:19,0.00042700,39.30000000
2018-02-26 10:08:19,0.00042650,446.70000000
2018-02-26 10:08:21,0.00042640,64.00000000
2018-02-26 10:08:21,0.00042630,11.72000000
2018-02-26 10:08:21,0.00042610,78.03000000
2018-02-26 10:08:21,0.00042600,40.94000000
2018-02-26 10:08:24,0.00042620,14.19000000
2018-02-26 10:08:24,0.00042610,42.54000000
2018-02-26 10:08:28,0.00042710,23.41000000
2018-02-26 10:08:29,0.00042700,458.42000000
2018-02-26 10:08:29,0.00042720,7.05000000
2018-02-26 10:08:29,0.00042740,100.00000000
2018-02-26 10:08:30,0.00042750,17.96000000
2018-02-26 10:08:31,0.00042740,6.09000000
2018-02-26 10:08:32,0.00042740,17.30000000
2018-02-26 10:08:32,0.00042740,500.00000000
2018-02-26 10:08:32,0.00042750,11.70000000
2018-02-26 10:08:32,0.00042750,23.95000000
2018-02-26 10:08:35,0.00042740,852.06000000
2018-02-26 10:08:35,0.00042770,186.13000000
2018-02-26 10:08:38,0.00042780,11.69000000
2018-02-26 10:08:39,0.00042770,5.81000000
2018-02-26 10:08:40,0.00042770,14.19000000
2018-02-26 10:08:40,0.00042780,145.31000000
2018-02-26 10:08:40,0.00042790,349.20000000
2018-02-26 10:08:40,0.00042800,24.98000000
2018-02-26 10:08:40,0.00042830,86.06000000
2018-02-26 10:08:44,0.00042830,32.46000000
2018-02-26 10:08:45,0.00042780,73.48000000
2018-02-26 10:08:45,0.00042770,44.64000000
2018-02-26 10:08:45,0.00042770,32.54000000
2018-02-26 10:08:45,0.00042760,138.30000000
2018-02-26 10:08:46,0.00042830,5.48000000
2018-02-26 10:08:46,0.00042830,46.64000000
2018-02-26 10:08:50,0.00042870,51.38000000
2018-02-26 10:08:51,0.00042870,16.95000000
2018-02-26 10:08:51,0.00042830,5.90000000
2018-02-26 10:08:52,0.00042840,70.00000000
2018-02-26 10:08:52,0.00042870,16.62000000
2018-02-26 10:08:52,0.00042830,0.03000000
2018-02-26 10:08:52,0.00042830,23.33000000
2018-02-26 10:08:52,0.00042830,990.26000000
2018-02-26 10:08:54,0.00042870,16.64000000
2018-02-26 10:08:54,0.00042870,7.45000000
2018-02-26 10:08:57,0.00042880,34.73000000
2018-02-26 10:08:57,0.00042830,157.12000000
2018-02-26 10:08:58,0.00042770,114.95000000
2018-02-26 10:08:58,0.00042880,93.88000000
2018-02-26 10:08:59,0.00042870,107.10000000
2018-02-26 10:09:01,0.00042870,39.06000000
2018-02-26 10:09:01,0.00042870,57.09000000
2018-02-26 10:09:02,0.00042850,80.43000000
2018-02-26 10:09:03,0.00042870,20.00000000
2018-02-26 10:09:05,0.00042850,0.01000000
2018-02-26 10:09:05,0.00042830,5.04000000
2018-02-26 10:09:05,0.00042830,25.01000000
2018-02-26 10:09:11,0.00042830,116.63000000
2018-02-26 10:09:20,0.00042770,29.24000000
2018-02-26 10:09:27,0.00042820,11.71000000
2018-02-26 10:09:27,0.00042820,27.40000000
2018-02-26 10:09:30,0.00042800,9.78000000
2018-02-26 10:09:32,0.00042780,28.91000000
2018-02-26 10:09:33,0.00042780,50.00000000
2018-02-26 10:09:34,0.00042780,236.99000000
2018-02-26 10:09:34,0.00042800,25.75000000
2018-02-26 10:09:35,0.00042800,89.61000000
2018-02-26 10:09:35,0.00042800,131.20000000
2018-02-26 10:09:37,0.00042770,2.81000000
2018-02-26 10:09:38,0.00042800,83.29000000
2018-02-26 10:09:39,0.00042800,203.13000000
2018-02-26 10:09:39,0.00042800,223.58000000
2018-02-26 10:09:39,0.00042800,203.77000000
2018-02-26 10:09:40,0.00042800,70.00000000
2018-02-26 10:09:40,0.00042800,14.19000000
2018-02-26 10:09:43,0.00042810,5.51000000
2018-02-26 10:09:44,0.00042810,35.08000000
2018-02-26 10:09:44,0.00042810,4.16000000
2018-02-26 10:09:48,0.00042810,20.14000000
2018-02-26 10:09:48,0.00042850,89.50000000
2018-02-26 10:09:49,0.00042810,164.33000000
2018-02-26 10:09:54,0.00042840,5.33000000
2018-02-26 10:09:54,0.00042850,9.33000000
2018-02-26 10:09:56,0.00042820,144.93000000
2018-02-26 10:09:56,0.00042810,10.29000000
2018-02-26 10:09:57,0.00042850,29.00000000
2018-02-26 10:09:58,0.00042820,40.47000000
2018-02-26 10:09:58,0.00042810,317.90000000
2018-02-26 10:10:00,0.00042820,233.53000000
2018-02-26 10:10:00,0.00042810,57.75000000
2018-02-26 10:10:00,0.00042810,42.16000000
2018-02-26 10:10:00,0.00042810,104.99000000
2018-02-26 10:10:00,0.00042820,32.81000000
2018-02-26 10:10:01,0.00042810,29.61000000
2018-02-26 10:10:02,0.00042810,373.69000000
2018-02-26 10:10:02,0.00042820,46.77000000
2018-02-26 10:10:03,0.00042810,227.48000000
2018-02-26 10:10:03,0.00042810,784.84000000
2018-02-26 10:10:03,0.00042820,153.95000000
2018-02-26 10:10:03,0.00042820,79.00000000
2018-02-26 10:10:04,0.00042820,25.62000000
2018-02-26 10:10:04,0.00042810,675.63000000
2018-02-26 10:10:04,0.00042800,74.40000000
2018-02-26 10:10:06,0.00042800,26.59000000
2018-02-26 10:10:08,0.00042800,551.68000000
2018-02-26 10:10:08,0.00042800,28.88000000
2018-02-26 10:10:11,0.00042800,163.01000000
2018-02-26 10:10:11,0.00042800,10.99000000
2018-02-26 10:10:15,0.00042800,111.00000000
2018-02-26 10:10:17,0.00042780,26.39000000
2018-02-26 10:10:17,0.00042770,24.05000000
2018-02-26 10:10:18,0.00042800,30.07000000
2018-02-26 10:10:18,0.00042800,8.26000000
2018-02-26 10:10:20,0.00042770,83.04000000
2018-02-26 10:10:20,0.00042750,501.06000000
2018-02-26 10:10:21,0.00042800,6.13000000
2018-02-26 10:10:22,0.00042790,78.36000000
2018-02-26 10:10:22,0.00042800,1184.64000000
2018-02-26 10:10:23,0.00042800,70.96000000
2018-02-26 10:10:23,0.00042800,252.37000000
2018-02-26 10:10:25,0.00042800,11.69000000
2018-02-26 10:10:29,0.00042800,31.24000000
2018-02-26 10:10:30,0.00042820,6.19000000
2018-02-26 10:10:31,0.00042820,16.81000000
2018-02-26 10:10:31,0.00042830,5.15000000
2018-02-26 10:10:31,0.00042840,257.38000000
2018-02-26 10:10:31,0.00042850,220.66000000
2018-02-26 10:10:31,0.00042800,64.80000000
2018-02-26 10:10:35,0.00042810,9.29000000
2018-02-26 10:10:40,0.00042810,9.30000000
2018-02-26 10:10:40,0.00042810,4.93000000
2018-02-26 10:10:43,0.00042760,70.13000000
2018-02-26 10:10:51,0.00042800,4.81000000
2018-02-26 10:10:54,0.00042800,117.18000000
2018-02-26 10:10:56,0.00042810,18.36000000
2018-02-26 10:10:56,0.00042810,12.53000000
2018-02-26 10:10:56,0.00042810,136.68000000
2018-02-26 10:10:57,0.00042800,0.01000000
2018-02-26 10:10:57,0.00042770,29.99000000
2018-02-26 10:10:59,0.00042830,28.87000000
2018-02-26 10:11:00,0.00042780,74.18000000
2018-02-26 10:11:05,0.00042790,74.00000000
2018-02-26 10:11:07,0.00042800,100.00000000
2018-02-26 10:11:10,0.00042800,134.24000000
2018-02-26 10:11:11,0.00042800,56.25000000
2018-02-26 10:11:11,0.00042810,29.67000000
2018-02-26 10:11:11,0.00042800,93.65000000
2018-02-26 10:11:13,0.00042810,96.89000000
2018-02-26 10:11:13,0.00042840,180.01000000
2018-02-26 10:11:13,0.00042850,257.10000000
2018-02-26 10:11:14,0.00042800,71.45000000
2018-02-26 10:11:17,0.00042840,23.35000000
2018-02-26 10:11:17,0.00042840,50.00000000
2018-02-26 10:11:18,0.00042840,3.87000000
2018-02-26 10:11:18,0.00042840,435.43000000
2018-02-26 10:11:18,0.00042840,10.00000000
2018-02-26 10:11:19,0.00042840,30.00000000
2018-02-26 10:11:22,0.00042850,1706.03000000
2018-02-26 10:11:22,0.00042860,5212.81000000
2018-02-26 10:11:23,0.00042860,79.20000000
2018-02-26 10:11:23,0.00042870,43.97000000
2018-02-26 10:11:25,0.00042860,30.00000000
2018-02-26 10:11:25,0.00042870,112.14000000
2018-02-26 10:11:25,0.00042860,105.20000000
2018-02-26 10:11:28,0.00042870,143.89000000
2018-02-26 10:11:28,0.00042880,93.84000000
2018-02-26 10:11:28,0.00042880,0.01000000
2018-02-26 10:11:28,0.00042860,70.12000000
2018-02-26 10:11:28,0.00042860,217.90000000
2018-02-26 10:11:30,0.00042860,160.83000000
2018-02-26 10:11:30,0.00042880,479.89000000
2018-02-26 10:11:30,0.00042900,282.82000000
2018-02-26 10:11:30,0.00042920,42.06000000
2018-02-26 10:11:30,0.00042860,46.64000000
2018-02-26 10:11:32,0.00042860,4.16000000
2018-02-26 10:11:32,0.00042870,70.59000000
2018-02-26 10:11:33,0.00042870,8.51000000
2018-02-26 10:11:35,0.00042870,73.01000000
2018-02-26 10:11:39,0.00042920,62.41000000
2018-02-26 10:11:39,0.00042920,158.65000000
2018-02-26 10:11:39,0.00042920,27.23000000
2018-02-26 10:11:39,0.00042920,133.41000000
2018-02-26 10:11:39,0.00042870,52.30000000
2018-02-26 10:11:43,0.00042910,204.00000000
2018-02-26 10:11:43,0.00042920,207.00000000
2018-02-26 10:11:43,0.00042930,921.74000000
2018-02-26 10:11:43,0.00042940,245.25000000
2018-02-26 10:11:43,0.00042950,3066.03000000
2018-02-26 10:11:43,0.00042950,8.41000000
2018-02-26 10:11:43,0.00042950,23.27000000
2018-02-26 10:11:43,0.00042950,141.18000000
2018-02-26 10:11:47,0.00042870,202.01000000
2018-02-26 10:11:48,0.00042950,187.78000000
2018-02-26 10:11:48,0.00042960,23525.19000000
2018-02-26 10:11:49,0.00042960,6899.04000000
2018-02-26 10:11:49,0.00042960,1540.76000000
2018-02-26 10:11:49,0.00042960,415.34000000
2018-02-26 10:11:49,0.00042960,108.37000000
2018-02-26 10:11:49,0.00042870,9.28000000
2018-02-26 10:11:50,0.00042960,860.06000000
2018-02-26 10:11:50,0.00042960,2327.74000000
2018-02-26 10:11:50,0.00042960,634.62000000
2018-02-26 10:11:50,0.00042870,212.68000000
2018-02-26 10:11:50,0.00042960,871.95000000
2018-02-26 10:11:50,0.00042960,214.87000000
2018-02-26 10:11:51,0.00042960,166.49000000
2018-02-26 10:11:51,0.00042960,56.10000000
2018-02-26 10:11:51,0.00042960,301.42000000
2018-02-26 10:11:51,0.00042870,222.47000000
2018-02-26 10:11:54,0.00042970,169.36000000
2018-02-26 10:11:54,0.00042970,67.19000000
2018-02-26 10:11:54,0.00042980,32.53000000
2018-02-26 10:11:54,0.00042870,49.42000000
2018-02-26 10:11:56,0.00042970,4.33000000
2018-02-26 10:11:56,0.00042910,203.80000000
2018-02-26 10:11:56,0.00042980,138.32000000
2018-02-26 10:11:57,0.00042970,162.84000000
2018-02-26 10:11:58,0.00042970,62.19000000
2018-02-26 10:11:58,0.00042980,77.08000000
2018-02-26 10:11:58,0.00042990,137.52000000
2018-02-26 10:11:58,0.00042990,260.01000000
2018-02-26 10:11:58,0.00043000,1754.23000000
2018-02-26 10:12:00,0.00043000,27.69000000
2018-02-26 10:12:00,0.00043000,356.80000000
2018-02-26 10:12:00,0.00043000,1963.94000000
2018-02-26 10:12:01,0.00043000,744.51000000
2018-02-26 10:12:01,0.00043000,659.55000000
2018-02-26 10:12:01,0.00043000,327.37000000
2018-02-26 10:12:01,0.00043000,21.03000000
2018-02-26 10:12:02,0.00043000,43.76000000
2018-02-26 10:12:02,0.00042990,51.96000000
2018-02-26 10:12:02,0.00043000,1289.16000000
2018-02-26 10:12:02,0.00043000,932.94000000
2018-02-26 10:12:02,0.00043000,651.87000000
2018-02-26 10:12:02,0.00043010,639.37000000
2018-02-26 10:12:02,0.00043020,33.45000000
2018-02-26 10:12:04,0.00043000,62.34000000
2018-02-26 10:12:04,0.00043040,350.05000000
2018-02-26 10:12:04,0.00043040,5.74000000
2018-02-26 10:12:04,0.00043040,6.45000000
2018-02-26 10:12:05,0.00043040,27.39000000
2018-02-26 10:12:05,0.00043040,14.18000000
2018-02-26 10:12:05,0.00043040,10.22000000
2018-02-26 10:12:05,0.00043040,3.00000000
2018-02-26 10:12:06,0.00043040,0.14000000
2018-02-26 10:12:06,0.00043040,10.00000000
2018-02-26 10:12:07,0.00043040,50.00000000
2018-02-26 10:12:10,0.00043050,35.66000000
2018-02-26 10:12:10,0.00043070,21.40000000
2018-02-26 10:12:10,0.00043090,137.57000000
2018-02-26 10:12:10,0.00043090,165.47000000
2018-02-26 10:12:11,0.00043040,4.66000000
2018-02-26 10:12:11,0.00043090,302.15000000
2018-02-26 10:12:11,0.00043100,297.85000000
2018-02-26 10:12:12,0.00043090,155.90000000
2018-02-26 10:12:12,0.00043100,397.14000000
2018-02-26 10:12:12,0.00043110,100.00000000
2018-02-26 10:12:12,0.00043120,395.25000000
2018-02-26 10:12:12,0.00043130,12.25000000
2018-02-26 10:12:12,0.00043150,105.84000000
2018-02-26 10:12:12,0.00043190,24.92000000
2018-02-26 10:12:12,0.00043200,453.88000000
2018-02-26 10:12:13,0.00043100,153.99000000
2018-02-26 10:12:13,0.00043100,23.80000000
2018-02-26 10:12:14,0.00043150,33.69000000
2018-02-26 10:12:14,0.00043200,226.78000000
2018-02-26 10:12:14,0.00043210,29.97000000
2018-02-26 10:12:14,0.00043220,79.93000000
2018-02-26 10:12:14,0.00043100,21.73000000
2018-02-26 10:12:14,0.00043100,5.46000000
2018-02-26 10:12:14,0.00043100,11.74000000
2018-02-26 10:12:15,0.00043090,56.63000000
2018-02-26 10:12:17,0.00043180,2.15000000
2018-02-26 10:12:17,0.00043090,3.24000000
2018-02-26 10:12:17,0.00043090,10.00000000
2018-02-26 10:12:17,0.00043090,8.02000000
2018-02-26 10:12:18,0.00043180,92.64000000
2018-02-26 10:12:18,0.00043090,2.33000000
2018-02-26 10:12:18,0.00043090,43.36000000
2018-02-26 10:12:18,0.00043180,122.21000000
2018-02-26 10:12:18,0.00043190,298.47000000
2018-02-26 10:12:19,0.00043090,27.65000000
2018-02-26 10:12:19,0.00043190,23.15000000
2018-02-26 10:12:20,0.00043190,63.98000000
2018-02-26 10:12:21,0.00043190,68.29000000
2018-02-26 10:12:21,0.00043200,7.72000000
2018-02-26 10:12:21,0.00043190,2.38000000
2018-02-26 10:12:21,0.00043200,186.91000000
2018-02-26 10:12:21,0.00043210,203.00000000
2018-02-26 10:12:21,0.00043220,20.07000000
2018-02-26 10:12:21,0.00043230,34.67000000
2018-02-26 10:12:21,0.00043240,318.13000000
2018-02-26 10:12:21,0.00043240,49.28000000
2018-02-26 10:12:21,0.00043240,22.68000000
2018-02-26 10:12:21,0.00043240,4.14000000
2018-02-26 10:12:22,0.00043090,19.31000000
2018-02-26 10:12:23,0.00043250,115.89000000
2018-02-26 10:12:23,0.00043250,58.03000000
2018-02-26 10:12:23,0.00043190,0.19000000
2018-02-26 10:12:23,0.00043190,10.00000000
2018-02-26 10:12:25,0.00043190,46.17000000
2018-02-26 10:12:27,0.00043260,190.53000000
2018-02-26 10:12:27,0.00043260,4.12000000
2018-02-26 10:12:28,0.00043260,80.99000000
2018-02-26 10:12:28,0.00043200,87.19000000
2018-02-26 10:12:28,0.00043200,3.96000000
2018-02-26 10:12:28,0.00043190,51.04000000
2018-02-26 10:12:30,0.00043250,109.91000000
2018-02-26 10:12:30,0.00043250,20.00000000
2018-02-26 10:12:31,0.00043190,41.89000000
2018-02-26 10:12:32,0.00043190,85.69000000
2018-02-26 10:12:32,0.00043190,73.96000000
2018-02-26 10:12:32,0.00043190,60.47000000
2018-02-26 10:12:33,0.00043250,434.52000000
2018-02-26 10:12:34,0.00043200,5.87000000
2018-02-26 10:12:35,0.00043250,144.04000000
2018-02-26 10:12:35,0.00043250,47.37000000
2018-02-26 10:12:35,0.00043260,27.68000000
2018-02-26 10:12:35,0.00043260,16.64000000
2018-02-26 10:12:36,0.00043200,71.79000000
2018-02-26 10:12:36,0.00043200,63.71000000
2018-02-26 10:12:37,0.00043260,17.84000000
2018-02-26 10:12:37,0.00043250,4.00000000
2018-02-26 10:12:38,0.00043250,5.00000000
2018-02-26 10:12:38,0.00043250,53.64000000
2018-02-26 10:12:38,0.00043250,112.02000000
2018-02-26 10:12:38,0.00043250,47.96000000
2018-02-26 10:12:38,0.00043250,9.09000000
2018-02-26 10:12:38,0.00043250,30.00000000
2018-02-26 10:12:39,0.00043250,293.99000000
2018-02-26 10:12:40,0.00043250,340.42000000
2018-02-26 10:12:40,0.00043250,122.29000000
2018-02-26 10:12:40,0.00043260,22.95000000
2018-02-26 10:12:40,0.00043260,66.68000000
2018-02-26 10:12:40,0.00043250,30.00000000
2018-02-26 10:12:42,0.00043250,29.91000000
2018-02-26 10:12:42,0.00043250,70.09000000
2018-02-26 10:12:42,0.00043250,30.00000000
2018-02-26 10:12:43,0.00043260,19.00000000
2018-02-26 10:12:43,0.00043250,52.28000000
2018-02-26 10:12:43,0.00043250,24.54000000
2018-02-26 10:12:43,0.00043200,5.46000000
2018-02-26 10:12:45,0.00043250,23.00000000
2018-02-26 10:12:45,0.00043200,141.91000000
2018-02-26 10:12:46,0.00043260,28.00000000
2018-02-26 10:12:46,0.00043270,10.67000000
2018-02-26 10:12:46,0.00043280,16.33000000
2018-02-26 10:12:48,0.00043280,545.02000000
2018-02-26 10:12:48,0.00043280,9.44000000
2018-02-26 10:12:48,0.00043290,6.02000000
2018-02-26 10:12:48,0.00043200,67.02000000
2018-02-26 10:12:49,0.00043200,1961.97000000
2018-02-26 10:12:50,0.00043250,30.00000000
2018-02-26 10:12:50,0.00043250,14.15000000
2018-02-26 10:12:51,0.00043250,131.53000000
2018-02-26 10:12:52,0.00043250,30.00000000
2018-02-26 10:12:52,0.00043260,23.73000000
2018-02-26 10:12:52,0.00043250,609.62000000
2018-02-26 10:12:52,0.00043250,0.01000000
2018-02-26 10:12:53,0.00043240,31.23000000
2018-02-26 10:12:53,0.00043240,59.81000000
2018-02-26 10:12:54,0.00043200,10.00000000
2018-02-26 10:12:55,0.00043200,30.00000000
2018-02-26 10:12:57,0.00043200,11.82000000
2018-02-26 10:12:59,0.00043210,11.64000000
2018-02-26 10:12:59,0.00043210,30.00000000
2018-02-26 10:12:59,0.00043240,17.04000000
2018-02-26 10:13:00,0.00043210,30.00000000
2018-02-26 10:13:02,0.00043240,52.91000000
2018-02-26 10:13:04,0.00043220,29.48000000
2018-02-26 10:13:05,0.00043220,6.58000000
2018-02-26 10:13:05,0.00043240,33.01000000
2018-02-26 10:13:05,0.00043250,379.32000000
2018-02-26 10:13:05,0.00043280,135.97000000
2018-02-26 10:13:05,0.00043290,520.42000000
2018-02-26 10:13:05,0.00043230,55.96000000
2018-02-26 10:13:07,0.00043230,30.00000000
2018-02-26 10:13:07,0.00043230,68.57000000
2018-02-26 10:13:07,0.00043230,119.43000000
2018-02-26 10:13:07,0.00043230,19.54000000
2018-02-26 10:13:09,0.00043230,79.25000000
2018-02-26 10:13:09,0.00043230,13.72000000
2018-02-26 10:13:10,0.00043230,167.62000000
2018-02-26 10:13:12,0.00043230,16.72000000
2018-02-26 10:13:12,0.00043210,13.28000000
2018-02-26 10:13:12,0.00043210,16.71000000
2018-02-26 10:13:13,0.00043240,218.00000000
2018-02-26 10:13:13,0.00043250,366.57000000
2018-02-26 10:13:13,0.00043290,799.28000000
2018-02-26 10:13:13,0.00043300,3335.87000000
2018-02-26 10:13:13,0.00043300,543.85000000
2018-02-26 10:13:13,0.00043210,543.85000000
2018-02-26 10:13:13,0.00043210,262.00000000
2018-02-26 10:13:17,0.00043220,30.00000000
2018-02-26 10:13:17,0.00043220,30.00000000
2018-02-26 10:13:18,0.00043270,21.80000000
2018-02-26 10:13:21,0.00043270,68.07000000
2018-02-26 10:13:21,0.00043300,231.93000000
2018-02-26 10:13:22,0.00043230,30.00000000
2018-02-26 10:13:23,0.00043230,8.50000000
2018-02-26 10:13:24,0.00043230,230.61000000
2018-02-26 10:13:25,0.00043220,16.65000000
2018-02-26 10:13:25,0.00043210,13.35000000
2018-02-26 10:13:25,0.00043230,174.03000000
2018-02-26 10:13:27,0.00043210,144.05000000
2018-02-26 10:13:27,0.00043220,60.00000000
2018-02-26 10:13:28,0.00043220,30.00000000
2018-02-26 10:13:28,0.00043220,77.19000000
2018-02-26 10:13:29,0.00043230,8.23000000
2018-02-26 10:13:30,0.00043230,240.08000000
2018-02-26 10:13:32,0.00043230,44.33000000
2018-02-26 10:13:32,0.00043250,75.00000000
2018-02-26 10:13:32,0.00043270,35.16000000
2018-02-26 10:13:33,0.00043230,16.20000000
2018-02-26 10:13:33,0.00043220,13.80000000
2018-02-26 10:13:33,0.00043220,427.39000000
2018-02-26 10:13:35,0.00043240,5.45000000
2018-02-26 10:13:35,0.00043270,21.70000000
2018-02-26 10:13:36,0.00043270,40.17000000
2018-02-26 10:13:38,0.00043270,120.97000000
2018-02-26 10:13:38,0.00043270,28.83000000
2018-02-26 10:13:39,0.00043270,45.14000000
2018-02-26 10:13:39,0.00043270,4.12000000
2018-02-26 10:13:40,0.00043270,55.91000000
2018-02-26 10:13:40,0.00043270,22.48000000
2018-02-26 10:13:40,0.00043270,22.48000000
2018-02-26 10:13:41,0.00043270,33.20000000
2018-02-26 10:13:41,0.00043270,20.82000000
2018-02-26 10:13:41,0.00043270,27.35000000
2018-02-26 10:13:43,0.00043280,25.30000000
2018-02-26 10:13:44,0.00043280,7.20000000
2018-02-26 10:13:45,0.00043280,3.56000000
2018-02-26 10:13:45,0.00043290,222.41000000
2018-02-26 10:13:46,0.00043300,24.97000000
2018-02-26 10:13:46,0.00043300,4.33000000
2018-02-26 10:13:46,0.00043300,20.82000000
2018-02-26 10:13:46,0.00043300,10.31000000
2018-02-26 10:13:46,0.00043300,5.99000000
2018-02-26 10:13:46,0.00043300,69.61000000
2018-02-26 10:13:46,0.00043300,24.73000000
2018-02-26 10:13:46,0.00043300,10.08000000
2018-02-26 10:13:46,0.00043300,3233.03000000
2018-02-26 10:13:46,0.00043300,1128.84000000
2018-02-26 10:13:46,0.00043300,381.74000000
2018-02-26 10:13:46,0.00043300,127.29000000
2018-02-26 10:13:47,0.00043300,56.34000000
2018-02-26 10:13:47,0.00043300,992.06000000
2018-02-26 10:13:47,0.00043310,5.78000000
2018-02-26 10:13:48,0.00043270,4.53000000
2018-02-26 10:13:48,0.00043270,447.00000000
2018-02-26 10:13:49,0.00043270,208.03000000
2018-02-26 10:13:49,0.00043300,354.60000000
2018-02-26 10:13:49,0.00043300,372.72000000
2018-02-26 10:13:50,0.00043300,434.41000000
2018-02-26 10:13:50,0.00043310,278.97000000
2018-02-26 10:13:50,0.00043320,28.97000000
2018-02-26 10:13:50,0.00043330,132.77000000
2018-02-26 10:13:50,0.00043350,341.27000000
2018-02-26 10:13:50,0.00043370,114.63000000
2018-02-26 10:13:50,0.00043380,401.97000000
2018-02-26 10:13:50,0.00043280,100.00000000
2018-02-26 10:13:50,0.00043280,39.17000000
2018-02-26 10:13:50,0.00043270,46.61000000
2018-02-26 10:13:50,0.00043260,53.37000000
2018-02-26 10:13:52,0.00043270,19.51000000
2018-02-26 10:13:52,0.00043300,11.95000000
2018-02-26 10:13:53,0.00043300,22.25000000
2018-02-26 10:13:53,0.00043300,88.62000000
2018-02-26 10:13:54,0.00043300,40.17000000
2018-02-26 10:13:55,0.00043360,14.19000000
2018-02-26 10:13:55,0.00043370,109.34000000
2018-02-26 10:13:55,0.00043380,158.91000000
2018-02-26 10:13:55,0.00043390,41.09000000
2018-02-26 10:13:55,0.00043300,584.02000000
2018-02-26 10:13:56,0.00043390,107.04000000
2018-02-26 10:13:56,0.00043310,54.68000000
2018-02-26 10:13:56,0.00043310,20.00000000
2018-02-26 10:13:56,0.00043310,40.50000000
2018-02-26 10:13:57,0.00043310,29.38000000
2018-02-26 10:13:57,0.00043360,14.19000000
2018-02-26 10:13:57,0.00043370,150.97000000
2018-02-26 10:13:57,0.00043390,622.89000000
2018-02-26 10:13:57,0.00043400,687.48000000
2018-02-26 10:13:58,0.00043390,89.28000000
2018-02-26 10:13:59,0.00043310,90.89000000
2018-02-26 10:14:04,0.00043310,17.95000000
2018-02-26 10:14:04,0.00043300,695.55000000
2018-02-26 10:14:05,0.00043300,4183.67000000
2018-02-26 10:14:05,0.00043270,0.01000000
2018-02-26 10:14:05,0.00043260,85.96000000
2018-02-26 10:14:07,0.00043300,471.19000000
2018-02-26 10:14:08,0.00043300,234.94000000
2018-02-26 10:14:08,0.00043250,152.38000000
2018-02-26 10:14:08,0.00043230,40.60000000
2018-02-26 10:14:10,0.00043220,143.09000000
2018-02-26 10:14:10,0.00043220,552.65000000
2018-02-26 10:14:10,0.00043300,1461.96000000
2018-02-26 10:14:10,0.00043220,169.19000000
2018-02-26 10:14:11,0.00043220,466.47000000
2018-02-26 10:14:11,0.00043220,7.52000000
2018-02-26 10:14:11,0.00043300,262.53000000
2018-02-26 10:14:11,0.00043220,634.08000000
2018-02-26 10:14:11,0.00043210,2456.07000000
2018-02-26 10:14:11,0.00043200,947.86000000
2018-02-26 10:14:11,0.00043190,16.71000000
2018-02-26 10:14:11,0.00043170,61.29000000
2018-02-26 10:14:11,0.00043310,48.87000000
2018-02-26 10:14:12,0.00043220,3.55000000
2018-02-26 10:14:12,0.00043220,112.13000000
2018-02-26 10:14:12,0.00043170,123.12000000
2018-02-26 10:14:12,0.00043100,41.54000000
2018-02-26 10:14:13,0.00043200,131.41000000
2018-02-26 10:14:13,0.00043200,327.56000000
2018-02-26 10:14:13,0.00043200,46.27000000
2018-02-26 10:14:13,0.00043170,297.39000000
2018-02-26 10:14:13,0.00043200,56.55000000
2018-02-26 10:14:13,0.00043200,32.09000000
2018-02-26 10:14:14,0.00043200,5.58000000
2018-02-26 10:14:14,0.00043110,4.68000000
2018-02-26 10:14:14,0.00043100,22.46000000
2018-02-26 10:14:14,0.00043090,54.52000000
2018-02-26 10:14:14,0.00043090,150.87000000
2018-02-26 10:14:14,0.00043090,23.12000000
2018-02-26 10:14:14,0.00043090,13.21000000
2018-02-26 10:14:14,0.00043090,40.18000000
2018-02-26 10:14:15,0.00043110,5.18000000
2018-02-26 10:14:16,0.00043110,11.60000000
2018-02-26 10:14:17,0.00043090,13.21000000
2018-02-26 10:14:18,0.00043100,5.82000000
2018-02-26 10:14:19,0.00043100,5.78000000
2018-02-26 10:14:21,0.00043170,11.71000000
2018-02-26 10:14:21,0.00043170,229.17000000
2018-02-26 10:14:21,0.00043170,29.73000000
2018-02-26 10:14:22,0.00043180,15.00000000
2018-02-26 10:14:24,0.00043080,14.15000000
2018-02-26 10:14:24,0.00043040,6.53000000
2018-02-26 10:14:24,0.00043010,115.68000000
2018-02-26 10:14:24,0.00043000,598.04000000
2018-02-26 10:14:24,0.00042990,24.00000000
2018-02-26 10:14:24,0.00042960,155.81000000
2018-02-26 10:14:26,0.00042980,11.61000000
2018-02-26 10:14:26,0.00042970,20.14000000
2018-02-26 10:14:27,0.00042970,291.91000000
2018-02-26 10:14:27,0.00042960,814.19000000
2018-02-26 10:14:27,0.00042950,139.33000000
2018-02-26 10:14:27,0.00042930,1361.96000000
2018-02-26 10:14:28,0.00042970,5.90000000
2018-02-26 10:14:28,0.00042970,59.44000000
2018-02-26 10:14:29,0.00043110,10.15000000
2018-02-26 10:14:29,0.00042970,11.90000000
2018-02-26 10:14:29,0.00043110,4.83000000
2018-02-26 10:14:29,0.00043110,15.00000000
2018-02-26 10:14:30,0.00043000,14.98000000
2018-02-26 10:14:30,0.00042990,11.63000000
2018-02-26 10:14:30,0.00042970,3.87000000
2018-02-26 10:14:31,0.00042970,617.10000000
2018-02-26 10:14:31,0.00042960,372.18000000
2018-02-26 10:14:31,0.00042950,78.37000000
2018-02-26 10:14:31,0.00042950,51.02000000
2018-02-26 10:14:33,0.00043120,24.00000000
2018-02-26 10:14:33,0.00043140,494.32000000
2018-02-26 10:14:33,0.00043150,184.41000000
2018-02-26 10:14:33,0.00043160,604.33000000
2018-02-26 10:14:33,0.00043170,207.29000000
2018-02-26 10:14:33,0.00043180,81.63000000
2018-02-26 10:14:33,0.00043190,8.11000000
2018-02-26 10:14:33,0.00043270,64.00000000
2018-02-26 10:14:33,0.00043290,91.15000000
2018-02-26 10:14:33,0.00043310,150.00000000
2018-02-26 10:14:33,0.00043330,218.00000000
2018-02-26 10:14:33,0.00043390,1082.00000000
2018-02-26 10:14:33,0.00043400,4533.75000000
2018-02-26 10:14:33,0.00043410,115.07000000
2018-02-26 10:14:33,0.00043420,14.92000000
2018-02-26 10:14:33,0.00043430,2.50000000
2018-02-26 10:14:33,0.00043440,209.40000000
2018-02-26 10:14:33,0.00043450,10584.45000000
2018-02-26 10:14:33,0.00043460,717.40000000
2018-02-26 10:14:33,0.00043470,164.58000000
2018-02-26 10:14:33,0.00043480,3095.55000000
2018-02-26 10:14:33,0.00043490,1271.28000000
2018-02-26 10:14:33,0.00043500,6077.72000000
2018-02-26 10:14:33,0.00043510,11.96000000
2018-02-26 10:14:33,0.00043520,7.00000000
2018-02-26 10:14:33,0.00043540,23.37000000
2018-02-26 10:14:33,0.00043550,100.00000000
2018-02-26 10:14:33,0.00043560,1307.07000000
2018-02-26 10:14:33,0.00043570,1002.71000000
2018-02-26 10:14:33,0.00043580,72.66000000
2018-02-26 10:14:33,0.00043590,6601.86000000
2018-02-26 10:14:33,0.00043600,4180.64000000
2018-02-26 10:14:33,0.00043000,11.63000000
2018-02-26 10:14:33,0.00042950,0.77000000
2018-02-26 10:14:33,0.00043000,5.17000000
2018-02-26 10:14:33,0.00042940,18.64000000
2018-02-26 10:14:34,0.00042940,71.10000000
2018-02-26 10:14:34,0.00043000,23.20000000
2018-02-26 10:14:34,0.00043000,75.15000000
2018-02-26 10:14:34,0.00043000,75.00000000
2018-02-26 10:14:34,0.00043000,419.29000000
2018-02-26 10:14:34,0.00042960,23.20000000
2018-02-26 10:14:35,0.00042970,23.80000000
2018-02-26 10:14:35,0.00042970,23.67000000
2018-02-26 10:14:35,0.00042970,16.53000000
2018-02-26 10:14:35,0.00042960,7.42000000
2018-02-26 10:14:36,0.00042970,219.00000000
2018-02-26 10:14:36,0.00042960,6.65000000
2018-02-26 10:14:36,0.00042960,117.46000000
2018-02-26 10:14:37,0.00042970,11.64000000
2018-02-26 10:14:37,0.00042960,294.95000000
2018-02-26 10:14:37,0.00042960,5.81000000
2018-02-26 10:14:37,0.00042960,5.81000000
2018-02-26 10:14:37,0.00042960,5.80000000
2018-02-26 10:14:37,0.00042960,25.78000000
2018-02-26 10:14:37,0.00042960,25.78000000
2018-02-26 10:14:37,0.00042960,23.27000000
2018-02-26 10:14:37,0.00042950,5.81000000
2018-02-26 10:14:37,0.00042960,20.84000000
2018-02-26 10:14:37,0.00042960,23.27000000
2018-02-26 10:14:37,0.00042960,5.82000000
2018-02-26 10:14:37,0.00042960,5.82000000
2018-02-26 10:14:37,0.00042950,702.82000000
2018-02-26 10:14:37,0.00042960,1007.37000000
2018-02-26 10:14:38,0.00043070,24.00000000
2018-02-26 10:14:38,0.00042960,78.25000000
2018-02-26 10:14:39,0.00042960,105.44000000
2018-02-26 10:14:42,0.00043020,3.20000000
2018-02-26 10:14:42,0.00043010,49.53000000
2018-02-26 10:14:42,0.00042960,23.96000000
2018-02-26 10:14:42,0.00043000,147.27000000
2018-02-26 10:14:43,0.00043040,232.72000000
2018-02-26 10:14:43,0.00043000,23.85000000
2018-02-26 10:14:43,0.00043050,11.63000000
2018-02-26 10:14:43,0.00043080,653.68000000
2018-02-26 10:14:43,0.00043110,61.22000000
2018-02-26 10:14:43,0.00043120,185.27000000
2018-02-26 10:14:43,0.00043170,97.66000000
2018-02-26 10:14:43,0.00043220,23.08000000
2018-02-26 10:14:43,0.00043250,5.48000000
2018-02-26 10:14:43,0.00043250,1242.72000000
2018-02-26 10:14:44,0.00043250,0.62000000
2018-02-26 10:14:44,0.00043010,23.97000000
2018-02-26 10:14:44,0.00043020,23.97000000
2018-02-26 10:14:44,0.00043050,105.79000000
2018-02-26 10:14:44,0.00043250,60.52000000
2018-02-26 10:14:44,0.00043270,2.55000000
2018-02-26 10:14:44,0.00043300,19.49000000
2018-02-26 10:14:45,0.00043050,23.91000000
2018-02-26 10:14:45,0.00043050,23.84000000
2018-02-26 10:14:47,0.00043070,35.09000000
2018-02-26 10:14:50,0.00043070,5.22000000
2018-02-26 10:14:50,0.00043070,115.72000000
2018-02-26 10:14:50,0.00043060,185.53000000
2018-02-26 10:14:50,0.00043050,489.03000000
2018-02-26 10:14:50,0.00043040,209.72000000
2018-02-26 10:14:57,0.00043090,26.08000000
2018-02-26 10:14:57,0.00043080,15.00000000
2018-02-26 10:14:57,0.00043080,35.00000000
2018-02-26 10:14:58,0.00043090,8.92000000
2018-02-26 10:14:59,0.00043090,277.03000000
2018-02-26 10:15:00,0.00043080,9.06000000
2018-02-26 10:15:01,0.00043080,144.63000000
2018-02-26 10:15:03,0.00043090,46.24000000
2018-02-26 10:15:03,0.00043080,11.60000000
2018-02-26 10:15:04,0.00043080,361.89000000
2018-02-26 10:15:04,0.00043040,1.00000000
2018-02-26 10:15:04,0.00043080,108.75000000
2018-02-26 10:15:04,0.00043070,28.30000000
2018-02-26 10:15:04,0.00043080,6.89000000
2018-02-26 10:15:04,0.00043090,2.10000000
2018-02-26 10:15:05,0.00043080,410.71000000
2018-02-26 10:15:05,0.00043070,20.51000000
2018-02-26 10:15:09,0.00043040,152.06000000
2018-02-26 10:15:09,0.00043040,237.95000000
2018-02-26 10:15:09,0.00043040,109.99000000
2018-02-26 10:15:10,0.00043040,48.05000000
2018-02-26 10:15:11,0.00043040,35.38000000
2018-02-26 10:15:11,0.00043040,12.68000000
2018-02-26 10:15:14,0.00043090,31.46000000
2018-02-26 10:15:14,0.00043100,71.00000000
2018-02-26 10:15:14,0.00043160,142.96000000
2018-02-26 10:15:16,0.00043100,20.00000000
2018-02-26 10:15:16,0.00043060,15.00000000
2018-02-26 10:15:16,0.00043050,25.72000000
2018-02-26 10:15:18,0.00043090,15.00000000
2018-02-26 10:15:18,0.00043100,2.31000000
2018-02-26 10:15:24,0.00043080,15.00000000
2018-02-26 10:15:24,0.00043070,7.54000000
2018-02-26 10:15:24,0.00043080,3.85000000
2018-02-26 10:15:25,0.00043090,11.60000000
2018-02-26 10:15:25,0.00043100,1.54000000
2018-02-26 10:15:25,0.00043180,4.86000000
2018-02-26 10:15:28,0.00043140,34.87000000
2018-02-26 10:15:28,0.00043150,6.58000000
2018-02-26 10:15:32,0.00043180,12.72000000
2018-02-26 10:15:34,0.00043180,12.71000000
2018-02-26 10:15:35,0.00043090,12.72000000
2018-02-26 10:15:35,0.00043080,58.87000000
2018-02-26 10:15:38,0.00043170,14.00000000
2018-02-26 10:15:38,0.00043180,44.37000000
2018-02-26 10:15:38,0.00043190,12.97000000
2018-02-26 10:15:38,0.00043080,50.57000000
2018-02-26 10:15:38,0.00043070,11.91000000
2018-02-26 10:15:39,0.00043080,17.28000000
2018-02-26 10:15:39,0.00043080,508.41000000
2018-02-26 10:15:40,0.00043150,15.00000000
2018-02-26 10:15:40,0.00043150,255.51000000
2018-02-26 10:15:43,0.00043180,5.03000000
2018-02-26 10:15:43,0.00043190,18.18000000
2018-02-26 10:15:44,0.00043190,17.68000000
2018-02-26 10:15:45,0.00043190,5.88000000
2018-02-26 10:15:49,0.00043160,17.29000000
2018-02-26 10:15:52,0.00043160,17.02000000
2018-02-26 10:15:52,0.00043190,60.97000000
2018-02-26 10:15:52,0.00043200,238.00000000
2018-02-26 10:15:53,0.00043170,237.51000000
2018-02-26 10:15:53,0.00043170,16.75000000
2018-02-26 10:15:54,0.00043190,20.00000000
2018-02-26 10:15:54,0.00043200,504.23000000
2018-02-26 10:15:54,0.00043200,3541.68000000
2018-02-26 10:15:54,0.00043200,1761.30000000
2018-02-26 10:15:55,0.00043200,540.15000000
2018-02-26 10:15:56,0.00043200,7.82000000
2018-02-26 10:15:56,0.00043200,785.89000000
2018-02-26 10:15:57,0.00043250,2.59000000
2018-02-26 10:15:57,0.00043290,9.41000000
2018-02-26 10:16:00,0.00043260,6.97000000
2018-02-26 10:16:00,0.00043290,28.30000000
2018-02-26 10:16:00,0.00043290,23.10000000
2018-02-26 10:16:00,0.00043290,7.44000000
2018-02-26 10:16:00,0.00043290,6.47000000
2018-02-26 10:16:00,0.00043290,18.20000000
2018-02-26 10:16:00,0.00043290,30.93000000
2018-02-26 10:16:01,0.00043290,4.91000000
2018-02-26 10:16:01,0.00043290,134.46000000
2018-02-26 10:16:01,0.00043290,10.32000000
2018-02-26 10:16:01,0.00043290,431.81000000
2018-02-26 10:16:02,0.00043290,20.23000000
2018-02-26 10:16:02,0.00043300,96.64000000
2018-02-26 10:16:02,0.00043340,24.00000000
2018-02-26 10:16:02,0.00043360,26.34000000
2018-02-26 10:16:03,0.00043300,0.06000000
2018-02-26 10:16:03,0.00043250,24.12000000
2018-02-26 10:16:04,0.00043290,16.68000000
2018-02-26 10:16:05,0.00043250,156.46000000
2018-02-26 10:16:08,0.00043250,0.02000000
2018-02-26 10:16:08,0.00043210,495.75000000
2018-02-26 10:16:08,0.00043200,399.23000000
2018-02-26 10:16:09,0.00043280,219.00000000
2018-02-26 10:16:09,0.00043290,17.26000000
2018-02-26 10:16:10,0.00043290,13.26000000
2018-02-26 10:16:12,0.00043290,34.60000000
2018-02-26 10:16:14,0.00043240,7.15000000
2018-02-26 10:16:21,0.00043290,67.12000000
2018-02-26 10:16:24,0.00043240,82.48000000
2018-02-26 10:16:29,0.00043290,205.94000000
2018-02-26 10:16:33,0.00043250,4.00000000
2018-02-26 10:16:37,0.00043260,563.82000000
2018-02-26 10:16:38,0.00043260,129.36000000
2018-02-26 10:16:41,0.00043230,87.91000000
2018-02-26 10:16:45,0.00043230,130.09000000
2018-02-26 10:16:45,0.00043220,369.91000000
2018-02-26 10:16:47,0.00043220,240.28000000
2018-02-26 10:16:47,0.00043210,97.05000000
2018-02-26 10:16:47,0.00043200,661.27000000
2018-02-26 10:16:47,0.00043200,236.02000000
2018-02-26 10:16:48,0.00043200,844.52000000
2018-02-26 10:16:48,0.00043180,11.60000000
2018-02-26 10:16:48,0.00043150,9743.00000000
2018-02-26 10:16:48,0.00043150,115.21000000
2018-02-26 10:16:48,0.00043150,22.00000000
2018-02-26 10:16:49,0.00043120,25.74000000
2018-02-26 10:16:49,0.00043090,24.29000000
2018-02-26 10:16:49,0.00043040,67.04000000
2018-02-26 10:16:49,0.00043150,320.00000000
2018-02-26 10:16:50,0.00043150,197.50000000
2018-02-26 10:16:52,0.00043050,14.19000000
2018-02-26 10:16:52,0.00043040,286.89000000
2018-02-26 10:16:52,0.00043030,223.15000000
2018-02-26 10:16:54,0.00043040,11.93000000
2018-02-26 10:16:54,0.00043030,1686.46000000
2018-02-26 10:16:54,0.00043030,23.17000000
2018-02-26 10:16:54,0.00043030,232.39000000
2018-02-26 10:16:54,0.00043030,599.27000000
2018-02-26 10:16:54,0.00043030,544.09000000
2018-02-26 10:16:54,0.00043030,444.37000000
2018-02-26 10:16:56,0.00043030,23.23000000
2018-02-26 10:16:56,0.00043030,12.93000000
2018-02-26 10:16:56,0.00043030,26.66000000
2018-02-26 10:16:56,0.00043030,142.87000000
2018-02-26 10:16:59,0.00043010,0.15000000
2018-02-26 10:17:00,0.00043020,11.63000000
2018-02-26 10:17:00,0.00043010,48.31000000
2018-02-26 10:17:02,0.00043020,21.03000000
2018-02-26 10:17:03,0.00043020,117.15000000
2018-02-26 10:17:03,0.00043010,5.93000000
2018-02-26 10:17:03,0.00043020,200.00000000
2018-02-26 10:17:04,0.00043020,49.60000000
2018-02-26 10:17:04,0.00043020,117.15000000
2018-02-26 10:17:04,0.00043020,117.15000000
2018-02-26 10:17:04,0.00043010,11.60000000
2018-02-26 10:17:06,0.00043020,54.13000000
2018-02-26 10:17:06,0.00043020,212.50000000
2018-02-26 10:17:07,0.00043020,301.05000000
2018-02-26 10:17:08,0.00043010,1393.19000000
2018-02-26 10:17:09,0.00043010,5.83000000
2018-02-26 10:17:12,0.00043010,21.98000000
2018-02-26 10:17:12,0.00043020,28.21000000
2018-02-26 10:17:12,0.00043010,698.21000000
2018-02-26 10:17:12,0.00043020,205.54000000
2018-02-26 10:17:13,0.00043010,17.00000000
2018-02-26 10:17:13,0.00043020,2.59000000
2018-02-26 10:17:13,0.00043010,19.76000000
2018-02-26 10:17:14,0.00043010,680.66000000
2018-02-26 10:17:14,0.00043020,14.11000000
2018-02-26 10:17:14,0.00043010,1109.35000000
2018-02-26 10:17:14,0.00043000,192.70000000
2018-02-26 10:17:15,0.00043000,390.13000000
2018-02-26 10:17:15,0.00042990,232.61000000
2018-02-26 10:17:15,0.00042990,68.86000000
2018-02-26 10:17:15,0.00043000,231.62000000
2018-02-26 10:17:15,0.00043000,523.00000000
2018-02-26 10:17:15,0.00043000,525.31000000
2018-02-26 10:17:15,0.00043000,23.25000000
2018-02-26 10:17:16,0.00043000,50.12000000
2018-02-26 10:17:16,0.00043000,14.19000000
2018-02-26 10:17:18,0.00042990,106.43000000
2018-02-26 10:17:18,0.00042970,33.79000000
2018-02-26 10:17:18,0.00042960,136.81000000
2018-02-26 10:17:19,0.00043000,5.80000000
2018-02-26 10:17:19,0.00043000,4.97000000
2018-02-26 10:17:20,0.00042990,11.63000000
2018-02-26 10:17:20,0.00042960,75.22000000
2018-02-26 10:17:20,0.00042960,5.84000000
2018-02-26 10:17:20,0.00042960,5.83000000
2018-02-26 10:17:21,0.00042960,11.64000000
2018-02-26 10:17:22,0.00042910,7.82000000
2018-02-26 10:17:28,0.00042910,11.90000000
2018-02-26 10:17:28,0.00042910,11.89000000
2018-02-26 10:17:28,0.00042960,12.21000000
2018-02-26 10:17:29,0.00042960,26.54000000
2018-02-26 10:17:29,0.00042910,938.39000000
2018-02-26 10:17:29,0.00042900,466.71000000
2018-02-26 10:17:29,0.00042910,36.61000000
2018-02-26 10:17:29,0.00042910,94.80000000
2018-02-26 10:17:31,0.00042910,131.59000000
2018-02-26 10:17:31,0.00042910,312.87000000
2018-02-26 10:17:31,0.00042900,87.13000000
2018-02-26 10:17:31,0.00042960,637.31000000
2018-02-26 10:17:31,0.00042990,178.39000000
2018-02-26 10:17:31,0.00043000,2920.95000000
2018-02-26 10:17:32,0.00043000,976.67000000
2018-02-26 10:17:33,0.00043000,29.55000000
2018-02-26 10:17:36,0.00043000,109.91000000
2018-02-26 10:17:41,0.00043030,21.97000000
2018-02-26 10:17:41,0.00043030,35.85000000
2018-02-26 10:17:41,0.00043030,42.18000000
2018-02-26 10:17:41,0.00043000,33.86000000
2018-02-26 10:17:49,0.00043020,2.63000000
2018-02-26 10:17:49,0.00043000,191.58000000
2018-02-26 10:17:50,0.00043000,50.00000000
2018-02-26 10:17:51,0.00043110,11.64000000
2018-02-26 10:17:52,0.00043120,62.10000000
2018-02-26 10:17:57,0.00043100,37.50000000
2018-02-26 10:17:57,0.00043110,3.10000000
2018-02-26 10:17:57,0.00043120,189.00000000
2018-02-26 10:17:57,0.00043120,10.08000000
2018-02-26 10:18:00,0.00043110,0.01000000
2018-02-26 10:18:03,0.00043010,6.39000000
2018-02-26 10:18:09,0.00043110,18.00000000
2018-02-26 10:18:11,0.00043110,156.98000000
2018-02-26 10:18:13,0.00043110,88.07000000
2018-02-26 10:18:13,0.00043110,6.93000000
2018-02-26 10:18:14,0.00043110,4.01000000
2018-02-26 10:18:15,0.00043110,6.62000000
2018-02-26 10:18:15,0.00043110,42.38000000
2018-02-26 10:18:15,0.00043020,11.63000000
2018-02-26 10:18:15,0.00043010,73.41000000
2018-02-26 10:18:19,0.00043010,146.09000000
2018-02-26 10:18:19,0.00043000,615.31000000
2018-02-26 10:18:19,0.00042940,435.19000000
2018-02-26 10:18:19,0.00042930,708.29000000
2018-02-26 10:18:19,0.00042920,3544.75000000
2018-02-26 10:18:19,0.00042910,403.32000000
2018-02-26 10:18:19,0.00042900,565.92000000
2018-02-26 10:18:19,0.00042900,23.56000000
2018-02-26 10:18:19,0.00042900,4.52000000
2018-02-26 10:18:19,0.00042900,4.53000000
2018-02-26 10:18:19,0.00042900,120.60000000
2018-02-26 10:18:19,0.00042900,4.53000000
2018-02-26 10:18:19,0.00042900,4.53000000
2018-02-26 10:18:20,0.00042900,4.53000000
2018-02-26 10:18:20,0.00042900,6.91000000
2018-02-26 10:18:20,0.00042900,210.90000000
2018-02-26 10:18:20,0.00042900,88.65000000
2018-02-26 10:18:23,0.00042900,0.01000000
2018-02-26 10:18:23,0.00042910,75.97000000
2018-02-26 10:18:23,0.00042910,42.17000000
2018-02-26 10:18:23,0.00042910,8.43000000
2018-02-26 10:18:23,0.00043100,441.57000000
2018-02-26 10:18:25,0.00042920,37.31000000
2018-02-26 10:18:26,0.00043070,30.00000000
2018-02-26 10:18:26,0.00043080,185.16000000
2018-02-26 10:18:26,0.00043090,8.70000000
2018-02-26 10:18:27,0.00042960,23.82000000
2018-02-26 10:18:28,0.00043080,2.43000000
2018-02-26 10:18:28,0.00042950,6.16000000
2018-02-26 10:18:30,0.00043050,27.55000000
2018-02-26 10:18:30,0.00043060,101.94000000
2018-02-26 10:18:31,0.00042950,30.00000000
2018-02-26 10:18:31,0.00043060,205.53000000
2018-02-26 10:18:32,0.00042940,196.12000000
2018-02-26 10:18:32,0.00043040,18.04000000
2018-02-26 10:18:32,0.00043050,28.17000000
2018-02-26 10:18:33,0.00042950,28.17000000
2018-02-26 10:18:35,0.00043000,39.01000000
2018-02-26 10:18:38,0.00042900,31.67000000
2018-02-26 10:18:38,0.00042880,15.00000000
2018-02-26 10:18:38,0.00042880,46.12000000
2018-02-26 10:18:40,0.00042890,43.71000000
2018-02-26 10:18:40,0.00042900,75.33000000
2018-02-26 10:18:40,0.00042980,62.96000000
2018-02-26 10:18:40,0.00042980,6.28000000
2018-02-26 10:18:45,0.00042950,11.00000000
2018-02-26 10:18:46,0.00042950,62.82000000
2018-02-26 10:18:46,0.00042880,235.74000000
2018-02-26 10:18:46,0.00042870,182.22000000
2018-02-26 10:18:51,0.00042870,47.54000000
2018-02-26 10:18:52,0.00042870,95.94000000
2018-02-26 10:18:52,0.00042870,72.00000000
2018-02-26 10:18:52,0.00042870,174.93000000
2018-02-26 10:18:53,0.00042950,23.71000000
2018-02-26 10:18:53,0.00042960,253.33000000
2018-02-26 10:18:53,0.00042970,132.96000000
2018-02-26 10:18:54,0.00042870,13.66000000
2018-02-26 10:18:54,0.00042850,380.64000000
2018-02-26 10:18:54,0.00042840,84.99000000
2018-02-26 10:18:54,0.00042830,65.18000000
2018-02-26 10:18:55,0.00042880,187.47000000
2018-02-26 10:18:55,0.00042950,15.00000000
2018-02-26 10:18:55,0.00042960,23.57000000
2018-02-26 10:18:55,0.00042970,99.31000000
2018-02-26 10:18:59,0.00042940,11.66000000
2018-02-26 10:18:59,0.00042950,174.93000000
2018-02-26 10:19:02,0.00042880,15.00000000
2018-02-26 10:19:02,0.00042870,6.82000000
2018-02-26 10:19:02,0.00042840,218.44000000
2018-02-26 10:19:02,0.00042830,22.22000000
2018-02-26 10:19:06,0.00042840,26.67000000
2018-02-26 10:19:06,0.00042940,15.00000000
2018-02-26 10:19:06,0.00042950,200.00000000
2018-02-26 10:19:06,0.00042960,219.90000000
2018-02-26 10:19:06,0.00042960,88.98000000
2018-02-26 10:19:07,0.00042960,177.80000000
2018-02-26 10:19:08,0.00042970,2.79000000
2018-02-26 10:19:11,0.00042970,23.82000000
2018-02-26 10:19:12,0.00042910,21.00000000
2018-02-26 10:19:13,0.00042970,9.00000000
2018-02-26 10:19:14,0.00042970,658.55000000
2018-02-26 10:19:15,0.00042970,504.41000000
2018-02-26 10:19:15,0.00042990,157.29000000
2018-02-26 10:19:15,0.00043000,31.98000000
2018-02-26 10:19:15,0.00043000,678.97000000
2018-02-26 10:19:16,0.00043000,12.16000000
2018-02-26 10:19:16,0.00043000,20.00000000
2018-02-26 10:19:17,0.00043000,1083.46000000
2018-02-26 10:19:17,0.00043000,434.51000000
2018-02-26 10:19:17,0.00043000,686.97000000
2018-02-26 10:19:24,0.00043020,11.67000000
2018-02-26 10:19:24,0.00043030,249.58000000
2018-02-26 10:19:24,0.00043030,38.22000000
2018-02-26 10:19:24,0.00043030,76.43000000
2018-02-26 10:19:24,0.00043030,50.00000000
2018-02-26 10:19:25,0.00043030,0.91000000
2018-02-26 10:19:28,0.00043030,23.94000000
2018-02-26 10:19:29,0.00043030,121.10000000
2018-02-26 10:19:32,0.00043100,37.15000000
2018-02-26 10:19:32,0.00043120,10.00000000
2018-02-26 10:19:32,0.00043160,9.32000000
2018-02-26 10:19:32,0.00043170,185.69000000
2018-02-26 10:19:32,0.00043190,103.42000000
2018-02-26 10:19:34,0.00043060,15.00000000
2018-02-26 10:19:34,0.00043050,11.61000000
2018-02-26 10:19:34,0.00043030,365.89000000
2018-02-26 10:19:35,0.00043020,15.00000000
2018-02-26 10:19:38,0.00043030,430.97000000
2018-02-26 10:19:38,0.00043150,600.00000000
2018-02-26 10:19:38,0.00043190,85.83000000
2018-02-26 10:19:38,0.00043200,823.54000000
2018-02-26 10:19:38,0.00043220,10.44000000
2018-02-26 10:19:38,0.00043230,72.25000000
2018-02-26 10:19:38,0.00043240,1039.70000000
2018-02-26 10:19:38,0.00043250,4693.50000000
2018-02-26 10:19:38,0.00043250,730.00000000
2018-02-26 10:19:38,0.00043250,555.49000000
2018-02-26 10:19:38,0.00043250,36.43000000
2018-02-26 10:19:38,0.00043250,4.53000000
2018-02-26 10:19:38,0.00043250,10.21000000
2018-02-26 10:19:39,0.00043260,6.48000000
2018-02-26 10:19:39,0.00043260,57.32000000
2018-02-26 10:19:40,0.00043270,12.49000000
2018-02-26 10:19:41,0.00043270,150.66000000
2018-02-26 10:19:42,0.00043270,59.85000000
2018-02-26 10:19:43,0.00043280,25.34000000
2018-02-26 10:19:43,0.00043290,91.23000000
2018-02-26 10:19:45,0.00043290,156.17000000
2018-02-26 10:19:45,0.00043260,70.81000000
2018-02-26 10:19:48,0.00043290,11.61000000
2018-02-26 10:19:50,0.00043290,16.21000000
2018-02-26 10:19:51,0.00043270,233.80000000
2018-02-26 10:19:52,0.00043300,10.00000000
2018-02-26 10:19:52,0.00043300,176.57000000
2018-02-26 10:19:52,0.00043300,315.31000000
2018-02-26 10:19:53,0.00043300,158.83000000
2018-02-26 10:19:56,0.00043300,63.46000000
2018-02-26 10:19:56,0.00043300,2.37000000
2018-02-26 10:19:58,0.00043310,49.53000000
2018-02-26 10:19:58,0.00043310,87.92000000
2018-02-26 10:19:59,0.00043310,171.84000000
2018-02-26 10:19:59,0.00043300,196.37000000
2018-02-26 10:19:59,0.00043300,52.05000000
2018-02-26 10:19:59,0.00043310,7.00000000
2018-02-26 10:20:03,0.00043450,63.80000000
2018-02-26 10:20:03,0.00043480,0.15000000
2018-02-26 10:20:05,0.00043330,11.57000000
2018-02-26 10:20:05,0.00043300,60.95000000
2018-02-26 10:20:05,0.00043470,17.13000000
2018-02-26 10:20:06,0.00043450,10.36000000
2018-02-26 10:20:06,0.00043470,94.74000000
2018-02-26 10:20:06,0.00043480,263.48000000
2018-02-26 10:20:08,0.00043320,93.45000000
2018-02-26 10:20:08,0.00043470,15.00000000
2018-02-26 10:20:08,0.00043480,0.57000000
2018-02-26 10:20:09,0.00043320,115.59000000
2018-02-26 10:20:11,0.00043480,50.41000000
2018-02-26 10:20:12,0.00043480,0.01000000
2018-02-26 10:20:13,0.00043330,13.09000000
2018-02-26 10:20:13,0.00043350,10.75000000
2018-02-26 10:20:15,0.00043430,2.53000000
2018-02-26 10:20:16,0.00043430,10.56000000
2018-02-26 10:20:16,0.00043440,14.19000000
2018-02-26 10:20:16,0.00043450,55.73000000
2018-02-26 10:20:16,0.00043450,277.33000000
2018-02-26 10:20:16,0.00043350,33.00000000
2018-02-26 10:20:16,0.00043350,47.36000000
2018-02-26 10:20:16,0.00043320,31.16000000
2018-02-26 10:20:16,0.00043310,116.31000000
2018-02-26 10:20:16,0.00043300,82.48000000
2018-02-26 10:20:17,0.00043430,94.53000000
2018-02-26 10:20:19,0.00043420,11.57000000
2018-02-26 10:20:19,0.00043430,178.25000000
2018-02-26 10:20:19,0.00043460,203.52000000
2018-02-26 10:20:19,0.00043470,411.12000000
2018-02-26 10:20:19,0.00043460,5.72000000
2018-02-26 10:20:19,0.00043430,338.76000000
2018-02-26 10:20:20,0.00043430,57.50000000
2018-02-26 10:20:20,0.00043440,5.70000000
2018-02-26 10:20:20,0.00043440,0.02000000
2018-02-26 10:20:20,0.00043430,12.03000000
2018-02-26 10:20:21,0.00043430,254.10000000
2018-02-26 10:20:21,0.00043460,9.28000000
2018-02-26 10:20:21,0.00043470,157.48000000
2018-02-26 10:20:22,0.00043320,6.21000000
2018-02-26 10:20:23,0.00043370,3.07000000
2018-02-26 10:20:23,0.00043360,7.84000000
2018-02-26 10:20:30,0.00043390,158.27000000
2018-02-26 10:20:33,0.00043390,87.26000000
2018-02-26 10:20:34,0.00043390,354.47000000
2018-02-26 10:20:35,0.00043360,385.46000000
2018-02-26 10:20:35,0.00043360,82.12000000
2018-02-26 10:20:36,0.00043400,7.67000000
2018-02-26 10:20:39,0.00043360,30.00000000
2018-02-26 10:20:41,0.00043360,272.74000000
2018-02-26 10:20:41,0.00043390,44.35000000
2018-02-26 10:20:41,0.00043400,45.93000000
2018-02-26 10:20:42,0.00043360,10.66000000
2018-02-26 10:20:43,0.00043390,295.75000000
2018-02-26 10:20:43,0.00043360,75.00000000
2018-02-26 10:20:43,0.00043390,1543.76000000
2018-02-26 10:20:44,0.00043360,196.03000000
2018-02-26 10:20:44,0.00043340,119.87000000
2018-02-26 10:20:46,0.00043350,0.14000000
2018-02-26 10:20:47,0.00043350,1.66000000
2018-02-26 10:20:48,0.00043350,43.77000000
2018-02-26 10:20:48,0.00043350,29.29000000
2018-02-26 10:20:49,0.00043350,2673.06000000
2018-02-26 10:20:51,0.00043340,47.81000000
2018-02-26 10:20:51,0.00043300,67.59000000
2018-02-26 10:20:52,0.00043290,26.66000000
2018-02-26 10:20:54,0.00043290,18.20000000
2018-02-26 10:20:55,0.00043300,0.39000000
2018-02-26 10:20:55,0.00043350,262.53000000
2018-02-26 10:20:56,0.00043350,77.77000000
2018-02-26 10:20:56,0.00043290,125.12000000
2018-02-26 10:20:57,0.00043350,230.00000000
2018-02-26 10:20:58,0.00043350,77.55000000
2018-02-26 10:21:02,0.00043290,5.83000000
2018-02-26 10:21:03,0.00043340,176.00000000
2018-02-26 10:21:03,0.00043350,438.00000000
2018-02-26 10:21:03,0.00043350,40.40000000
2018-02-26 10:21:05,0.00043340,3.77000000
2018-02-26 10:21:05,0.00043340,0.04000000
2018-02-26 10:21:13,0.00043330,22.17000000
2018-02-26 10:21:13,0.00043300,29.32000000
2018-02-26 10:21:13,0.00043300,31.00000000
2018-02-26 10:21:15,0.00043300,25.00000000
2018-02-26 10:21:16,0.00043290,35.15000000
2018-02-26 10:21:17,0.00043290,366.04000000
2018-02-26 10:21:17,0.00043280,882.29000000
2018-02-26 10:21:17,0.00043250,17947.51000000
2018-02-26 10:21:17,0.00043220,218.00000000
2018-02-26 10:21:17,0.00043210,18.91000000
2018-02-26 10:21:17,0.00043210,153.16000000
2018-02-26 10:21:17,0.00043210,13.44000000
2018-02-26 10:21:17,0.00043190,11.53000000
2018-02-26 10:21:17,0.00043180,2.55000000
2018-02-26 10:21:17,0.00043180,5.82000000
2018-02-26 10:21:17,0.00043180,5.82000000
2018-02-26 10:21:17,0.00043180,3.22000000
2018-02-26 10:21:18,0.00043180,5.05000000
2018-02-26 10:21:18,0.00043230,15.00000000
2018-02-26 10:21:18,0.00043240,313.97000000
2018-02-26 10:21:20,0.00043120,30.00000000
2018-02-26 10:21:20,0.00043110,27.86000000
2018-02-26 10:21:21,0.00043230,45.00000000
2018-02-26 10:21:22,0.00043240,23.08000000
2018-02-26 10:21:22,0.00043240,182.40000000
2018-02-26 10:21:22,0.00043240,0.02000000
2018-02-26 10:21:22,0.00043270,15.00000000
2018-02-26 10:21:22,0.00043240,182.42000000
2018-02-26 10:21:23,0.00043260,2.68000000
2018-02-26 10:21:25,0.00043120,7.68000000
2018-02-26 10:21:25,0.00043110,116.03000000
2018-02-26 10:21:25,0.00043100,101.76000000
2018-02-26 10:21:27,0.00043180,5.74000000
2018-02-26 10:21:29,0.00043110,17.68000000
2018-02-26 10:21:29,0.00043100,131.24000000
2018-02-26 10:21:29,0.00043090,15.07000000
2018-02-26 10:21:29,0.00043050,23.16000000
2018-02-26 10:21:29,0.00043030,64.00000000
2018-02-26 10:21:29,0.00043020,979.30000000
2018-02-26 10:21:29,0.00043000,1683.36000000
2018-02-26 10:21:29,0.00042950,48.17000000
2018-02-26 10:21:29,0.00042910,224.46000000
2018-02-26 10:21:29,0.00042900,926.45000000
2018-02-26 10:21:30,0.00043120,6.92000000
2018-02-26 10:21:30,0.00043120,4.68000000
2018-02-26 10:21:32,0.00043120,37.99000000
2018-02-26 10:21:32,0.00043110,15.00000000
2018-02-26 10:21:32,0.00043120,2.01000000
2018-02-26 10:21:33,0.00043220,11.53000000
2018-02-26 10:21:33,0.00043230,52.48000000
2018-02-26 10:21:33,0.00043240,662.23000000
2018-02-26 10:21:33,0.00043250,1942.68000000
2018-02-26 10:21:33,0.00043120,19.29000000
2018-02-26 10:21:34,0.00043120,6.43000000
2018-02-26 10:21:34,0.00043080,186.27000000
2018-02-26 10:21:34,0.00043070,121.01000000
2018-02-26 10:21:34,0.00043060,40.48000000
2018-02-26 10:21:35,0.00043060,23.66000000
2018-02-26 10:21:35,0.00043200,16.20000000
2018-02-26 10:21:36,0.00043090,23.66000000
2018-02-26 10:21:36,0.00043110,141.33000000
2018-02-26 10:21:36,0.00043110,27.48000000
2018-02-26 10:21:36,0.00043120,19.47000000
2018-02-26 10:21:37,0.00043090,50.00000000
2018-02-26 10:21:39,0.00043090,8.00000000
2018-02-26 10:21:40,0.00043120,2.59000000
2018-02-26 10:21:40,0.00043120,8.16000000
2018-02-26 10:21:41,0.00043090,6.12000000
2018-02-26 10:21:41,0.00042980,38.40000000
2018-02-26 10:21:41,0.00042970,335.35000000
2018-02-26 10:21:41,0.00042960,301.47000000
2018-02-26 10:21:41,0.00042950,730.00000000
2018-02-26 10:21:41,0.00042930,970.00000000
2018-02-26 10:21:41,0.00042900,284.82000000
2018-02-26 10:21:43,0.00043110,82.69000000
2018-02-26 10:21:43,0.00042930,30.00000000
2018-02-26 10:21:43,0.00042920,72.99000000
2018-02-26 10:21:46,0.00042920,10.00000000
2018-02-26 10:21:46,0.00042910,730.00000000
2018-02-26 10:21:46,0.00042900,5928.28000000
2018-02-26 10:21:46,0.00042890,6.99000000
2018-02-26 10:21:46,0.00042890,16.75000000
2018-02-26 10:21:46,0.00042890,20.09000000
2018-02-26 10:21:46,0.00042890,20.10000000
2018-02-26 10:21:46,0.00042890,8.65000000
2018-02-26 10:21:46,0.00042890,8.65000000
2018-02-26 10:21:46,0.00042890,344.00000000
2018-02-26 10:21:46,0.00042890,36.43000000
2018-02-26 10:21:46,0.00042890,23.31000000
2018-02-26 10:21:46,0.00042890,309.93000000
2018-02-26 10:21:46,0.00042890,21.84000000
2018-02-26 10:21:46,0.00042890,21.79000000
2018-02-26 10:21:46,0.00042890,23.27000000
2018-02-26 10:21:46,0.00042890,11.66000000
2018-02-26 10:21:46,0.00042890,23.26000000
2018-02-26 10:21:46,0.00042880,23.26000000
2018-02-26 10:21:46,0.00042890,17.63000000
2018-02-26 10:21:46,0.00042890,186.50000000
2018-02-26 10:21:46,0.00042880,17.63000000
2018-02-26 10:21:46,0.00042890,20.19000000
2018-02-26 10:21:46,0.00042880,15.00000000
2018-02-26 10:21:46,0.00042890,350.77000000
2018-02-26 10:21:46,0.00042880,45.17000000
2018-02-26 10:21:46,0.00042860,12.09000000
2018-02-26 10:21:46,0.00042890,178.99000000
2018-02-26 10:21:47,0.00042890,4.25000000
2018-02-26 10:21:47,0.00042890,12.46000000
2018-02-26 10:21:47,0.00042890,5.83000000
2018-02-26 10:21:48,0.00042820,186.74000000
2018-02-26 10:21:48,0.00042820,160.32000000
2018-02-26 10:21:48,0.00042820,134.99000000
2018-02-26 10:21:48,0.00042820,111.67000000
2018-02-26 10:21:50,0.00042820,857.80000000
2018-02-26 10:21:50,0.00042880,64.13000000
2018-02-26 10:21:50,0.00042820,72.08000000
2018-02-26 10:21:51,0.00042800,19.30000000
2018-02-26 10:21:51,0.00042780,115.70000000
2018-02-26 10:21:52,0.00042830,368.21000000
2018-02-26 10:21:54,0.00042870,4.81000000
2018-02-26 10:21:54,0.00042830,335.69000000
2018-02-26 10:21:54,0.00042830,330.49000000
2018-02-26 10:21:54,0.00042830,122.19000000
2018-02-26 10:21:55,0.00042870,6.83000000
2018-02-26 10:21:55,0.00042880,3.33000000
2018-02-26 10:21:56,0.00042880,23.25000000
2018-02-26 10:21:56,0.00042880,430.66000000
2018-02-26 10:21:56,0.00042890,1719.91000000
2018-02-26 10:21:56,0.00042890,788.09000000
2018-02-26 10:21:56,0.00042890,718.53000000
2018-02-26 10:21:56,0.00042890,378.26000000
2018-02-26 10:21:56,0.00042880,23.32000000
2018-02-26 10:21:56,0.00042780,23.25000000
2018-02-26 10:21:56,0.00042880,48.94000000
2018-02-26 10:21:57,0.00042880,14.19000000
2018-02-26 10:21:57,0.00042880,15.75000000
2018-02-26 10:21:57,0.00042880,522.76000000
2018-02-26 10:21:57,0.00042870,116.35000000
2018-02-26 10:21:57,0.00042880,113.86000000
2018-02-26 10:22:00,0.00042880,1080.18000000
2018-02-26 10:22:00,0.00042890,937.82000000
2018-02-26 10:22:02,0.00042790,57.18000000
2018-02-26 10:22:02,0.00042890,6428.82000000
2018-02-26 10:22:07,0.00042880,89.65000000
2018-02-26 10:22:11,0.00042980,2.63000000
2018-02-26 10:22:11,0.00042890,72.18000000
2018-02-26 10:22:12,0.00042900,60.39000000
2018-02-26 10:22:13,0.00042900,51.64000000
2018-02-26 10:22:13,0.00042900,51.66000000
2018-02-26 10:22:14,0.00042980,148.37000000
2018-02-26 10:22:14,0.00042990,101.63000000
2018-02-26 10:22:16,0.00042900,364.25000000
2018-02-26 10:22:16,0.00042890,427.51000000
2018-02-26 10:22:16,0.00042890,104.18000000
2018-02-26 10:22:22,0.00042900,16.62000000
2018-02-26 10:22:29,0.00042950,10.41000000
2018-02-26 10:22:29,0.00042950,6.50000000
2018-02-26 10:22:29,0.00042950,12.07000000
2018-02-26 10:22:31,0.00042970,57.78000000
2018-02-26 10:22:31,0.00042970,263.54000000
2018-02-26 10:22:31,0.00042950,684.17000000
2018-02-26 10:22:31,0.00042900,1770.40000000
2018-02-26 10:22:33,0.00042890,301.47000000
2018-02-26 10:22:33,0.00042900,539.01000000
2018-02-26 10:22:33,0.00042900,4.54000000
2018-02-26 10:22:34,0.00042890,16.62000000
2018-02-26 10:22:34,0.00042900,406.71000000
2018-02-26 10:22:34,0.00042900,385.72000000
2018-02-26 10:22:34,0.00042900,473.66000000
2018-02-26 10:22:34,0.00042900,536.62000000
2018-02-26 10:22:34,0.00042900,35.63000000
2018-02-26 10:22:42,0.00042950,2.67000000
2018-02-26 10:22:48,0.00042900,265.14000000
2018-02-26 10:23:02,0.00042940,126.84000000
2018-02-26 10:23:02,0.00042950,25.35000000
2018-02-26 10:23:02,0.00042950,115.06000000
2018-02-26 10:23:05,0.00043000,121.17000000
2018-02-26 10:23:05,0.00043000,6.77000000
2018-02-26 10:23:05,0.00043030,84.64000000
2018-02-26 10:23:06,0.00043010,214.40000000
2018-02-26 10:23:06,0.00043070,34.53000000
2018-02-26 10:23:06,0.00043010,87.07000000
2018-02-26 10:23:06,0.00043000,761.93000000
2018-02-26 10:23:07,0.00043000,33.60000000
2018-02-26 10:23:08,0.00043000,601.20000000
2018-02-26 10:23:08,0.00043000,35.07000000
2018-02-26 10:23:09,0.00043070,21.11000000
2018-02-26 10:23:10,0.00043000,20.44000000
2018-02-26 10:23:11,0.00043000,88.14000000
2018-02-26 10:23:12,0.00043000,62.07000000
2018-02-26 10:23:13,0.00043000,2421.48000000
2018-02-26 10:23:14,0.00043000,40.78000000
2018-02-26 10:23:14,0.00043000,484.41000000
2018-02-26 10:23:17,0.00043000,152.43000000
2018-02-26 10:23:17,0.00043000,33.78000000
2018-02-26 10:23:17,0.00043010,30.64000000
2018-02-26 10:23:18,0.00043000,82.79000000
2018-02-26 10:23:22,0.00042920,682.10000000
2018-02-26 10:23:22,0.00042900,288.88000000
2018-02-26 10:23:22,0.00042900,3.52000000
2018-02-26 10:23:24,0.00042900,501.03000000
2018-02-26 10:23:25,0.00042950,242.25000000
2018-02-26 10:23:29,0.00042960,100.00000000
2018-02-26 10:23:29,0.00042950,100.00000000
2018-02-26 10:23:29,0.00042950,83.33000000
2018-02-26 10:23:29,0.00042950,238.53000000
2018-02-26 10:23:29,0.00042950,516.39000000
2018-02-26 10:23:29,0.00042950,85.17000000
2018-02-26 10:23:30,0.00042950,23.27000000
2018-02-26 10:23:35,0.00042950,457.04000000
2018-02-26 10:23:39,0.00042950,76.84000000
2018-02-26 10:23:42,0.00042920,252.13000000
2018-02-26 10:23:43,0.00042950,38.19000000
2018-02-26 10:23:43,0.00042890,12.18000000
2018-02-26 10:23:47,0.00042890,28.87000000
2018-02-26 10:23:56,0.00042890,54.66000000
2018-02-26 10:24:03,0.00042900,14.19000000
2018-02-26 10:24:03,0.00042890,376.35000000
2018-02-26 10:24:06,0.00042890,219.79000000
2018-02-26 10:24:08,0.00042900,14.19000000
2018-02-26 10:24:08,0.00042880,313.43000000
2018-02-26 10:24:08,0.00042860,580.00000000
2018-02-26 10:24:08,0.00042840,224.13000000
2018-02-26 10:24:08,0.00042830,68.13000000
2018-02-26 10:24:08,0.00042810,210.48000000
2018-02-26 10:24:08,0.00042800,159.81000000
2018-02-26 10:24:08,0.00042790,124.00000000
2018-02-26 10:24:08,0.00042790,51.58000000
2018-02-26 10:24:08,0.00042790,36.43000000
2018-02-26 10:24:08,0.00042790,23.27000000
2018-02-26 10:24:08,0.00042790,61.89000000
2018-02-26 10:24:08,0.00042790,62.00000000
2018-02-26 10:24:08,0.00042790,10.00000000
2018-02-26 10:24:08,0.00042790,9.99000000
2018-02-26 10:24:08,0.00042790,2.52000000
2018-02-26 10:24:08,0.00042790,9.99000000
2018-02-26 10:24:08,0.00042780,2.52000000
2018-02-26 10:24:08,0.00042790,23.30000000
2018-02-26 10:24:08,0.00042790,28.94000000
2018-02-26 10:24:08,0.00042790,29.02000000
2018-02-26 10:24:08,0.00042790,62.00000000
2018-02-26 10:24:08,0.00042790,13.34000000
2018-02-26 10:24:08,0.00042790,4.16000000
2018-02-26 10:24:08,0.00042790,83.79000000
2018-02-26 10:24:14,0.00042890,36.98000000
2018-02-26 10:24:20,0.00042880,11.67000000
2018-02-26 10:24:20,0.00042890,360.96000000
2018-02-26 10:24:22,0.00042890,9.99000000
2018-02-26 10:24:23,0.00042890,240.92000000
2018-02-26 10:24:23,0.00042840,219.90000000
2018-02-26 10:24:23,0.00042800,11.68000000
2018-02-26 10:24:23,0.00042790,1807.20000000
2018-02-26 10:24:24,0.00042900,323.85000000
2018-02-26 10:24:25,0.00042790,46.76000000
2018-02-26 10:24:32,0.00042890,40.42000000
2018-02-26 10:24:32,0.00042890,179.18000000
2018-02-26 10:24:32,0.00042790,28.18000000
2018-02-26 10:24:33,0.00042850,11.67000000
2018-02-26 10:24:34,0.00042850,7.83000000
2018-02-26 10:24:34,0.00042890,75.31000000
2018-02-26 10:24:35,0.00042810,75.31000000
2018-02-26 10:24:35,0.00042800,119.86000000
2018-02-26 10:24:35,0.00042790,1675.47000000
2018-02-26 10:24:36,0.00042800,148.63000000
2018-02-26 10:24:40,0.00042860,71.27000000
2018-02-26 10:24:40,0.00042850,64.10000000
2018-02-26 10:24:40,0.00042880,350.01000000
2018-02-26 10:24:42,0.00042870,50.59000000
2018-02-26 10:24:43,0.00042850,21.09000000
2018-02-26 10:24:47,0.00042850,144.08000000
2018-02-26 10:24:48,0.00042800,63.91000000
2018-02-26 10:24:48,0.00042800,11.00000000
2018-02-26 10:24:48,0.00042790,68.48000000
2018-02-26 10:24:48,0.00042780,33.95000000
2018-02-26 10:24:48,0.00042780,27.89000000
2018-02-26 10:24:51,0.00042840,81.03000000
2018-02-26 10:24:51,0.00042840,81.03000000
2018-02-26 10:24:51,0.00042840,23.29000000
2018-02-26 10:24:51,0.00042840,34.55000000
2018-02-26 10:24:51,0.00042850,32.98000000
2018-02-26 10:24:54,0.00042840,23.34000000
2018-02-26 10:24:54,0.00042790,27.04000000
2018-02-26 10:24:56,0.00042790,192.86000000
2018-02-26 10:24:56,0.00042780,510.91000000
2018-02-26 10:24:56,0.00042850,86.72000000
2018-02-26 10:24:57,0.00042800,199.52000000
2018-02-26 10:24:58,0.00042800,233.75000000
2018-02-26 10:24:58,0.00042800,164.28000000
2018-02-26 10:25:04,0.00042790,20.00000000
2018-02-26 10:25:04,0.00042790,31.00000000
2018-02-26 10:25:04,0.00042800,242.09000000
2018-02-26 10:25:04,0.00042830,126.91000000
2018-02-26 10:25:04,0.00042780,34.53000000
2018-02-26 10:25:05,0.00042840,14.19000000
2018-02-26 10:25:06,0.00042840,44.13000000
2018-02-26 10:25:09,0.00042840,3.95000000
2018-02-26 10:25:10,0.00042840,10.94000000
2018-02-26 10:25:10,0.00042800,11.58000000
2018-02-26 10:25:11,0.00042790,20.85000000
2018-02-26 10:25:11,0.00042790,73.21000000
2018-02-26 10:25:12,0.00042780,26.79000000
2018-02-26 10:25:12,0.00042760,37.08000000
2018-02-26 10:25:12,0.00042750,151.84000000
2018-02-26 10:25:12,0.00042730,11.68000000
2018-02-26 10:25:12,0.00042720,6.59000000
2018-02-26 10:25:12,0.00042710,45.00000000
2018-02-26 10:25:12,0.00042700,42.38000000
2018-02-26 10:25:13,0.00042790,366.87000000
2018-02-26 10:25:13,0.00042800,168.30000000
2018-02-26 10:25:13,0.00042800,445.96000000
2018-02-26 10:25:13,0.00042800,535.15000000
2018-02-26 10:25:14,0.00042800,4.16000000
2018-02-26 10:25:15,0.00042800,15.83000000
2018-02-26 10:25:16,0.00042800,4.16000000
2018-02-26 10:25:17,0.00042800,36.78000000
2018-02-26 10:25:19,0.00042800,5.84000000
2018-02-26 10:25:20,0.00042790,7.91000000
2018-02-26 10:25:22,0.00042790,11.62000000
2018-02-26 10:25:24,0.00042710,41.45000000
2018-02-26 10:25:26,0.00042790,0.01000000
2018-02-26 10:25:26,0.00042790,324.28000000
2018-02-26 10:25:28,0.00042790,9.18000000
2018-02-26 10:25:29,0.00042780,0.07000000
2018-02-26 10:25:35,0.00042710,5.00000000
2018-02-26 10:25:39,0.00042710,261.71000000
2018-02-26 10:25:40,0.00042710,35.38000000
2018-02-26 10:25:40,0.00042710,1272.17000000
2018-02-26 10:25:40,0.00042700,95.94000000
2018-02-26 10:25:40,0.00042700,3.43000000
2018-02-26 10:25:40,0.00042700,56.46000000
2018-02-26 10:25:41,0.00042700,23.42000000
2018-02-26 10:25:41,0.00042700,5.83000000
2018-02-26 10:25:41,0.00042700,26.00000000
2018-02-26 10:25:44,0.00042680,399.79000000
2018-02-26 10:25:46,0.00042680,108.18000000
2018-02-26 10:25:46,0.00042670,211.50000000
2018-02-26 10:25:46,0.00042700,1.90000000
2018-02-26 10:25:47,0.00042670,310.09000000
2018-02-26 10:25:47,0.00042630,14.24000000
2018-02-26 10:25:48,0.00042700,125.43000000
2018-02-26 10:25:48,0.00042700,75.09000000
2018-02-26 10:25:48,0.00042630,485.76000000
2018-02-26 10:25:48,0.00042620,14.79000000
2018-02-26 10:25:49,0.00042690,11.71000000
2018-02-26 10:25:52,0.00042670,5.00000000
2018-02-26 10:25:52,0.00042670,11.42000000
2018-02-26 10:25:52,0.00042670,3.13000000
2018-02-26 10:25:53,0.00042620,44.95000000
2018-02-26 10:25:54,0.00042620,23.79000000
2018-02-26 10:25:54,0.00042620,218.92000000
2018-02-26 10:25:55,0.00042620,311.84000000
2018-02-26 10:25:55,0.00042610,50.00000000
2018-02-26 10:25:55,0.00042600,822.22000000
2018-02-26 10:25:55,0.00042560,85.87000000
2018-02-26 10:25:55,0.00042600,252.66000000
2018-02-26 10:25:55,0.00042600,14.24000000
2018-02-26 10:25:57,0.00042600,19.55000000
2018-02-26 10:25:57,0.00042600,26.00000000
2018-02-26 10:25:59,0.00042560,27.07000000
2018-02-26 10:26:01,0.00042560,169.00000000
2018-02-26 10:26:02,0.00042560,946.08000000
2018-02-26 10:26:02,0.00042560,40.74000000
2018-02-26 10:26:02,0.00042560,105.14000000
2018-02-26 10:26:02,0.00042560,1011.00000000
2018-02-26 10:26:02,0.00042550,1802.74000000
2018-02-26 10:26:03,0.00042550,22.37000000
2018-02-26 10:26:04,0.00042550,6.56000000
2018-02-26 10:26:04,0.00042550,648.95000000
2018-02-26 10:26:04,0.00042540,6.79000000
2018-02-26 10:26:04,0.00042540,6.79000000
2018-02-26 10:26:05,0.00042550,3.00000000
2018-02-26 10:26:06,0.00042550,10.00000000
2018-02-26 10:26:06,0.00042550,4.70000000
2018-02-26 10:26:07,0.00042550,48.29000000
2018-02-26 10:26:07,0.00042560,105.32000000
2018-02-26 10:26:07,0.00042540,80.43000000
2018-02-26 10:26:07,0.00042510,70.57000000
2018-02-26 10:26:07,0.00042500,895.30000000
2018-02-26 10:26:07,0.00042500,23.09000000
2018-02-26 10:26:07,0.00042500,24.29000000
2018-02-26 10:26:08,0.00042500,574.27000000
2018-02-26 10:26:08,0.00042560,72.85000000
2018-02-26 10:26:09,0.00042550,7.76000000
2018-02-26 10:26:09,0.00042550,5.41000000
2018-02-26 10:26:09,0.00042540,51.82000000
2018-02-26 10:26:09,0.00042550,380.94000000
2018-02-26 10:26:09,0.00042630,187.13000000
2018-02-26 10:26:10,0.00042540,101.00000000
2018-02-26 10:26:10,0.00042540,70.50000000
2018-02-26 10:26:10,0.00042540,48.40000000
2018-02-26 10:26:11,0.00042520,66.55000000
2018-02-26 10:26:11,0.00042610,319.21000000
2018-02-26 10:26:12,0.00042640,5.41000000
2018-02-26 10:26:12,0.00042610,29.97000000
2018-02-26 10:26:13,0.00042640,2.73000000
2018-02-26 10:26:13,0.00042610,267.61000000
2018-02-26 10:26:13,0.00042610,321.00000000
2018-02-26 10:26:14,0.00042620,12.17000000
2018-02-26 10:26:14,0.00042610,252.21000000
2018-02-26 10:26:14,0.00042600,12.51000000
2018-02-26 10:26:14,0.00042600,12.50000000
2018-02-26 10:26:16,0.00042550,116.81000000
2018-02-26 10:26:17,0.00042600,7.03000000
2018-02-26 10:26:18,0.00042600,446.01000000
2018-02-26 10:26:18,0.00042600,3.03000000
2018-02-26 10:26:19,0.00042600,3513.20000000
2018-02-26 10:26:20,0.00042550,12.74000000
2018-02-26 10:26:22,0.00042600,1115.81000000
2018-02-26 10:26:24,0.00042600,2.82000000
2018-02-26 10:26:24,0.00042600,26.09000000
2018-02-26 10:26:25,0.00042600,324.55000000
2018-02-26 10:26:26,0.00042560,103.53000000
2018-02-26 10:26:26,0.00042590,330.43000000
2018-02-26 10:26:28,0.00042550,483.92000000
2018-02-26 10:26:30,0.00042590,5.34000000
2018-02-26 10:26:31,0.00042550,1438.93000000
2018-02-26 10:26:34,0.00042530,41.09000000
2018-02-26 10:26:40,0.00042550,82.20000000
2018-02-26 10:26:40,0.00042550,58.20000000
2018-02-26 10:26:40,0.00042550,293.08000000
2018-02-26 10:26:41,0.00042540,20.01000000
2018-02-26 10:26:41,0.00042530,79.99000000
2018-02-26 10:26:44,0.00042530,10.97000000
2018-02-26 10:26:47,0.00042530,237.84000000
2018-02-26 10:26:48,0.00042530,206.66000000
2018-02-26 10:26:48,0.00042520,219.90000000
2018-02-26 10:26:48,0.00042500,168.44000000
2018-02-26 10:26:48,0.00042550,1500.00000000
2018-02-26 10:26:49,0.00042530,11.75000000
2018-02-26 10:26:49,0.00042500,306.93000000
2018-02-26 10:26:49,0.00042500,94.43000000
2018-02-26 10:26:49,0.00042530,4.58000000
2018-02-26 10:26:51,0.00042530,188.76000000
2018-02-26 10:26:51,0.00042530,20.87000000
2018-02-26 10:26:55,0.00042530,3222.01000000
2018-02-26 10:26:55,0.00042530,5.17000000
2018-02-26 10:26:58,0.00042520,150.12000000
2018-02-26 10:27:00,0.00042520,22.69000000
2018-02-26 10:27:00,0.00042500,267.59000000
2018-02-26 10:27:02,0.00042500,13.40000000
2018-02-26 10:27:03,0.00042500,446.26000000
2018-02-26 10:27:06,0.00042480,24.23000000
2018-02-26 10:27:06,0.00042460,6.99000000
2018-02-26 10:27:06,0.00042450,1054.05000000
2018-02-26 10:27:06,0.00042440,75.60000000
2018-02-26 10:27:06,0.00042430,52.83000000
2018-02-26 10:27:06,0.00042400,51.76000000
2018-02-26 10:27:06,0.00042400,8.25000000
2018-02-26 10:27:06,0.00042400,19.93000000
2018-02-26 10:27:06,0.00042400,23.51000000
2018-02-26 10:27:06,0.00042400,25.31000000
2018-02-26 10:27:06,0.00042400,16.61000000
2018-02-26 10:27:06,0.00042400,23.58000000
2018-02-26 10:27:06,0.00042400,19.93000000
2018-02-26 10:27:06,0.00042400,707.43000000
2018-02-26 10:27:07,0.00042480,12.91000000
2018-02-26 10:27:07,0.00042500,29.05000000
2018-02-26 10:27:08,0.00042410,125.52000000
2018-02-26 10:27:10,0.00042460,3.91000000
2018-02-26 10:27:15,0.00042380,2.15000000
2018-02-26 10:27:15,0.00042460,16.02000000
2018-02-26 10:27:15,0.00042480,55.92000000
2018-02-26 10:27:19,0.00042380,20.32000000
2018-02-26 10:27:20,0.00042400,7.14000000
2018-02-26 10:27:24,0.00042410,14.65000000
2018-02-26 10:27:24,0.00042400,17.31000000
2018-02-26 10:27:24,0.00042380,10.44000000
2018-02-26 10:27:24,0.00042370,11.71000000
2018-02-26 10:27:24,0.00042360,444.82000000
2018-02-26 10:27:24,0.00042350,1358.21000000
2018-02-26 10:27:24,0.00042340,97.58000000
2018-02-26 10:27:24,0.00042320,188.50000000
2018-02-26 10:27:24,0.00042310,45.94000000
2018-02-26 10:27:24,0.00042300,206.06000000
2018-02-26 10:27:24,0.00042290,990.59000000
2018-02-26 10:27:27,0.00042400,107.85000000
2018-02-26 10:27:27,0.00042380,30.00000000
2018-02-26 10:27:27,0.00042300,144.20000000
2018-02-26 10:27:27,0.00042290,181.14000000
2018-02-26 10:27:29,0.00042450,87.61000000
2018-02-26 10:27:33,0.00042310,11.81000000
2018-02-26 10:27:33,0.00042290,7.04000000
2018-02-26 10:27:33,0.00042390,11.71000000
2018-02-26 10:27:33,0.00042400,40.00000000
2018-02-26 10:27:33,0.00042450,185.72000000
2018-02-26 10:27:33,0.00042420,35.90000000
2018-02-26 10:27:36,0.00042420,0.04000000
2018-02-26 10:27:37,0.00042420,138.75000000
2018-02-26 10:27:37,0.00042420,59.70000000
2018-02-26 10:27:39,0.00042440,118.20000000
2018-02-26 10:27:39,0.00042450,59.23000000
2018-02-26 10:27:39,0.00042420,0.02000000
2018-02-26 10:27:41,0.00042450,5.89000000
2018-02-26 10:27:41,0.00042450,80.23000000
2018-02-26 10:27:45,0.00042450,5.84000000
2018-02-26 10:27:46,0.00042450,83.36000000
2018-02-26 10:27:47,0.00042450,203.04000000
2018-02-26 10:27:47,0.00042460,533.15000000
2018-02-26 10:27:47,0.00042470,930.76000000
2018-02-26 10:27:47,0.00042480,971.17000000
2018-02-26 10:27:48,0.00042480,65.33000000
2018-02-26 10:27:48,0.00042480,2.58000000
2018-02-26 10:27:49,0.00042480,1463.74000000
2018-02-26 10:27:51,0.00042500,652.41000000
2018-02-26 10:27:51,0.00042530,116.82000000
2018-02-26 10:27:51,0.00042530,220.77000000
2018-02-26 10:27:54,0.00042500,79.12000000
2018-02-26 10:27:54,0.00042530,32.67000000
2018-02-26 10:27:54,0.00042550,750.59000000
2018-02-26 10:27:58,0.00042550,366.47000000
2018-02-26 10:27:58,0.00042500,44.07000000
2018-02-26 10:27:58,0.00042460,47.06000000
2018-02-26 10:27:58,0.00042450,217.40000000
2018-02-26 10:27:58,0.00042440,11.80000000
2018-02-26 10:27:58,0.00042430,80.75000000
2018-02-26 10:28:00,0.00042430,5.42000000
2018-02-26 10:28:00,0.00042400,60.40000000
2018-02-26 10:28:00,0.00042550,19.74000000
2018-02-26 10:28:00,0.00042550,5.17000000
2018-02-26 10:28:00,0.00042550,659.22000000
2018-02-26 10:28:00,0.00042550,20.85000000
2018-02-26 10:28:01,0.00042550,7.52000000
2018-02-26 10:28:01,0.00042520,3.53000000
2018-02-26 10:28:02,0.00042520,1.89000000
2018-02-26 10:28:02,0.00042550,216.88000000
2018-02-26 10:28:02,0.00042550,23.50000000
2018-02-26 10:28:03,0.00042550,195.00000000
2018-02-26 10:28:03,0.00042550,270.35000000
2018-02-26 10:28:04,0.00042430,142.67000000
2018-02-26 10:28:08,0.00042530,5.17000000
2018-02-26 10:28:09,0.00042530,6.57000000
2018-02-26 10:28:09,0.00042540,11.80000000
2018-02-26 10:28:09,0.00042550,49.44000000
2018-02-26 10:28:12,0.00042550,1.71000000
2018-02-26 10:28:12,0.00042550,5.25000000
2018-02-26 10:28:13,0.00042550,28.53000000
2018-02-26 10:28:14,0.00042550,44.38000000
2018-02-26 10:28:16,0.00042610,107.74000000
2018-02-26 10:28:16,0.00042630,198.32000000
2018-02-26 10:28:16,0.00042650,92.43000000
2018-02-26 10:28:16,0.00042680,101.51000000
2018-02-26 10:28:16,0.00042550,327.09000000
2018-02-26 10:28:16,0.00042550,14.61000000
2018-02-26 10:28:20,0.00042550,3176.31000000
2018-02-26 10:28:21,0.00042550,224.92000000
2018-02-26 10:28:23,0.00042560,974.08000000
2018-02-26 10:28:23,0.00042550,2958.73000000
2018-02-26 10:28:23,0.00042540,11.78000000
2018-02-26 10:28:23,0.00042530,1052.41000000
2018-02-26 10:28:27,0.00042640,3.52000000
2018-02-26 10:28:29,0.00042640,50.67000000
2018-02-26 10:28:31,0.00042560,140.71000000
2018-02-26 10:28:33,0.00042550,3.34000000
2018-02-26 10:28:35,0.00042540,86.85000000
2018-02-26 10:28:37,0.00042550,8.44000000
2018-02-26 10:28:37,0.00042560,212.83000000
2018-02-26 10:28:40,0.00042550,91.02000000
2018-02-26 10:28:42,0.00042550,1110.35000000
2018-02-26 10:28:43,0.00042550,61.53000000
2018-02-26 10:28:45,0.00042550,23.81000000
2018-02-26 10:28:47,0.00042550,120.29000000
2018-02-26 10:28:49,0.00042540,681.70000000
2018-02-26 10:28:49,0.00042530,45.27000000
2018-02-26 10:28:50,0.00042530,177.76000000
2018-02-26 10:28:51,0.00042530,64.95000000
2018-02-26 10:28:51,0.00042530,50.00000000
2018-02-26 10:28:55,0.00042480,395.16000000
2018-02-26 10:28:55,0.00042520,301.47000000
2018-02-26 10:28:55,0.00042530,1365.37000000
2018-02-26 10:28:55,0.00042450,139.15000000
2018-02-26 10:28:55,0.00042440,97.48000000
2018-02-26 10:28:55,0.00042430,168.18000000
2018-02-26 10:28:55,0.00042420,11.78000000
2018-02-26 10:28:55,0.00042400,95.50000000
2018-02-26 10:28:55,0.00042350,80.54000000
2018-02-26 10:28:55,0.00042340,64.00000000
2018-02-26 10:28:55,0.00042330,898.59000000
2018-02-26 10:28:55,0.00042300,976.47000000
2018-02-26 10:28:55,0.00042290,554.94000000
2018-02-26 10:28:55,0.00042280,4770.10000000
2018-02-26 10:28:55,0.00042280,5.49000000
2018-02-26 10:28:55,0.00042280,5.48000000
2018-02-26 10:28:55,0.00042280,245.04000000
2018-02-26 10:28:55,0.00042520,117.48000000
2018-02-26 10:28:55,0.00042530,138.52000000
2018-02-26 10:28:55,0.00042530,3.10000000
2018-02-26 10:29:05,0.00042370,5.49000000
2018-02-26 10:29:05,0.00042360,52.37000000
2018-02-26 10:29:05,0.00042360,379.56000000
2018-02-26 10:29:05,0.00042360,4.37000000
2018-02-26 10:29:05,0.00042360,23.60000000
2018-02-26 10:29:05,0.00042360,15.63000000
2018-02-26 10:29:05,0.00042360,20.00000000
2018-02-26 10:29:06,0.00042360,1152.31000000
2018-02-26 10:29:06,0.00042360,39.91000000
2018-02-26 10:29:07,0.00042360,398.00000000
2018-02-26 10:29:07,0.00042460,42.07000000
2018-02-26 10:29:12,0.00042400,12.53000000
2018-02-26 10:29:14,0.00042460,11.78000000
2018-02-26 10:29:14,0.00042480,160.22000000
2018-02-26 10:29:14,0.00042400,162.47000000
2018-02-26 10:29:16,0.00042400,12.53000000
2018-02-26 10:29:21,0.00042400,94.18000000
2018-02-26 10:29:21,0.00042490,2.35000000
2018-02-26 10:29:30,0.00042450,25.00000000
2018-02-26 10:29:33,0.00042450,25.00000000
2018-02-26 10:29:34,0.00042400,6.81000000
2018-02-26 10:29:35,0.00042400,590.24000000
2018-02-26 10:29:36,0.00042440,5.00000000
2018-02-26 10:29:41,0.00042400,44.03000000
2018-02-26 10:29:44,0.00042370,10.00000000
2018-02-26 10:29:49,0.00042380,64.36000000
2018-02-26 10:29:50,0.00042440,40.00000000
2018-02-26 10:29:53,0.00042370,29.29000000
2018-02-26 10:29:56,0.00042440,181.12000000
2018-02-26 10:29:56,0.00042450,651.80000000
2018-02-26 10:29:57,0.00042450,10.34000000
2018-02-26 10:29:57,0.00042450,0.02000000
2018-02-26 10:29:57,0.00042440,309.06000000
2018-02-26 10:30:00,0.00042460,22.50000000
2018-02-26 10:30:00,0.00042440,0.20000000
2018-02-26 10:30:13,0.00042440,18.62000000
2018-02-26 10:30:17,0.00042440,25.00000000
2018-02-26 10:30:20,0.00042400,221.12000000
2018-02-26 10:30:20,0.00042390,278.00000000
2018-02-26 10:30:20,0.00042380,148.18000000
2018-02-26 10:30:20,0.00042440,2.00000000
2018-02-26 10:30:23,0.00042380,3.01000000
2018-02-26 10:30:24,0.00042440,5.00000000
2018-02-26 10:30:32,0.00042400,389.78000000
2018-02-26 10:30:32,0.00042440,308.41000000
2018-02-26 10:30:32,0.00042490,135.81000000
2018-02-26 10:30:32,0.00042490,81.68000000
2018-02-26 10:30:32,0.00042480,3.00000000
2018-02-26 10:30:38,0.00042480,12.00000000
2018-02-26 10:30:38,0.00042490,161.78000000
2018-02-26 10:30:40,0.00042500,15.00000000
2018-02-26 10:30:42,0.00042500,39.98000000
2018-02-26 10:30:43,0.00042480,56.03000000
2018-02-26 10:30:45,0.00042500,1.69000000
2018-02-26 10:30:45,0.00042500,396.94000000
2018-02-26 10:30:51,0.00042500,41.11000000
2018-02-26 10:30:52,0.00042500,368.84000000
2018-02-26 10:30:52,0.00042550,197.28000000
2018-02-26 10:30:53,0.00042480,174.10000000
2018-02-26 10:30:53,0.00042430,88.93000000
2018-02-26 10:30:53,0.00042420,174.10000000
2018-02-26 10:30:53,0.00042420,23.53000000
2018-02-26 10:30:53,0.00042420,24.19000000
2018-02-26 10:30:54,0.00042400,309.94000000
2018-02-26 10:30:55,0.00042450,2.55000000
2018-02-26 10:30:55,0.00042500,31.23000000
2018-02-26 10:30:57,0.00042410,187.53000000
2018-02-26 10:30:57,0.00042400,9.43000000
2018-02-26 10:30:59,0.00042450,29.80000000
2018-02-26 10:30:59,0.00042520,30.00000000
2018-02-26 10:30:59,0.00042530,305.56000000
2018-02-26 10:30:59,0.00042530,664.44000000
2018-02-26 10:30:59,0.00042400,23.51000000
2018-02-26 10:31:00,0.00042420,30.00000000
2018-02-26 10:31:01,0.00042470,88.99000000
2018-02-26 10:31:01,0.00042470,178.09000000
2018-02-26 10:31:01,0.00042490,36.44000000
2018-02-26 10:31:01,0.00042490,7.29000000
2018-02-26 10:31:01,0.00042400,43.73000000
2018-02-26 10:31:01,0.00042400,23.53000000
2018-02-26 10:31:01,0.00042470,29.15000000
2018-02-26 10:31:01,0.00042490,43.73000000
2018-02-26 10:31:01,0.00042500,301.47000000
2018-02-26 10:31:01,0.00042510,25.65000000
2018-02-26 10:31:02,0.00042410,15.00000000
2018-02-26 10:31:05,0.00042400,6.43000000
2018-02-26 10:31:07,0.00042480,236.82000000
2018-02-26 10:31:07,0.00042490,385.90000000
2018-02-26 10:31:08,0.00042410,221.81000000
2018-02-26 10:31:09,0.00042410,301.48000000
2018-02-26 10:31:10,0.00042490,0.09000000
2018-02-26 10:31:12,0.00042400,8.18000000
2018-02-26 10:31:13,0.00042480,23.60000000
2018-02-26 10:31:13,0.00042490,246.40000000
2018-02-26 10:31:14,0.00042400,161.00000000
2018-02-26 10:31:19,0.00042410,50.00000000
2018-02-26 10:31:20,0.00042490,171.20000000
2018-02-26 10:31:20,0.00042500,677.56000000
2018-02-26 10:31:20,0.00042500,151.23000000
2018-02-26 10:31:20,0.00042500,0.01000000
2018-02-26 10:31:20,0.00042400,23.51000000
2018-02-26 10:31:22,0.00042410,37.81000000
2018-02-26 10:31:22,0.00042500,14.29000000
2018-02-26 10:31:22,0.00042410,33.82000000
2018-02-26 10:31:22,0.00042410,33.39000000
2018-02-26 10:31:23,0.00042410,18.89000000
2018-02-26 10:31:24,0.00042410,2.95000000
2018-02-26 10:31:25,0.00042490,14.19000000
2018-02-26 10:31:25,0.00042500,44.14000000
2018-02-26 10:31:25,0.00042500,92.79000000
2018-02-26 10:31:25,0.00042510,109.57000000
2018-02-26 10:31:27,0.00042410,300.82000000
2018-02-26 10:31:27,0.00042410,37.81000000
2018-02-26 10:31:27,0.00042410,31.51000000
2018-02-26 10:31:28,0.00042410,21.21000000
2018-02-26 10:31:28,0.00042500,14.19000000
2018-02-26 10:31:28,0.00042510,35.94000000
2018-02-26 10:31:29,0.00042410,19.99000000
2018-02-26 10:31:29,0.00042410,0.02000000
2018-02-26 10:31:29,0.00042410,19.98000000
2018-02-26 10:31:29,0.00042410,474.37000000
2018-02-26 10:31:32,0.00042500,12.56000000
2018-02-26 10:31:32,0.00042500,6.33000000
2018-02-26 10:31:32,0.00042510,382.54000000
2018-02-26 10:31:32,0.00042530,22.89000000
