DATE,PRICE,VOLUME
2018-03-01 10:00:13,0.00035290,3.88000000
2018-03-01 10:00:15,0.00035290,14.09000000
2018-03-01 10:00:16,0.00035290,7.01000000
2018-03-01 10:00:21,0.00035370,42.39000000
2018-03-01 10:00:21,0.00035400,457.61000000
2018-03-01 10:00:29,0.00035360,5.66000000
2018-03-01 10:00:32,0.00035360,4.33000000
2018-03-01 10:00:36,0.00035380,28.00000000
2018-03-01 10:00:37,0.00035380,12.49000000
2018-03-01 10:00:37,0.00035380,113.93000000
2018-03-01 10:00:44,0.00035380,0.01000000
2018-03-01 10:00:45,0.00035380,3.87000000
2018-03-01 10:00:45,0.00035390,186.59000000
2018-03-01 10:00:51,0.00035360,10.00000000
2018-03-01 10:00:51,0.00035360,0.01000000
2018-03-01 10:01:17,0.00035290,141.80000000
2018-03-01 10:01:22,0.00035290,3.88000000
2018-03-01 10:01:27,0.00035290,30.00000000
2018-03-01 10:01:42,0.00035290,652.07000000
2018-03-01 10:01:52,0.00035290,30.00000000
2018-03-01 10:02:07,0.00035380,128.66000000
2018-03-01 10:02:07,0.00035300,157.51000000
2018-03-01 10:02:09,0.00035380,0.09000000
2018-03-01 10:02:32,0.00035300,20.80000000
2018-03-01 10:02:36,0.00035300,97.45000000
2018-03-01 10:02:41,0.00035300,52.53000000
2018-03-01 10:02:44,0.00035350,422.00000000
2018-03-01 10:02:44,0.00035380,47.56000000
2018-03-01 10:02:44,0.00035390,3.88000000
2018-03-01 10:02:44,0.00035400,1430.89000000
2018-03-01 10:02:44,0.00035410,680.71000000
2018-03-01 10:02:44,0.00035420,1038.17000000
2018-03-01 10:02:44,0.00035450,34.52000000
2018-03-01 10:02:44,0.00035460,786.27000000
2018-03-01 10:02:44,0.00035450,134.58000000
2018-03-01 10:02:44,0.00035450,83.76000000
2018-03-01 10:02:44,0.00035450,20.00000000
2018-03-01 10:02:44,0.00035450,3.06000000
2018-03-01 10:02:45,0.00035450,0.01000000
2018-03-01 10:02:58,0.00035440,10.00000000
2018-03-01 10:02:59,0.00035440,17.73000000
2018-03-01 10:03:03,0.00035340,13.70000000
2018-03-01 10:03:03,0.00035310,13.94000000
2018-03-01 10:03:08,0.00035380,27.20000000
2018-03-01 10:03:08,0.00035380,727.33000000
2018-03-01 10:03:10,0.00035390,7.54000000
2018-03-01 10:03:14,0.00035450,0.19000000
2018-03-01 10:03:22,0.00035440,8.00000000
2018-03-01 10:03:22,0.00035450,28.57000000
2018-03-01 10:03:22,0.00035470,965.00000000
2018-03-01 10:03:22,0.00035470,28.19000000
2018-03-01 10:03:22,0.00035470,212.99000000
2018-03-01 10:03:22,0.00035470,28.19000000
2018-03-01 10:03:22,0.00035470,116.98000000
2018-03-01 10:03:43,0.00035450,24.33000000
2018-03-01 10:03:47,0.00035450,126.42000000
2018-03-01 10:03:47,0.00035470,15.00000000
2018-03-01 10:03:47,0.00035470,13.36000000
2018-03-01 10:03:47,0.00035470,97.83000000
2018-03-01 10:03:50,0.00035470,150.00000000
2018-03-01 10:03:50,0.00035470,149.92000000
2018-03-01 10:04:00,0.00035470,5.77000000
2018-03-01 10:04:00,0.00035470,12.25000000
2018-03-01 10:04:02,0.00035400,1.57000000
2018-03-01 10:04:05,0.00035470,34.38000000
2018-03-01 10:04:05,0.00035470,28.19000000
2018-03-01 10:04:08,0.00035470,1.70000000
2018-03-01 10:04:09,0.00035470,26.47000000
2018-03-01 10:04:09,0.00035480,17.56000000
2018-03-01 10:04:09,0.00035490,13.97000000
2018-03-01 10:04:10,0.00035470,3.30000000
2018-03-01 10:04:10,0.00035400,4.62000000
2018-03-01 10:04:10,0.00035400,4.62000000
2018-03-01 10:04:10,0.00035400,4.62000000
2018-03-01 10:04:12,0.00035400,19.87000000
2018-03-01 10:04:15,0.00035400,6.45000000
2018-03-01 10:04:19,0.00035400,12.25000000
2018-03-01 10:04:19,0.00035400,71.50000000
2018-03-01 10:04:19,0.00035390,10.00000000
2018-03-01 10:04:19,0.00035370,13.68000000
2018-03-01 10:04:21,0.00035400,23.05000000
2018-03-01 10:04:23,0.00035400,88.38000000
2018-03-01 10:04:24,0.00035400,160.21000000
2018-03-01 10:04:24,0.00035400,88.38000000
2018-03-01 10:04:26,0.00035320,200.00000000
2018-03-01 10:04:32,0.00035400,0.09000000
2018-03-01 10:04:32,0.00035410,13.70000000
2018-03-01 10:04:32,0.00035410,12.06000000
2018-03-01 10:04:32,0.00035410,12.27000000
2018-03-01 10:04:33,0.00035410,23.14000000
2018-03-01 10:04:41,0.00035410,5.00000000
2018-03-01 10:04:42,0.00035410,42.42000000
2018-03-01 10:04:47,0.00035420,200.00000000
2018-03-01 10:04:47,0.00035460,1533.41000000
2018-03-01 10:04:47,0.00035460,25.80000000
2018-03-01 10:04:48,0.00035470,313.23000000
2018-03-01 10:04:48,0.00035470,280.04000000
2018-03-01 10:04:48,0.00035460,184.08000000
2018-03-01 10:04:49,0.00035460,9.91000000
2018-03-01 10:04:53,0.00035460,15.85000000
2018-03-01 10:04:55,0.00035460,380.46000000
2018-03-01 10:04:56,0.00035490,124.46000000
2018-03-01 10:04:56,0.00035490,26.09000000
2018-03-01 10:04:56,0.00035470,139.46000000
2018-03-01 10:04:56,0.00035470,140.59000000
2018-03-01 10:04:57,0.00035470,6.87000000
2018-03-01 10:04:58,0.00035470,449.14000000
2018-03-01 10:04:58,0.00035470,100.00000000
2018-03-01 10:04:58,0.00035470,70.65000000
2018-03-01 10:04:58,0.00035470,30.64000000
2018-03-01 10:04:58,0.00035470,139.31000000
2018-03-01 10:04:59,0.00035470,5.58000000
2018-03-01 10:04:59,0.00035470,417.76000000
2018-03-01 10:05:02,0.00035470,5.63000000
2018-03-01 10:05:02,0.00035470,19.69000000
2018-03-01 10:05:03,0.00035470,86.03000000
2018-03-01 10:05:03,0.00035470,105.72000000
2018-03-01 10:05:03,0.00035470,105.72000000
2018-03-01 10:05:03,0.00035470,3.34000000
2018-03-01 10:05:03,0.00035470,23.09000000
2018-03-01 10:05:04,0.00035470,6.79000000
2018-03-01 10:05:06,0.00035470,66.87000000
2018-03-01 10:05:07,0.00035470,0.01000000
2018-03-01 10:05:14,0.00035460,210.83000000
2018-03-01 10:05:14,0.00035460,218.81000000
2018-03-01 10:05:14,0.00035460,22.53000000
2018-03-01 10:05:14,0.00035460,281.20000000
2018-03-01 10:05:15,0.00035460,10.66000000
2018-03-01 10:05:15,0.00035460,100.23000000
2018-03-01 10:05:16,0.00035460,39.07000000
2018-03-01 10:05:17,0.00035460,9.73000000
2018-03-01 10:05:18,0.00035460,967.58000000
2018-03-01 10:05:19,0.00035460,553.50000000
2018-03-01 10:05:22,0.00035460,210.21000000
2018-03-01 10:05:23,0.00035470,27.60000000
2018-03-01 10:05:27,0.00035470,139.45000000
2018-03-01 10:05:28,0.00035470,44.41000000
2018-03-01 10:05:28,0.00035460,898.93000000
2018-03-01 10:05:28,0.00035460,20.00000000
2018-03-01 10:05:30,0.00035440,17.23000000
2018-03-01 10:05:31,0.00035440,1.51000000
2018-03-01 10:05:31,0.00035460,95.93000000
2018-03-01 10:05:34,0.00035460,173.74000000
2018-03-01 10:05:50,0.00035440,70.93000000
2018-03-01 10:05:50,0.00035410,20.83000000
2018-03-01 10:05:58,0.00035410,104.73000000
2018-03-01 10:06:07,0.00035450,17.00000000
2018-03-01 10:06:09,0.00035410,4.00000000
2018-03-01 10:06:12,0.00035410,200.00000000
2018-03-01 10:06:14,0.00035410,164.00000000
2018-03-01 10:06:14,0.00035460,806.99000000
2018-03-01 10:06:19,0.00035460,5.62000000
2018-03-01 10:06:20,0.00035460,0.02000000
2018-03-01 10:06:21,0.00035460,162.00000000
2018-03-01 10:06:29,0.00035460,129.65000000
2018-03-01 10:06:32,0.00035460,203.75000000
2018-03-01 10:06:56,0.00035460,155.09000000
2018-03-01 10:06:57,0.00035460,28.14000000
2018-03-01 10:06:58,0.00035460,94.77000000
2018-03-01 10:06:58,0.00035430,3.44000000
2018-03-01 10:07:09,0.00035490,88.38000000
2018-03-01 10:07:09,0.00035490,124.37000000
2018-03-01 10:07:09,0.00035490,261.76000000
2018-03-01 10:07:10,0.00035490,392.82000000
2018-03-01 10:07:10,0.00035490,36.31000000
2018-03-01 10:07:16,0.00035500,795.89000000
2018-03-01 10:07:17,0.00035490,338.81000000
2018-03-01 10:07:20,0.00035490,66.91000000
2018-03-01 10:07:25,0.00035440,114.81000000
2018-03-01 10:07:32,0.00035440,16.04000000
2018-03-01 10:07:35,0.00035440,42.09000000
2018-03-01 10:07:38,0.00035440,96.45000000
2018-03-01 10:07:38,0.00035430,138.83000000
2018-03-01 10:07:40,0.00035430,8.42000000
2018-03-01 10:07:42,0.00035440,12.43000000
2018-03-01 10:07:49,0.00035440,29.86000000
2018-03-01 10:07:50,0.00035430,5292.11000000
2018-03-01 10:07:50,0.00035410,894.68000000
2018-03-01 10:07:51,0.00035410,36.68000000
2018-03-01 10:07:54,0.00035400,27.76000000
2018-03-01 10:07:58,0.00035390,30.00000000
2018-03-01 10:07:58,0.00035380,48.97000000
2018-03-01 10:07:59,0.00035380,6.12000000
2018-03-01 10:08:01,0.00035390,23.07000000
2018-03-01 10:08:09,0.00035380,10.00000000
2018-03-01 10:08:11,0.00035380,50.00000000
2018-03-01 10:08:12,0.00035390,204.80000000
2018-03-01 10:08:26,0.00035400,2.77000000
2018-03-01 10:08:42,0.00035400,100.00000000
2018-03-01 10:08:53,0.00035400,100.00000000
2018-03-01 10:08:53,0.00035400,7.50000000
2018-03-01 10:08:54,0.00035400,5.65000000
2018-03-01 10:09:02,0.00035390,422.89000000
2018-03-01 10:09:26,0.00035400,25.11000000
2018-03-01 10:09:37,0.00035400,3.97000000
2018-03-01 10:09:42,0.00035400,156.60000000
2018-03-01 10:09:50,0.00035400,498.40000000
2018-03-01 10:09:50,0.00035410,1717.75000000
2018-03-01 10:10:07,0.00035400,9.00000000
2018-03-01 10:10:11,0.00035390,34.31000000
2018-03-01 10:10:11,0.00035380,16.10000000
2018-03-01 10:10:11,0.00035340,199.34000000
2018-03-01 10:10:11,0.00035400,119.14000000
2018-03-01 10:10:27,0.00035350,45.19000000
2018-03-01 10:10:27,0.00035340,213.50000000
2018-03-01 10:10:45,0.00035340,401.27000000
2018-03-01 10:10:48,0.00035330,81.43000000
2018-03-01 10:11:17,0.00035400,12.31000000
2018-03-01 10:11:23,0.00035330,100.00000000
2018-03-01 10:11:23,0.00035330,50.48000000
2018-03-01 10:11:23,0.00035270,13.70000000
2018-03-01 10:11:23,0.00035260,130.00000000
2018-03-01 10:11:23,0.00035260,20.00000000
2018-03-01 10:11:23,0.00035260,20.00000000
2018-03-01 10:11:23,0.00035260,199.23000000
2018-03-01 10:11:23,0.00035260,8.94000000
2018-03-01 10:11:25,0.00035260,8.94000000
2018-03-01 10:11:26,0.00035370,8.94000000
2018-03-01 10:11:26,0.00035380,142.69000000
2018-03-01 10:11:26,0.00035390,64.75000000
2018-03-01 10:11:26,0.00035400,5.00000000
2018-03-01 10:11:35,0.00035330,175.15000000
2018-03-01 10:11:35,0.00035250,15.00000000
2018-03-01 10:11:35,0.00035240,1590.29000000
2018-03-01 10:11:35,0.00035240,28.00000000
2018-03-01 10:11:35,0.00035240,23.68000000
2018-03-01 10:12:06,0.00035240,199.60000000
2018-03-01 10:12:09,0.00035340,17.00000000
2018-03-01 10:12:20,0.00035250,31.43000000
2018-03-01 10:12:22,0.00035250,20.00000000
2018-03-01 10:12:23,0.00035250,3.45000000
2018-03-01 10:12:23,0.00035250,4.62000000
2018-03-01 10:12:24,0.00035250,4.62000000
2018-03-01 10:12:25,0.00035240,237.45000000
2018-03-01 10:12:25,0.00035250,17.30000000
2018-03-01 10:12:28,0.00035240,237.11000000
2018-03-01 10:12:40,0.00035220,94.77000000
2018-03-01 10:12:40,0.00035210,219.10000000
2018-03-01 10:12:55,0.00035210,53.70000000
2018-03-01 10:12:59,0.00035210,56.56000000
2018-03-01 10:12:59,0.00035200,20.00000000
2018-03-01 10:13:02,0.00035200,31.43000000
2018-03-01 10:13:03,0.00035210,602.02000000
2018-03-01 10:13:08,0.00035220,106.54000000
2018-03-01 10:13:10,0.00035240,27.55000000
2018-03-01 10:13:15,0.00035250,76.87000000
2018-03-01 10:13:15,0.00035330,199.23000000
2018-03-01 10:13:15,0.00035340,77.03000000
2018-03-01 10:13:16,0.00035250,21.28000000
2018-03-01 10:13:24,0.00035260,50.78000000
2018-03-01 10:13:32,0.00035260,0.02000000
2018-03-01 10:13:32,0.00035250,117.01000000
2018-03-01 10:13:33,0.00035320,6.18000000
2018-03-01 10:13:34,0.00035320,0.57000000
2018-03-01 10:13:50,0.00035290,14.53000000
2018-03-01 10:13:50,0.00035300,40.47000000
2018-03-01 10:13:51,0.00035270,20.00000000
2018-03-01 10:13:53,0.00035270,30.11000000
2018-03-01 10:13:54,0.00035270,70.89000000
2018-03-01 10:13:54,0.00035300,54.35000000
2018-03-01 10:13:56,0.00035300,5.75000000
2018-03-01 10:13:56,0.00035300,11.24000000
2018-03-01 10:14:05,0.00035300,4.62000000
2018-03-01 10:14:06,0.00035300,35.59000000
2018-03-01 10:14:06,0.00035300,4.83000000
2018-03-01 10:14:06,0.00035300,54.96000000
2018-03-01 10:14:10,0.00035310,9.00000000
2018-03-01 10:14:16,0.00035310,25.71000000
2018-03-01 10:14:21,0.00035300,38.59000000
2018-03-01 10:14:32,0.00035310,92.55000000
2018-03-01 10:14:38,0.00035300,5.11000000
2018-03-01 10:15:00,0.00035330,58.97000000
2018-03-01 10:15:02,0.00035330,34.84000000
2018-03-01 10:15:02,0.00035300,234.54000000
2018-03-01 10:15:02,0.00035270,98.46000000
2018-03-01 10:15:02,0.00035260,395.87000000
2018-03-01 10:15:08,0.00035300,24.97000000
2018-03-01 10:15:32,0.00035300,6.79000000
2018-03-01 10:15:35,0.00035300,336.92000000
2018-03-01 10:15:43,0.00035260,116.90000000
2018-03-01 10:15:49,0.00035260,1542.40000000
2018-03-01 10:16:02,0.00035300,39.49000000
2018-03-01 10:16:02,0.00035320,55.54000000
2018-03-01 10:16:02,0.00035350,45.21000000
2018-03-01 10:16:02,0.00035360,159.76000000
2018-03-01 10:16:04,0.00035230,33.25000000
2018-03-01 10:16:05,0.00035330,0.38000000
2018-03-01 10:16:11,0.00035220,3.39000000
2018-03-01 10:16:16,0.00035310,47.87000000
2018-03-01 10:16:16,0.00035320,57.68000000
2018-03-01 10:16:16,0.00035330,6.76000000
2018-03-01 10:16:16,0.00035330,4.61000000
2018-03-01 10:16:16,0.00035340,15.00000000
2018-03-01 10:16:17,0.00035330,235.21000000
2018-03-01 10:16:18,0.00035330,913.89000000
2018-03-01 10:16:25,0.00035330,31.37000000
2018-03-01 10:16:37,0.00035330,113.31000000
2018-03-01 10:16:39,0.00035330,81.78000000
2018-03-01 10:16:41,0.00035330,0.05000000
2018-03-01 10:16:56,0.00035330,267.53000000
2018-03-01 10:17:01,0.00035330,21.00000000
2018-03-01 10:17:15,0.00035340,11.76000000
2018-03-01 10:17:15,0.00035330,8.24000000
2018-03-01 10:17:20,0.00035330,195.13000000
2018-03-01 10:17:22,0.00035330,0.18000000
2018-03-01 10:17:27,0.00035330,389.06000000
2018-03-01 10:17:39,0.00035330,100.00000000
2018-03-01 10:17:40,0.00035370,152.79000000
2018-03-01 10:17:40,0.00035380,542.75000000
2018-03-01 10:17:43,0.00035330,30.19000000
2018-03-01 10:17:50,0.00035330,598.70000000
2018-03-01 10:17:52,0.00035370,238.80000000
2018-03-01 10:17:52,0.00035380,1384.60000000
2018-03-01 10:17:52,0.00035380,21.44000000
2018-03-01 10:17:53,0.00035380,27.64000000
2018-03-01 10:18:00,0.00035380,100.00000000
2018-03-01 10:18:03,0.00035390,211.07000000
2018-03-01 10:18:06,0.00035380,57.50000000
2018-03-01 10:18:06,0.00035380,69.28000000
2018-03-01 10:18:06,0.00035390,520.00000000
2018-03-01 10:18:07,0.00035340,8.24000000
2018-03-01 10:18:10,0.00035380,100.00000000
2018-03-01 10:18:10,0.00035390,202.31000000
2018-03-01 10:18:10,0.00035390,28.25000000
2018-03-01 10:18:10,0.00035390,28.25000000
2018-03-01 10:18:10,0.00035390,64.46000000
2018-03-01 10:18:11,0.00035340,28.25000000
2018-03-01 10:18:18,0.00035350,14.91000000
2018-03-01 10:18:20,0.00035350,13.35000000
2018-03-01 10:18:35,0.00035360,562.31000000
2018-03-01 10:18:35,0.00035350,1568.10000000
2018-03-01 10:18:35,0.00035340,5.02000000
2018-03-01 10:18:50,0.00035340,183.07000000
2018-03-01 10:18:50,0.00035330,1360.12000000
2018-03-01 10:18:50,0.00035290,199.32000000
2018-03-01 10:18:50,0.00035260,1190.30000000
2018-03-01 10:18:50,0.00035240,13.70000000
2018-03-01 10:18:50,0.00035220,578.05000000
2018-03-01 10:19:01,0.00035370,698.34000000
2018-03-01 10:19:01,0.00035380,260.50000000
2018-03-01 10:19:02,0.00035360,4.03000000
2018-03-01 10:19:07,0.00035340,76.59000000
2018-03-01 10:19:07,0.00035230,24.53000000
2018-03-01 10:19:09,0.00035240,47.68000000
2018-03-01 10:19:09,0.00035220,32.02000000
2018-03-01 10:19:09,0.00035210,36.62000000
2018-03-01 10:19:22,0.00035250,15.00000000
2018-03-01 10:19:22,0.00035260,6.55000000
2018-03-01 10:19:36,0.00035280,17.56000000
2018-03-01 10:19:37,0.00035280,64.49000000
2018-03-01 10:19:37,0.00035290,13.70000000
2018-03-01 10:19:38,0.00035310,4.61000000
2018-03-01 10:19:46,0.00035300,89.32000000
2018-03-01 10:19:57,0.00035300,93.17000000
2018-03-01 10:19:58,0.00035300,40.82000000
2018-03-01 10:20:10,0.00035290,40.00000000
2018-03-01 10:20:29,0.00035300,6.58000000
2018-03-01 10:20:29,0.00035300,28.07000000
2018-03-01 10:20:30,0.00035300,237.80000000
2018-03-01 10:20:34,0.00035300,8.96000000
2018-03-01 10:20:34,0.00035310,45.71000000
2018-03-01 10:20:34,0.00035290,8.00000000
2018-03-01 10:20:48,0.00035290,5.69000000
2018-03-01 10:20:50,0.00035290,3.39000000
2018-03-01 10:20:52,0.00035290,8.08000000
2018-03-01 10:20:58,0.00035290,0.01000000
2018-03-01 10:21:01,0.00035300,133.99000000
2018-03-01 10:21:01,0.00035310,19.46000000
2018-03-01 10:21:02,0.00035330,274.50000000
2018-03-01 10:21:02,0.00035350,424.00000000
2018-03-01 10:21:07,0.00035300,17.56000000
2018-03-01 10:21:07,0.00035300,108.61000000
2018-03-01 10:21:07,0.00035300,89.52000000
2018-03-01 10:21:13,0.00035290,11.00000000
2018-03-01 10:21:16,0.00035290,5.76000000
2018-03-01 10:21:19,0.00035300,5.05000000
2018-03-01 10:21:22,0.00035300,2.83000000
2018-03-01 10:21:25,0.00035290,6.34000000
2018-03-01 10:21:25,0.00035280,5.67000000
2018-03-01 10:21:25,0.00035220,84.19000000
2018-03-01 10:21:27,0.00035300,145.53000000
2018-03-01 10:21:37,0.00035350,0.02000000
2018-03-01 10:21:38,0.00035380,7.04000000
2018-03-01 10:21:40,0.00035380,5.63000000
2018-03-01 10:21:40,0.00035380,10.47000000
2018-03-01 10:21:40,0.00035380,126.34000000
2018-03-01 10:21:44,0.00035380,0.14000000
2018-03-01 10:21:44,0.00035390,5.82000000
2018-03-01 10:21:45,0.00035370,15.00000000
2018-03-01 10:21:51,0.00035350,15.00000000
2018-03-01 10:21:51,0.00035370,140.68000000
2018-03-01 10:21:51,0.00035380,309.06000000
2018-03-01 10:21:51,0.00035380,28.26000000
2018-03-01 10:21:51,0.00035380,28.25000000
2018-03-01 10:21:51,0.00035380,28.26000000
2018-03-01 10:21:51,0.00035380,282.62000000
2018-03-01 10:21:51,0.00035380,739.73000000
2018-03-01 10:21:51,0.00035380,195.88000000
2018-03-01 10:21:52,0.00035340,28.26000000
2018-03-01 10:22:06,0.00035350,13.58000000
2018-03-01 10:22:10,0.00035380,20.00000000
2018-03-01 10:22:20,0.00035380,80.00000000
2018-03-01 10:22:31,0.00035390,32.00000000
2018-03-01 10:22:31,0.00035390,53.00000000
2018-03-01 10:22:35,0.00035390,32.49000000
2018-03-01 10:22:35,0.00035400,108.16000000
2018-03-01 10:22:37,0.00035380,6.66000000
2018-03-01 10:22:48,0.00035350,40.00000000
2018-03-01 10:22:56,0.00035400,13.92000000
2018-03-01 10:23:02,0.00035400,53.07000000
2018-03-01 10:23:05,0.00035400,168.50000000
2018-03-01 10:23:07,0.00035400,3.39000000
2018-03-01 10:23:12,0.00035400,28.07000000
2018-03-01 10:23:14,0.00035450,22.00000000
2018-03-01 10:23:14,0.00035450,7.75000000
2018-03-01 10:23:14,0.00035400,3.58000000
2018-03-01 10:23:15,0.00035400,7.75000000
2018-03-01 10:23:16,0.00035410,4.29000000
2018-03-01 10:23:17,0.00035410,232.71000000
2018-03-01 10:23:17,0.00035400,91.58000000
2018-03-01 10:23:30,0.00035400,1806.76000000
2018-03-01 10:23:32,0.00035420,21.30000000
2018-03-01 10:23:44,0.00035450,17.00000000
2018-03-01 10:23:46,0.00035420,17.67000000
2018-03-01 10:23:46,0.00035450,92.73000000
2018-03-01 10:23:49,0.00035400,23.23000000
2018-03-01 10:24:01,0.00035420,66.75000000
2018-03-01 10:24:02,0.00035470,175.44000000
2018-03-01 10:24:02,0.00035420,8.25000000
2018-03-01 10:24:07,0.00035470,2.82000000
2018-03-01 10:24:10,0.00035460,20.02000000
2018-03-01 10:24:16,0.00035460,9.41000000
2018-03-01 10:24:34,0.00035450,11.37000000
2018-03-01 10:24:34,0.00035460,154.62000000
2018-03-01 10:24:34,0.00035460,10.81000000
2018-03-01 10:24:35,0.00035460,5.76000000
2018-03-01 10:24:36,0.00035460,22.27000000
2018-03-01 10:24:38,0.00035460,375.31000000
2018-03-01 10:24:48,0.00035400,5.80000000
2018-03-01 10:24:54,0.00035460,435.68000000
2018-03-01 10:25:00,0.00035460,209.60000000
2018-03-01 10:25:05,0.00035460,5.68000000
2018-03-01 10:25:13,0.00035460,5.48000000
2018-03-01 10:25:31,0.00035400,50.44000000
2018-03-01 10:25:31,0.00035380,252.60000000
2018-03-01 10:25:31,0.00035350,234.89000000
2018-03-01 10:25:31,0.00035340,17.40000000
2018-03-01 10:25:31,0.00035330,13.70000000
2018-03-01 10:25:31,0.00035300,375.58000000
2018-03-01 10:25:31,0.00035290,1500.00000000
2018-03-01 10:25:31,0.00035280,361.74000000
2018-03-01 10:25:31,0.00035270,637.19000000
2018-03-01 10:25:31,0.00035240,283.76000000
2018-03-01 10:25:31,0.00035230,291.85000000
2018-03-01 10:25:31,0.00035200,19.15000000
2018-03-01 10:25:31,0.00035350,21.87000000
2018-03-01 10:25:33,0.00035340,5.66000000
2018-03-01 10:25:33,0.00035330,13.70000000
2018-03-01 10:25:33,0.00035340,11.55000000
2018-03-01 10:25:42,0.00035240,24.49000000
2018-03-01 10:25:42,0.00035240,5.62000000
2018-03-01 10:25:42,0.00035240,5.62000000
2018-03-01 10:25:42,0.00035240,6.11000000
2018-03-01 10:25:43,0.00035240,126.82000000
2018-03-01 10:25:43,0.00035240,231.40000000
2018-03-01 10:25:43,0.00035240,135.48000000
2018-03-01 10:25:46,0.00035220,10.14000000
2018-03-01 10:25:47,0.00035220,5.81000000
2018-03-01 10:25:47,0.00035230,14.30000000
2018-03-01 10:25:47,0.00035240,1.69000000
2018-03-01 10:25:47,0.00035220,78.84000000
2018-03-01 10:25:52,0.00035220,204.60000000
2018-03-01 10:25:54,0.00035240,4.15000000
2018-03-01 10:25:54,0.00035300,3.97000000
2018-03-01 10:25:54,0.00035300,16.95000000
2018-03-01 10:25:54,0.00035300,4.15000000
2018-03-01 10:26:03,0.00035300,17.56000000
2018-03-01 10:26:20,0.00035300,16.06000000
2018-03-01 10:27:30,0.00035310,50.00000000
2018-03-01 10:27:32,0.00035310,50.00000000
2018-03-01 10:27:32,0.00035300,239.77000000
2018-03-01 10:27:33,0.00035340,69.20000000
2018-03-01 10:27:33,0.00035300,13.00000000
2018-03-01 10:27:34,0.00035340,259.38000000
2018-03-01 10:27:41,0.00035340,47.67000000
2018-03-01 10:27:56,0.00035310,24.06000000
2018-03-01 10:28:10,0.00035320,40.00000000
2018-03-01 10:28:15,0.00035320,123.49000000
2018-03-01 10:28:16,0.00035330,28.29000000
2018-03-01 10:28:17,0.00035330,48.78000000
2018-03-01 10:28:17,0.00035330,104.50000000
2018-03-01 10:28:22,0.00035300,176.18000000
2018-03-01 10:28:28,0.00035330,23.12000000
2018-03-01 10:28:28,0.00035330,35.53000000
2018-03-01 10:28:28,0.00035340,1978.24000000
2018-03-01 10:28:33,0.00035330,1.67000000
2018-03-01 10:28:33,0.00035300,148.22000000
2018-03-01 10:28:34,0.00035300,775.00000000
2018-03-01 10:28:37,0.00035300,1361.61000000
2018-03-01 10:28:44,0.00035300,61.64000000
2018-03-01 10:28:46,0.00035300,207.90000000
2018-03-01 10:28:50,0.00035300,15.07000000
2018-03-01 10:28:50,0.00035300,42.90000000
2018-03-01 10:28:54,0.00035300,50.06000000
2018-03-01 10:29:25,0.00035210,70.36000000
2018-03-01 10:29:25,0.00035200,882.47000000
2018-03-01 10:29:25,0.00035300,28.07000000
2018-03-01 10:29:38,0.00035340,277.20000000
2018-03-01 10:29:46,0.00035360,886.12000000
2018-03-01 10:29:46,0.00035370,25.00000000
2018-03-01 10:29:46,0.00035390,8.47000000
2018-03-01 10:29:46,0.00035400,768.36000000
2018-03-01 10:29:49,0.00035340,58.08000000
2018-03-01 10:30:00,0.00035350,2.83000000
2018-03-01 10:30:11,0.00035400,745.34000000
2018-03-01 10:30:11,0.00035410,119.66000000
2018-03-01 10:30:18,0.00035360,3.43000000
2018-03-01 10:30:18,0.00035360,5.74000000
2018-03-01 10:30:20,0.00035410,257.91000000
2018-03-01 10:30:31,0.00035360,11.88000000
2018-03-01 10:30:46,0.00035360,10.31000000
2018-03-01 10:30:47,0.00035360,381.69000000
2018-03-01 10:30:52,0.00035360,155.60000000
2018-03-01 10:30:57,0.00035430,208.65000000
2018-03-01 10:31:05,0.00035410,31.14000000
2018-03-01 10:31:05,0.00035400,307.60000000
2018-03-01 10:31:05,0.00035440,1487.40000000
2018-03-01 10:31:30,0.00035440,22.00000000
2018-03-01 10:31:32,0.00035440,20.00000000
2018-03-01 10:31:39,0.00035440,24.61000000
2018-03-01 10:31:40,0.00035410,3.30000000
2018-03-01 10:31:59,0.00035410,173.25000000
2018-03-01 10:32:08,0.00035410,31.33000000
2018-03-01 10:32:11,0.00035410,77.00000000
2018-03-01 10:32:21,0.00035410,156.60000000
2018-03-01 10:32:31,0.00035410,30.15000000
2018-03-01 10:32:34,0.00035430,28.22000000
2018-03-01 10:32:42,0.00035410,16.54000000
2018-03-01 10:32:47,0.00035410,241.00000000
2018-03-01 10:32:55,0.00035410,50.00000000
2018-03-01 10:32:57,0.00035410,10.73000000
2018-03-01 10:32:57,0.00035410,40.00000000
2018-03-01 10:33:01,0.00035410,32.11000000
2018-03-01 10:33:01,0.00035410,7.87000000
2018-03-01 10:33:04,0.00035410,0.02000000
2018-03-01 10:33:04,0.00035430,208.98000000
2018-03-01 10:33:08,0.00035430,1.62000000
2018-03-01 10:33:14,0.00035430,100.00000000
2018-03-01 10:33:16,0.00035430,9.89000000
2018-03-01 10:33:16,0.00035430,55.24000000
2018-03-01 10:33:20,0.00035380,17.56000000
2018-03-01 10:33:20,0.00035370,70.14000000
2018-03-01 10:33:20,0.00035340,23.00000000
2018-03-01 10:33:20,0.00035330,13.70000000
2018-03-01 10:33:20,0.00035320,25.05000000
2018-03-01 10:33:20,0.00035310,70.09000000
2018-03-01 10:33:20,0.00035300,256.04000000
2018-03-01 10:33:20,0.00035300,886.82000000
2018-03-01 10:33:22,0.00035430,15.00000000
2018-03-01 10:33:35,0.00035430,68.16000000
2018-03-01 10:33:49,0.00035340,30.00000000
2018-03-01 10:33:49,0.00035330,8.73000000
2018-03-01 10:33:50,0.00035430,713.85000000
2018-03-01 10:33:56,0.00035420,30.00000000
2018-03-01 10:33:56,0.00035430,20.00000000
2018-03-01 10:34:02,0.00035430,28.19000000
2018-03-01 10:34:02,0.00035340,8.94000000
2018-03-01 10:34:02,0.00035330,33.62000000
2018-03-01 10:34:02,0.00035310,256.98000000
2018-03-01 10:34:02,0.00035300,23.14000000
2018-03-01 10:34:02,0.00035260,24.59000000
2018-03-01 10:34:02,0.00035260,13.70000000
2018-03-01 10:34:02,0.00035260,47.04000000
2018-03-01 10:34:02,0.00035260,29.00000000
2018-03-01 10:34:02,0.00035260,441.00000000
2018-03-01 10:34:02,0.00035260,28.27000000
2018-03-01 10:34:02,0.00035260,47.60000000
2018-03-01 10:34:02,0.00035260,10.25000000
2018-03-01 10:34:02,0.00035260,15.00000000
2018-03-01 10:34:02,0.00035260,254.51000000
2018-03-01 10:34:02,0.00035260,283.61000000
2018-03-01 10:34:02,0.00035260,28.29000000
2018-03-01 10:34:02,0.00035260,452.07000000
2018-03-01 10:34:02,0.00035260,17.81000000
2018-03-01 10:34:05,0.00035340,8.27000000
2018-03-01 10:34:07,0.00035340,54.84000000
2018-03-01 10:34:07,0.00035270,662.26000000
2018-03-01 10:34:07,0.00035260,23.14000000
2018-03-01 10:34:07,0.00035250,147.62000000
2018-03-01 10:34:07,0.00035240,179.17000000
2018-03-01 10:34:07,0.00035220,976.59000000
2018-03-01 10:34:19,0.00035310,3.18000000
2018-03-01 10:34:21,0.00035300,115.39000000
2018-03-01 10:34:21,0.00035310,10.52000000
2018-03-01 10:34:27,0.00035330,14.23000000
2018-03-01 10:34:27,0.00035320,18.76000000
2018-03-01 10:34:31,0.00035320,236.51000000
2018-03-01 10:34:37,0.00035370,1.00000000
2018-03-01 10:34:37,0.00035300,21.28000000
2018-03-01 10:34:53,0.00035300,9.00000000
2018-03-01 10:34:57,0.00035380,57.00000000
2018-03-01 10:35:17,0.00035380,40.00000000
2018-03-01 10:35:32,0.00035330,24.56000000
2018-03-01 10:35:32,0.00035370,610.48000000
2018-03-01 10:35:56,0.00035330,5.41000000
2018-03-01 10:36:04,0.00035370,3.00000000
2018-03-01 10:36:17,0.00035350,7.87000000
2018-03-01 10:36:24,0.00035350,22.00000000
2018-03-01 10:36:29,0.00035350,52.95000000
2018-03-01 10:36:39,0.00035350,27.39000000
2018-03-01 10:36:41,0.00035330,28.28000000
2018-03-01 10:36:53,0.00035330,0.01000000
2018-03-01 10:37:08,0.00035330,25.21000000
2018-03-01 10:37:08,0.00035350,49.79000000
2018-03-01 10:37:30,0.00035350,185.27000000
2018-03-01 10:37:41,0.00035350,2.50000000
2018-03-01 10:38:22,0.00035350,7.03000000
2018-03-01 10:38:48,0.00035300,13.48000000
2018-03-01 10:38:51,0.00035300,36.36000000
2018-03-01 10:39:00,0.00035300,11.93000000
2018-03-01 10:39:05,0.00035300,289.78000000
2018-03-01 10:39:12,0.00035350,10.00000000
2018-03-01 10:39:28,0.00035310,14.00000000
2018-03-01 10:39:31,0.00035310,13.00000000
2018-03-01 10:40:11,0.00035350,4.00000000
2018-03-01 10:40:14,0.00035350,1093.66000000
2018-03-01 10:40:42,0.00035350,222.55000000
2018-03-01 10:40:44,0.00035350,302.56000000
2018-03-01 10:40:58,0.00035370,39.92000000
2018-03-01 10:40:59,0.00035360,18.00000000
2018-03-01 10:41:02,0.00035350,64.23000000
2018-03-01 10:41:08,0.00035350,282.18000000
2018-03-01 10:41:09,0.00035350,12.56000000
2018-03-01 10:41:11,0.00035370,70.08000000
2018-03-01 10:41:11,0.00035380,20.00000000
2018-03-01 10:41:11,0.00035400,26.30000000
2018-03-01 10:41:11,0.00035400,0.02000000
2018-03-01 10:41:25,0.00035400,99.86000000
2018-03-01 10:41:28,0.00035400,167.74000000
2018-03-01 10:41:29,0.00035400,244.07000000
2018-03-01 10:41:31,0.00035400,25.15000000
2018-03-01 10:41:34,0.00035380,20.26000000
2018-03-01 10:41:57,0.00035400,31.89000000
2018-03-01 10:41:58,0.00035360,31.23000000
2018-03-01 10:42:12,0.00035360,28.00000000
2018-03-01 10:42:14,0.00035360,49.47000000
2018-03-01 10:42:20,0.00035360,90.13000000
2018-03-01 10:42:20,0.00035400,9.87000000
2018-03-01 10:42:36,0.00035380,36.84000000
2018-03-01 10:42:36,0.00035380,28.16000000
2018-03-01 10:42:44,0.00035350,16.89000000
2018-03-01 10:42:46,0.00035400,6.74000000
2018-03-01 10:42:54,0.00035350,29.81000000
2018-03-01 10:43:04,0.00035400,65.00000000
2018-03-01 10:43:04,0.00035360,41.36000000
2018-03-01 10:43:06,0.00035400,7.60000000
2018-03-01 10:43:09,0.00035400,599.46000000
2018-03-01 10:43:09,0.00035450,107.84000000
2018-03-01 10:43:09,0.00035460,279.24000000
2018-03-01 10:43:09,0.00035470,578.74000000
2018-03-01 10:43:09,0.00035480,734.72000000
2018-03-01 10:43:10,0.00035400,5.78000000
2018-03-01 10:43:11,0.00035400,24.03000000
2018-03-01 10:43:13,0.00035460,17.56000000
2018-03-01 10:43:13,0.00035470,522.01000000
2018-03-01 10:43:13,0.00035480,1428.79000000
2018-03-01 10:43:15,0.00035480,17.56000000
2018-03-01 10:43:16,0.00035400,3.10000000
2018-03-01 10:43:16,0.00035380,9.33000000
2018-03-01 10:43:47,0.00035390,13.00000000
2018-03-01 10:43:47,0.00035380,44.00000000
2018-03-01 10:43:51,0.00035380,4.62000000
2018-03-01 10:43:53,0.00035380,41.57000000
2018-03-01 10:44:10,0.00035380,151.45000000
2018-03-01 10:44:26,0.00035390,11.78000000
2018-03-01 10:44:29,0.00035400,122.00000000
2018-03-01 10:44:32,0.00035400,85.00000000
2018-03-01 10:44:39,0.00035400,30.80000000
2018-03-01 10:44:42,0.00035400,14.69000000
2018-03-01 10:44:57,0.00035400,4.56000000
2018-03-01 10:44:59,0.00035400,2.44000000
2018-03-01 10:45:25,0.00035400,26.55000000
2018-03-01 10:45:25,0.00035380,1593.95000000
2018-03-01 10:45:25,0.00035370,13.70000000
2018-03-01 10:45:25,0.00035360,362.23000000
2018-03-01 10:45:25,0.00035350,5405.77000000
2018-03-01 10:45:34,0.00035340,100.00000000
2018-03-01 10:45:47,0.00035350,12.54000000
2018-03-01 10:45:50,0.00035350,50.00000000
2018-03-01 10:46:00,0.00035340,55.05000000
2018-03-01 10:46:00,0.00035350,74.77000000
2018-03-01 10:46:02,0.00035350,28.24000000
2018-03-01 10:46:12,0.00035350,8.00000000
2018-03-01 10:46:23,0.00035310,99.90000000
2018-03-01 10:47:04,0.00035310,195.80000000
2018-03-01 10:47:11,0.00035310,3.04000000
2018-03-01 10:47:22,0.00035350,20.00000000
2018-03-01 10:47:22,0.00035350,27.98000000
2018-03-01 10:47:29,0.00035310,706.39000000
2018-03-01 10:47:43,0.00035310,3.00000000
2018-03-01 10:47:56,0.00035310,546.09000000
2018-03-01 10:47:57,0.00035330,33.00000000
2018-03-01 10:47:58,0.00035330,69.90000000
2018-03-01 10:47:58,0.00035330,10.00000000
2018-03-01 10:48:00,0.00035310,28.23000000
2018-03-01 10:48:04,0.00035310,107.66000000
2018-03-01 10:48:04,0.00035330,194.11000000
2018-03-01 10:48:14,0.00035310,5.66000000
2018-03-01 10:48:16,0.00035310,5.29000000
2018-03-01 10:48:20,0.00035310,0.01000000
2018-03-01 10:48:25,0.00035310,22.02000000
2018-03-01 10:48:25,0.00035300,13.36000000
2018-03-01 10:48:25,0.00035250,294.18000000
2018-03-01 10:48:25,0.00035240,320.94000000
2018-03-01 10:48:25,0.00035240,36.96000000
2018-03-01 10:48:25,0.00035240,37.17000000
2018-03-01 10:48:25,0.00035240,228.83000000
2018-03-01 10:48:25,0.00035240,28.30000000
2018-03-01 10:48:25,0.00035240,593.24000000
2018-03-01 10:48:25,0.00035240,5.68000000
2018-03-01 10:48:25,0.00035240,440.00000000
2018-03-01 10:48:26,0.00035240,18.00000000
2018-03-01 10:48:26,0.00035240,6.12000000
2018-03-01 10:48:26,0.00035230,28.30000000
2018-03-01 10:48:26,0.00035240,36.96000000
2018-03-01 10:48:26,0.00035240,13.68000000
2018-03-01 10:48:26,0.00035240,31.29000000
2018-03-01 10:48:28,0.00035240,2.84000000
2018-03-01 10:48:28,0.00035240,205.96000000
2018-03-01 10:48:28,0.00035240,5.11000000
2018-03-01 10:48:31,0.00035240,35.36000000
2018-03-01 10:48:47,0.00035240,186.10000000
2018-03-01 10:48:47,0.00035240,75.54000000
2018-03-01 10:48:52,0.00035230,504.78000000
2018-03-01 10:48:52,0.00035220,2.71000000
2018-03-01 10:48:57,0.00035240,1.44000000
2018-03-01 10:48:57,0.00035310,1.87000000
2018-03-01 10:49:00,0.00035220,418.41000000
2018-03-01 10:49:00,0.00035220,12.70000000
2018-03-01 10:49:00,0.00035220,12.70000000
2018-03-01 10:49:00,0.00035220,6.12000000
2018-03-01 10:49:00,0.00035220,12.73000000
2018-03-01 10:49:01,0.00035200,12.70000000
2018-03-01 10:49:02,0.00035220,6.12000000
2018-03-01 10:49:02,0.00035220,149.31000000
2018-03-01 10:49:03,0.00035220,13.52000000
2018-03-01 10:49:10,0.00035220,705.06000000
2018-03-01 10:49:11,0.00035220,14.19000000
2018-03-01 10:49:16,0.00035220,66.66000000
2018-03-01 10:49:22,0.00035220,7.04000000
2018-03-01 10:49:29,0.00035210,5.00000000
2018-03-01 10:49:29,0.00035220,28.39000000
2018-03-01 10:49:29,0.00035220,45.55000000
2018-03-01 10:49:36,0.00035220,108.07000000
2018-03-01 10:49:40,0.00035220,191.93000000
2018-03-01 10:49:52,0.00035220,245.33000000
2018-03-01 10:49:52,0.00035210,111.14000000
2018-03-01 10:49:52,0.00035200,393.53000000
2018-03-01 10:49:55,0.00035210,15.00000000
2018-03-01 10:49:55,0.00035200,476.08000000
2018-03-01 10:49:55,0.00035190,15.00000000
2018-03-01 10:50:02,0.00035190,981.82000000
2018-03-01 10:50:08,0.00035190,45.85000000
2018-03-01 10:50:09,0.00035200,6.03000000
2018-03-01 10:50:13,0.00035200,271.38000000
2018-03-01 10:50:20,0.00035200,705.46000000
2018-03-01 10:50:46,0.00035190,151.96000000
2018-03-01 10:50:50,0.00035200,6.90000000
2018-03-01 10:50:53,0.00035200,191.27000000
2018-03-01 10:51:02,0.00035200,272.01000000
2018-03-01 10:51:04,0.00035200,26.66000000
2018-03-01 10:51:07,0.00035200,200.00000000
2018-03-01 10:51:12,0.00035200,212.26000000
2018-03-01 10:51:39,0.00035250,16.96000000
2018-03-01 10:51:40,0.00035200,0.74000000
2018-03-01 10:51:40,0.00035190,4.26000000
2018-03-01 10:51:41,0.00035190,2.85000000
2018-03-01 10:52:01,0.00035190,36.29000000
2018-03-01 10:52:16,0.00035190,17.00000000
2018-03-01 10:52:17,0.00035270,5.17000000
2018-03-01 10:52:20,0.00035270,0.63000000
2018-03-01 10:52:22,0.00035200,62.86000000
2018-03-01 10:52:36,0.00035280,21.51000000
2018-03-01 10:52:38,0.00035280,7.10000000
2018-03-01 10:52:44,0.00035280,12.58000000
2018-03-01 10:52:44,0.00035300,2.22000000
2018-03-01 10:52:49,0.00035250,6.12000000
2018-03-01 10:52:49,0.00035250,5.65000000
2018-03-01 10:52:51,0.00035290,3.00000000
2018-03-01 10:52:52,0.00035250,737.33000000
2018-03-01 10:52:52,0.00035210,195.50000000
2018-03-01 10:52:52,0.00035200,396.52000000
2018-03-01 10:53:04,0.00035200,256.64000000
2018-03-01 10:53:24,0.00035260,5.00000000
2018-03-01 10:53:24,0.00035270,149.99000000
2018-03-01 10:53:27,0.00035250,4.23000000
2018-03-01 10:53:29,0.00035250,45.77000000
2018-03-01 10:53:39,0.00035210,16.44000000
2018-03-01 10:53:45,0.00035250,39.73000000
2018-03-01 10:54:04,0.00035250,206.17000000
2018-03-01 10:54:08,0.00035260,18.46000000
2018-03-01 10:54:08,0.00035210,17.23000000
2018-03-01 10:54:12,0.00035280,97.00000000
2018-03-01 10:54:40,0.00035260,371.12000000
2018-03-01 10:54:40,0.00035270,4.96000000
2018-03-01 10:54:40,0.00035280,380.15000000
2018-03-01 10:54:40,0.00035290,254.49000000
2018-03-01 10:54:40,0.00035290,72.84000000
2018-03-01 10:54:41,0.00035290,130.20000000
2018-03-01 10:54:41,0.00035290,7.79000000
2018-03-01 10:54:41,0.00035300,28.33000000
2018-03-01 10:54:43,0.00035290,23.15000000
2018-03-01 10:54:49,0.00035300,2.84000000
2018-03-01 10:54:52,0.00035300,6.83000000
2018-03-01 10:54:52,0.00035300,38.27000000
2018-03-01 10:54:53,0.00035310,35.11000000
2018-03-01 10:54:53,0.00035320,60.00000000
2018-03-01 10:54:53,0.00035320,87.90000000
2018-03-01 10:54:53,0.00035320,75.97000000
2018-03-01 10:54:53,0.00035300,28.32000000
2018-03-01 10:54:53,0.00035300,33.00000000
2018-03-01 10:54:53,0.00035300,28.23000000
2018-03-01 10:54:55,0.00035300,20.00000000
2018-03-01 10:54:55,0.00035300,20.00000000
2018-03-01 10:55:02,0.00035300,35.83000000
2018-03-01 10:55:04,0.00035300,153.62000000
2018-03-01 10:55:20,0.00035300,22.96000000
2018-03-01 10:55:22,0.00035290,314.06000000
2018-03-01 10:55:23,0.00035290,113.30000000
2018-03-01 10:55:26,0.00035300,13.38000000
2018-03-01 10:55:31,0.00035300,184.92000000
2018-03-01 10:55:33,0.00035290,513.63000000
2018-03-01 10:55:39,0.00035280,93.44000000
2018-03-01 10:56:00,0.00035290,6.00000000
2018-03-01 10:56:00,0.00035290,0.01000000
2018-03-01 10:56:04,0.00035290,9.90000000
2018-03-01 10:56:17,0.00035290,39.88000000
2018-03-01 10:56:27,0.00035290,17.01000000
2018-03-01 10:56:28,0.00035290,6.09000000
2018-03-01 10:56:28,0.00035290,6.09000000
2018-03-01 10:56:30,0.00035290,160.51000000
2018-03-01 10:56:32,0.00035300,13.68000000
2018-03-01 10:56:35,0.00035300,4.83000000
2018-03-01 10:56:37,0.00035300,26.28000000
2018-03-01 10:56:38,0.00035290,66.53000000
2018-03-01 10:56:44,0.00035290,4.62000000
2018-03-01 10:56:46,0.00035290,19.73000000
2018-03-01 10:57:02,0.00035280,89.62000000
2018-03-01 10:57:02,0.00035210,160.95000000
2018-03-01 10:57:04,0.00035290,26.12000000
2018-03-01 10:57:10,0.00035230,2.23000000
2018-03-01 10:57:14,0.00035300,0.01000000
2018-03-01 10:57:14,0.00035320,0.99000000
2018-03-01 10:57:21,0.00035290,4.61000000
2018-03-01 10:57:22,0.00035290,146.96000000
2018-03-01 10:57:22,0.00035290,0.01000000
2018-03-01 10:57:29,0.00035290,11.46000000
2018-03-01 10:57:29,0.00035300,5.54000000
2018-03-01 10:57:30,0.00035300,6.04000000
2018-03-01 10:57:34,0.00035300,4.61000000
2018-03-01 10:57:34,0.00035300,33.88000000
2018-03-01 10:57:35,0.00035290,26.00000000
2018-03-01 10:57:41,0.00035300,109.24000000
2018-03-01 10:57:42,0.00035290,6.74000000
2018-03-01 10:57:48,0.00035290,23.01000000
2018-03-01 10:57:48,0.00035300,26.99000000
2018-03-01 10:58:17,0.00035300,167.42000000
2018-03-01 10:58:22,0.00035300,274.89000000
2018-03-01 10:59:12,0.00035290,17.01000000
2018-03-01 10:59:12,0.00035300,240.31000000
2018-03-01 10:59:12,0.00035300,14.16000000
2018-03-01 10:59:12,0.00035300,14.11000000
2018-03-01 10:59:12,0.00035300,14.41000000
2018-03-01 10:59:14,0.00035230,9.29000000
2018-03-01 10:59:20,0.00035300,3.00000000
2018-03-01 10:59:22,0.00035300,54.75000000
2018-03-01 10:59:24,0.00035300,205.81000000
2018-03-01 10:59:41,0.00035300,232.30000000
2018-03-01 10:59:53,0.00035300,935.11000000
2018-03-01 10:59:53,0.00035230,6.53000000
2018-03-01 10:59:53,0.00035220,58.36000000
2018-03-01 10:59:54,0.00035230,10.00000000
2018-03-01 10:59:55,0.00035240,538.80000000
2018-03-01 10:59:55,0.00035230,44.06000000
2018-03-01 10:59:55,0.00035210,207.59000000
2018-03-01 10:59:55,0.00035200,209.55000000
2018-03-01 10:59:59,0.00035300,103.24000000
2018-03-01 10:59:59,0.00035220,17.01000000
2018-03-01 10:59:59,0.00035210,118.13000000
2018-03-01 10:59:59,0.00035200,683.63000000
2018-03-01 10:59:59,0.00035190,77.99000000
