DATE,PRICE,VOLUME
2018-02-25 12:00:04,0.00039270,38.19000000
2018-02-25 12:00:29,0.00039280,16.37000000
2018-02-25 12:00:51,0.00039270,332.13000000
2018-02-25 12:00:51,0.00039250,2232.80000000
2018-02-25 12:00:54,0.00039250,737.98000000
2018-02-25 12:00:54,0.00039200,100.00000000
2018-02-25 12:00:54,0.00039200,57.30000000
2018-02-25 12:00:54,0.00039200,459.38000000
2018-02-25 12:00:54,0.00039200,11.46000000
2018-02-25 12:00:54,0.00039200,154.00000000
2018-02-25 12:00:55,0.00039200,20.00000000
2018-02-25 12:00:55,0.00039200,328.90000000
2018-02-25 12:00:55,0.00039270,19.98000000
2018-02-25 12:01:00,0.00039270,25.51000000
2018-02-25 12:01:17,0.00039190,13.00000000
2018-02-25 12:01:42,0.00039260,100.00000000
2018-02-25 12:01:49,0.00039190,29.74000000
2018-02-25 12:02:20,0.00039260,68.65000000
2018-02-25 12:02:22,0.00039260,199.14000000
2018-02-25 12:02:24,0.00039260,55.57000000
2018-02-25 12:02:24,0.00039260,62.50000000
2018-02-25 12:02:32,0.00039260,81.07000000
2018-02-25 12:02:38,0.00039260,2.81000000
2018-02-25 12:02:45,0.00039260,7.70000000
2018-02-25 12:02:54,0.00039250,88.20000000
2018-02-25 12:02:57,0.00039250,131.71000000
2018-02-25 12:03:03,0.00039250,10.00000000
2018-02-25 12:03:06,0.00039250,7.43000000
2018-02-25 12:03:16,0.00039240,7.69000000
2018-02-25 12:03:16,0.00039250,138.10000000
2018-02-25 12:03:16,0.00039260,5.00000000
2018-02-25 12:03:19,0.00039250,18.83000000
2018-02-25 12:03:29,0.00039260,49.02000000
2018-02-25 12:03:39,0.00039260,25.47000000
2018-02-25 12:03:52,0.00039250,1.52000000
2018-02-25 12:03:52,0.00039210,12.00000000
2018-02-25 12:03:52,0.00039190,98.14000000
2018-02-25 12:04:07,0.00039250,54.13000000
2018-02-25 12:04:07,0.00039190,34.97000000
2018-02-25 12:04:19,0.00039260,616.04000000
2018-02-25 12:04:34,0.00039260,0.02000000
2018-02-25 12:04:41,0.00039270,27.10000000
2018-02-25 12:04:42,0.00039270,20.00000000
2018-02-25 12:04:51,0.00039260,101.92000000
2018-02-25 12:04:51,0.00039270,30.84000000
2018-02-25 12:04:53,0.00039270,369.29000000
2018-02-25 12:05:00,0.00039200,18.93000000
2018-02-25 12:05:00,0.00039190,228.34000000
2018-02-25 12:05:00,0.00039180,163.43000000
2018-02-25 12:05:00,0.00039170,203.50000000
2018-02-25 12:05:03,0.00039200,169.45000000
2018-02-25 12:05:06,0.00039190,78.46000000
2018-02-25 12:05:06,0.00039260,15.00000000
2018-02-25 12:05:12,0.00039270,11.00000000
2018-02-25 12:05:25,0.00039260,10.00000000
2018-02-25 12:05:36,0.00039260,89.10000000
2018-02-25 12:05:49,0.00039270,24.67000000
2018-02-25 12:06:08,0.00039270,205.62000000
2018-02-25 12:06:09,0.00039260,56.14000000
2018-02-25 12:07:00,0.00039250,316.18000000
2018-02-25 12:07:25,0.00039250,254.77000000
2018-02-25 12:07:43,0.00039250,15.00000000
2018-02-25 12:07:55,0.00039250,13.22000000
2018-02-25 12:07:56,0.00039250,220.40000000
2018-02-25 12:07:56,0.00039250,4.40000000
2018-02-25 12:07:56,0.00039250,20.00000000
2018-02-25 12:07:57,0.00039250,46.03000000
2018-02-25 12:07:58,0.00039230,27.32000000
2018-02-25 12:07:58,0.00039230,20.00000000
2018-02-25 12:07:58,0.00039230,17.09000000
2018-02-25 12:07:58,0.00039250,155.11000000
2018-02-25 12:07:58,0.00039250,52.21000000
2018-02-25 12:07:59,0.00039250,17.62000000
2018-02-25 12:08:02,0.00039250,34.38000000
2018-02-25 12:08:02,0.00039250,6.83000000
2018-02-25 12:08:03,0.00039250,27.98000000
2018-02-25 12:08:05,0.00039250,6.86000000
2018-02-25 12:08:05,0.00039260,15.00000000
2018-02-25 12:08:11,0.00039260,50.89000000
2018-02-25 12:08:16,0.00039260,38.34000000
2018-02-25 12:08:20,0.00039260,11.00000000
2018-02-25 12:08:21,0.00039260,69.15000000
2018-02-25 12:08:26,0.00039260,25.48000000
2018-02-25 12:08:27,0.00039260,30.00000000
2018-02-25 12:08:29,0.00039260,200.00000000
2018-02-25 12:08:53,0.00039260,15.41000000
2018-02-25 12:08:54,0.00039260,81.09000000
2018-02-25 12:09:01,0.00039260,65.90000000
2018-02-25 12:09:02,0.00039260,4.62000000
2018-02-25 12:09:07,0.00039260,220.06000000
2018-02-25 12:09:16,0.00039260,4.40000000
2018-02-25 12:09:31,0.00039260,1.61000000
2018-02-25 12:09:31,0.00039270,23.86000000
2018-02-25 12:09:31,0.00039230,13.00000000
2018-02-25 12:09:45,0.00039260,4.40000000
2018-02-25 12:09:45,0.00039260,5.22000000
2018-02-25 12:09:48,0.00039260,18.29000000
2018-02-25 12:09:48,0.00039260,225.93000000
2018-02-25 12:09:56,0.00039260,0.02000000
2018-02-25 12:09:56,0.00039270,23.58000000
2018-02-25 12:09:56,0.00039270,19.18000000
2018-02-25 12:09:56,0.00039270,20.00000000
2018-02-25 12:09:57,0.00039270,131.33000000
2018-02-25 12:09:57,0.00039240,14.75000000
2018-02-25 12:09:58,0.00039270,94.75000000
2018-02-25 12:09:58,0.00039270,4.62000000
2018-02-25 12:10:01,0.00039270,0.04000000
2018-02-25 12:10:01,0.00039270,4.40000000
2018-02-25 12:10:02,0.00039270,38.34000000
2018-02-25 12:10:02,0.00039270,4.62000000
2018-02-25 12:10:02,0.00039270,881.44000000
2018-02-25 12:10:03,0.00039270,4.40000000
2018-02-25 12:10:05,0.00039270,35.67000000
2018-02-25 12:10:07,0.00039270,18.05000000
2018-02-25 12:10:07,0.00039270,44.28000000
2018-02-25 12:10:09,0.00039270,6.83000000
2018-02-25 12:10:14,0.00039270,21.37000000
2018-02-25 12:10:17,0.00039240,237.95000000
2018-02-25 12:10:20,0.00039240,15.00000000
2018-02-25 12:10:20,0.00039240,23.22000000
2018-02-25 12:10:23,0.00039230,40.71000000
2018-02-25 12:10:25,0.00039220,842.00000000
2018-02-25 12:10:26,0.00039270,99.15000000
2018-02-25 12:10:26,0.00039270,10.85000000
2018-02-25 12:10:28,0.00039200,32.00000000
2018-02-25 12:10:31,0.00039210,12.76000000
2018-02-25 12:10:31,0.00039200,7.64000000
2018-02-25 12:10:32,0.00039230,64.29000000
2018-02-25 12:10:32,0.00039260,7.91000000
2018-02-25 12:10:32,0.00039260,11.09000000
2018-02-25 12:10:32,0.00039270,11.35000000
2018-02-25 12:10:47,0.00039270,259.98000000
2018-02-25 12:10:58,0.00039260,12.00000000
2018-02-25 12:11:00,0.00039260,3.00000000
2018-02-25 12:11:07,0.00039270,50.89000000
2018-02-25 12:11:08,0.00039270,63.25000000
2018-02-25 12:11:10,0.00039270,194.43000000
2018-02-25 12:11:30,0.00039220,59.21000000
2018-02-25 12:11:31,0.00039190,94.49000000
2018-02-25 12:11:36,0.00039200,47.95000000
2018-02-25 12:11:38,0.00039270,6.42000000
2018-02-25 12:11:46,0.00039270,1.60000000
2018-02-25 12:11:46,0.00039280,455.88000000
2018-02-25 12:11:48,0.00039270,12.00000000
2018-02-25 12:11:48,0.00039270,3.00000000
2018-02-25 12:11:48,0.00039280,1177.85000000
2018-02-25 12:11:48,0.00039280,4.16000000
2018-02-25 12:11:50,0.00039280,201.43000000
2018-02-25 12:11:54,0.00039280,381.47000000
2018-02-25 12:11:55,0.00039280,134.65000000
2018-02-25 12:11:57,0.00039270,272.37000000
2018-02-25 12:12:01,0.00039280,1.00000000
2018-02-25 12:12:01,0.00039280,454.00000000
2018-02-25 12:12:03,0.00039290,102.28000000
2018-02-25 12:12:05,0.00039250,19.95000000
2018-02-25 12:12:05,0.00039250,10.85000000
2018-02-25 12:12:08,0.00039250,30.00000000
2018-02-25 12:12:09,0.00039290,686.67000000
2018-02-25 12:12:13,0.00039290,193.50000000
2018-02-25 12:12:21,0.00039290,1171.75000000
2018-02-25 12:12:25,0.00039250,8.00000000
2018-02-25 12:12:27,0.00039280,7.62000000
2018-02-25 12:12:27,0.00039280,0.02000000
2018-02-25 12:12:27,0.00039290,0.01000000
2018-02-25 12:12:49,0.00039290,8.80000000
2018-02-25 12:12:49,0.00039300,804.65000000
2018-02-25 12:12:53,0.00039300,306.18000000
2018-02-25 12:12:59,0.00039260,30.00000000
2018-02-25 12:13:02,0.00039250,49.96000000
2018-02-25 12:13:07,0.00039300,30.00000000
2018-02-25 12:13:11,0.00039200,23.87000000
2018-02-25 12:13:13,0.00039200,29.83000000
2018-02-25 12:13:16,0.00039200,25.51000000
2018-02-25 12:13:18,0.00039300,6.11000000
2018-02-25 12:13:22,0.00039200,6.11000000
2018-02-25 12:13:22,0.00039190,367.85000000
2018-02-25 12:13:22,0.00039180,47.52000000
2018-02-25 12:13:22,0.00039200,6.11000000
2018-02-25 12:13:26,0.00039210,136.47000000
2018-02-25 12:13:26,0.00039200,312.23000000
2018-02-25 12:13:30,0.00039190,4.81000000
2018-02-25 12:13:59,0.00039200,100.79000000
2018-02-25 12:14:02,0.00039200,16.00000000
2018-02-25 12:14:03,0.00039280,15.00000000
2018-02-25 12:14:21,0.00039290,20.00000000
2018-02-25 12:14:25,0.00039290,22.03000000
2018-02-25 12:14:42,0.00039290,25.45000000
2018-02-25 12:14:46,0.00039290,4.40000000
2018-02-25 12:14:47,0.00039290,55.50000000
2018-02-25 12:14:50,0.00039290,25.45000000
2018-02-25 12:14:53,0.00039290,166.00000000
2018-02-25 12:15:10,0.00039290,38.86000000
2018-02-25 12:15:10,0.00039290,30.87000000
2018-02-25 12:15:10,0.00039290,88.67000000
2018-02-25 12:15:10,0.00039290,10.00000000
2018-02-25 12:15:10,0.00039290,6.69000000
2018-02-25 12:15:11,0.00039260,6.18000000
2018-02-25 12:15:19,0.00039290,37.00000000
2018-02-25 12:15:19,0.00039300,207.27000000
2018-02-25 12:15:29,0.00039260,31.28000000
2018-02-25 12:15:29,0.00039240,15.00000000
2018-02-25 12:15:29,0.00039230,50.56000000
2018-02-25 12:15:29,0.00039220,20.39000000
2018-02-25 12:15:29,0.00039210,557.50000000
2018-02-25 12:15:49,0.00039290,298.03000000
2018-02-25 12:15:49,0.00039300,1080.88000000
2018-02-25 12:15:56,0.00039300,12.73000000
2018-02-25 12:16:33,0.00039260,150.00000000
2018-02-25 12:16:51,0.00039260,144.90000000
2018-02-25 12:17:02,0.00039260,50.81000000
2018-02-25 12:17:06,0.00039250,34.99000000
2018-02-25 12:17:08,0.00039250,18.35000000
2018-02-25 12:17:10,0.00039250,185.38000000
2018-02-25 12:17:29,0.00039250,11.28000000
2018-02-25 12:17:31,0.00039250,10.02000000
2018-02-25 12:17:36,0.00039210,43.62000000
2018-02-25 12:17:51,0.00039210,1177.64000000
2018-02-25 12:17:56,0.00039220,5.00000000
2018-02-25 12:17:57,0.00039250,142.50000000
2018-02-25 12:18:01,0.00039250,39.48000000
2018-02-25 12:18:07,0.00039290,203.18000000
2018-02-25 12:18:07,0.00039290,87.78000000
2018-02-25 12:18:33,0.00039250,1008.48000000
2018-02-25 12:18:39,0.00039250,370.35000000
2018-02-25 12:19:10,0.00039260,182.17000000
2018-02-25 12:19:43,0.00039260,30.00000000
2018-02-25 12:19:50,0.00039260,48.13000000
2018-02-25 12:19:50,0.00039260,25.45000000
2018-02-25 12:20:08,0.00039260,76.00000000
2018-02-25 12:20:34,0.00039260,1200.00000000
2018-02-25 12:20:38,0.00039260,384.00000000
2018-02-25 12:20:46,0.00039290,6.00000000
2018-02-25 12:20:58,0.00039260,130.49000000
2018-02-25 12:21:14,0.00039290,25.45000000
2018-02-25 12:21:23,0.00039290,666.86000000
2018-02-25 12:21:50,0.00039290,46.25000000
2018-02-25 12:21:50,0.00039300,42.59000000
2018-02-25 12:22:27,0.00039290,50.90000000
2018-02-25 12:22:46,0.00039260,20.00000000
2018-02-25 12:22:46,0.00039220,130.00000000
2018-02-25 12:23:13,0.00039240,20.00000000
2018-02-25 12:23:20,0.00039240,32.07000000
2018-02-25 12:23:20,0.00039240,199.50000000
2018-02-25 12:23:28,0.00039240,8.98000000
2018-02-25 12:23:36,0.00039240,76.23000000
2018-02-25 12:23:36,0.00039230,4.83000000
2018-02-25 12:23:36,0.00039220,68.18000000
2018-02-25 12:23:36,0.00039240,2.78000000
2018-02-25 12:23:36,0.00039240,19.43000000
2018-02-25 12:23:36,0.00039240,16.64000000
2018-02-25 12:23:36,0.00039240,19.49000000
2018-02-25 12:23:36,0.00039240,12.74000000
2018-02-25 12:23:54,0.00039240,74.93000000
2018-02-25 12:23:56,0.00039230,353.35000000
2018-02-25 12:23:56,0.00039230,201.79000000
2018-02-25 12:23:56,0.00039240,555.43000000
2018-02-25 12:24:12,0.00039240,26.39000000
2018-02-25 12:24:15,0.00039240,845.77000000
2018-02-25 12:24:18,0.00039240,136.14000000
2018-02-25 12:24:29,0.00039220,16.57000000
2018-02-25 12:24:30,0.00039240,574.69000000
2018-02-25 12:24:36,0.00039220,813.79000000
2018-02-25 12:24:37,0.00039220,31.44000000
2018-02-25 12:24:39,0.00039220,35.00000000
2018-02-25 12:24:42,0.00039220,1.21000000
2018-02-25 12:24:44,0.00039220,33.00000000
2018-02-25 12:24:47,0.00039220,15.91000000
2018-02-25 12:24:47,0.00039210,212.22000000
2018-02-25 12:25:00,0.00039210,116.62000000
2018-02-25 12:25:13,0.00039210,681.24000000
2018-02-25 12:25:21,0.00039220,15.82000000
2018-02-25 12:25:21,0.00039240,377.40000000
2018-02-25 12:25:29,0.00039210,34.92000000
2018-02-25 12:25:35,0.00039210,191.68000000
2018-02-25 12:25:36,0.00039230,9.00000000
2018-02-25 12:25:36,0.00039240,16.48000000
2018-02-25 12:25:41,0.00039240,8.14000000
2018-02-25 12:25:48,0.00039240,25.84000000
2018-02-25 12:26:05,0.00039240,94.38000000
2018-02-25 12:26:17,0.00039210,33.71000000
2018-02-25 12:26:17,0.00039210,100.19000000
2018-02-25 12:26:21,0.00039210,1244.60000000
2018-02-25 12:26:21,0.00039210,145.04000000
2018-02-25 12:26:29,0.00039210,11.09000000
2018-02-25 12:27:03,0.00039210,39.20000000
2018-02-25 12:27:08,0.00039210,76.29000000
2018-02-25 12:27:28,0.00039240,1061.05000000
2018-02-25 12:27:28,0.00039260,19.98000000
2018-02-25 12:27:28,0.00039280,238.62000000
2018-02-25 12:27:28,0.00039290,497.97000000
2018-02-25 12:27:28,0.00039300,620.66000000
2018-02-25 12:27:28,0.00039310,1487.66000000
2018-02-25 12:27:28,0.00039330,2200.66000000
2018-02-25 12:27:34,0.00039310,12.77000000
2018-02-25 12:27:34,0.00039330,108.95000000
2018-02-25 12:27:34,0.00039340,222.28000000
2018-02-25 12:27:38,0.00039230,3.18000000
2018-02-25 12:27:41,0.00039240,200.00000000
2018-02-25 12:27:43,0.00039240,5.00000000
2018-02-25 12:27:43,0.00039330,12.90000000
2018-02-25 12:27:47,0.00039320,12.77000000
2018-02-25 12:27:47,0.00039330,12.65000000
2018-02-25 12:27:51,0.00039290,12.77000000
2018-02-25 12:27:51,0.00039330,44.19000000
2018-02-25 12:27:51,0.00039330,106.04000000
2018-02-25 12:27:52,0.00039240,0.01000000
2018-02-25 12:27:52,0.00039220,106.03000000
2018-02-25 12:27:52,0.00039220,35.65000000
2018-02-25 12:28:14,0.00039290,88.37000000
2018-02-25 12:28:14,0.00039300,160.69000000
2018-02-25 12:28:29,0.00039240,10.62000000
2018-02-25 12:28:58,0.00039260,22.76000000
2018-02-25 12:28:58,0.00039260,5.50000000
2018-02-25 12:29:25,0.00039260,33.35000000
2018-02-25 12:29:26,0.00039260,7.31000000
2018-02-25 12:29:28,0.00039260,50.00000000
2018-02-25 12:29:31,0.00039260,2.83000000
2018-02-25 12:29:33,0.00039260,815.04000000
2018-02-25 12:29:33,0.00039240,254.73000000
2018-02-25 12:29:33,0.00039230,321.26000000
2018-02-25 12:29:33,0.00039220,103.39000000
2018-02-25 12:29:33,0.00039210,113.23000000
2018-02-25 12:29:34,0.00039210,228.06000000
2018-02-25 12:29:34,0.00039300,228.06000000
2018-02-25 12:29:39,0.00039300,138.52000000
2018-02-25 12:29:47,0.00039300,19.98000000
2018-02-25 12:29:50,0.00039320,25.44000000
2018-02-25 12:30:09,0.00039300,99.32000000
2018-02-25 12:30:09,0.00039260,100.00000000
2018-02-25 12:30:09,0.00039250,6.75000000
2018-02-25 12:30:09,0.00039220,9.87000000
2018-02-25 12:30:18,0.00039260,3.09000000
2018-02-25 12:30:32,0.00039260,134.25000000
2018-02-25 12:30:39,0.00039240,2.56000000
2018-02-25 12:31:04,0.00039330,35.00000000
2018-02-25 12:31:25,0.00039310,24.64000000
2018-02-25 12:31:37,0.00039230,19.00000000
2018-02-25 12:31:44,0.00039300,4.00000000
2018-02-25 12:31:51,0.00039290,4.41000000
2018-02-25 12:31:51,0.00039290,4.41000000
2018-02-25 12:31:52,0.00039290,5.09000000
2018-02-25 12:31:54,0.00039300,225.21000000
2018-02-25 12:32:04,0.00039300,149.03000000
2018-02-25 12:32:10,0.00039300,23.53000000
2018-02-25 12:32:18,0.00039300,502.65000000
2018-02-25 12:32:18,0.00039310,113.84000000
2018-02-25 12:32:18,0.00039320,341.53000000
2018-02-25 12:32:18,0.00039330,551.84000000
2018-02-25 12:32:18,0.00039340,871.05000000
2018-02-25 12:32:18,0.00039350,1920.74000000
2018-02-25 12:32:18,0.00039360,1195.68000000
2018-02-25 12:32:18,0.00039370,4301.75000000
2018-02-25 12:32:18,0.00039370,16.61000000
2018-02-25 12:32:18,0.00039370,243.79000000
2018-02-25 12:32:19,0.00039380,10.14000000
2018-02-25 12:32:19,0.00039380,10.67000000
2018-02-25 12:32:19,0.00039380,72.78000000
2018-02-25 12:32:30,0.00039380,55.00000000
2018-02-25 12:32:36,0.00039380,20.00000000
2018-02-25 12:32:41,0.00039380,52.00000000
2018-02-25 12:32:59,0.00039380,73.24000000
2018-02-25 12:32:59,0.00039370,25.28000000
2018-02-25 12:33:12,0.00039370,135.52000000
2018-02-25 12:33:21,0.00039390,994.91000000
2018-02-25 12:33:21,0.00039420,78.40000000
2018-02-25 12:33:21,0.00039430,212.59000000
2018-02-25 12:33:21,0.00039440,5918.15000000
2018-02-25 12:33:21,0.00039440,76.06000000
2018-02-25 12:33:21,0.00039440,19.17000000
2018-02-25 12:33:30,0.00039440,23.71000000
2018-02-25 12:33:31,0.00039440,31.13000000
2018-02-25 12:33:32,0.00039440,7.00000000
2018-02-25 12:33:33,0.00039440,238.18000000
2018-02-25 12:33:39,0.00039440,31.41000000
2018-02-25 12:33:42,0.00039470,20.00000000
2018-02-25 12:33:42,0.00039480,1201.26000000
2018-02-25 12:33:44,0.00039440,100.38000000
2018-02-25 12:33:56,0.00039440,9.33000000
2018-02-25 12:33:58,0.00039440,9.36000000
2018-02-25 12:34:01,0.00039440,9.36000000
2018-02-25 12:34:07,0.00039440,236.50000000
2018-02-25 12:34:28,0.00039370,5.65000000
2018-02-25 12:34:29,0.00039440,2.54000000
2018-02-25 12:34:30,0.00039440,157.87000000
2018-02-25 12:34:45,0.00039430,3.03000000
2018-02-25 12:34:45,0.00039440,508.97000000
2018-02-25 12:34:59,0.00039430,39.31000000
2018-02-25 12:35:12,0.00039430,6.45000000
2018-02-25 12:35:16,0.00039430,101.42000000
2018-02-25 12:35:18,0.00039430,2.67000000
2018-02-25 12:35:20,0.00039370,2.66000000
2018-02-25 12:35:32,0.00039420,8.03000000
2018-02-25 12:35:34,0.00039370,8.03000000
2018-02-25 12:35:46,0.00039410,2.85000000
2018-02-25 12:35:58,0.00039400,6.66000000
2018-02-25 12:36:31,0.00039370,7.40000000
2018-02-25 12:36:31,0.00039320,110.00000000
2018-02-25 12:36:31,0.00039310,914.45000000
2018-02-25 12:36:35,0.00039380,10.68000000
2018-02-25 12:36:39,0.00039320,10.67000000
2018-02-25 12:36:43,0.00039320,22.01000000
2018-02-25 12:36:55,0.00039350,10.40000000
2018-02-25 12:36:58,0.00039320,10.38000000
2018-02-25 12:37:10,0.00039320,257.74000000
2018-02-25 12:37:10,0.00039320,101.02000000
2018-02-25 12:37:12,0.00039310,218.00000000
2018-02-25 12:37:13,0.00039320,7.61000000
2018-02-25 12:37:16,0.00039320,371.65000000
2018-02-25 12:37:26,0.00039310,3.90000000
2018-02-25 12:37:26,0.00039310,25.43000000
2018-02-25 12:37:41,0.00039310,27.19000000
2018-02-25 12:37:41,0.00039310,20.00000000
2018-02-25 12:37:41,0.00039310,132.87000000
2018-02-25 12:37:56,0.00039310,30.76000000
2018-02-25 12:37:59,0.00039310,5.00000000
2018-02-25 12:37:59,0.00039270,10.13000000
2018-02-25 12:37:59,0.00039210,39.89000000
2018-02-25 12:38:05,0.00039300,4.41000000
2018-02-25 12:38:06,0.00039300,22.94000000
2018-02-25 12:38:22,0.00039250,55.05000000
2018-02-25 12:38:37,0.00039250,5.01000000
2018-02-25 12:38:37,0.00039240,10.00000000
2018-02-25 12:38:37,0.00039220,1205.03000000
2018-02-25 12:38:40,0.00039250,20.00000000
2018-02-25 12:38:40,0.00039250,59.00000000
2018-02-25 12:38:40,0.00039250,123.78000000
2018-02-25 12:38:41,0.00039240,4.41000000
2018-02-25 12:38:42,0.00039240,4.41000000
2018-02-25 12:38:43,0.00039250,88.45000000
2018-02-25 12:38:45,0.00039240,5.29000000
2018-02-25 12:38:46,0.00039220,1.60000000
2018-02-25 12:38:46,0.00039210,433.27000000
2018-02-25 12:38:47,0.00039250,19.00000000
2018-02-25 12:38:49,0.00039250,27.40000000
2018-02-25 12:38:50,0.00039250,97.23000000
2018-02-25 12:38:52,0.00039250,44.84000000
2018-02-25 12:39:02,0.00039290,12.58000000
2018-02-25 12:39:05,0.00039290,113.48000000
2018-02-25 12:39:11,0.00039240,240.00000000
2018-02-25 12:39:11,0.00039230,421.99000000
2018-02-25 12:39:11,0.00039220,277.50000000
2018-02-25 12:39:11,0.00039210,72.06000000
2018-02-25 12:39:11,0.00039200,579.95000000
2018-02-25 12:39:13,0.00039290,240.01000000
2018-02-25 12:39:13,0.00039300,23.62000000
2018-02-25 12:39:14,0.00039300,4.41000000
2018-02-25 12:39:15,0.00039300,4.41000000
2018-02-25 12:39:15,0.00039300,20.00000000
2018-02-25 12:39:16,0.00039300,20.00000000
2018-02-25 12:39:16,0.00039300,26.26000000
2018-02-25 12:39:16,0.00039250,72.76000000
2018-02-25 12:39:16,0.00039220,27.88000000
2018-02-25 12:39:17,0.00039300,173.06000000
2018-02-25 12:39:18,0.00039220,353.37000000
2018-02-25 12:39:21,0.00039300,25.82000000
2018-02-25 12:39:32,0.00039230,100.00000000
2018-02-25 12:39:38,0.00039240,78.42000000
2018-02-25 12:39:50,0.00039250,25.44000000
2018-02-25 12:40:06,0.00039250,43.12000000
2018-02-25 12:40:06,0.00039230,34.01000000
2018-02-25 12:40:19,0.00039230,94.48000000
2018-02-25 12:40:34,0.00039230,215.09000000
2018-02-25 12:40:36,0.00039230,7.00000000
2018-02-25 12:40:37,0.00039230,20.00000000
2018-02-25 12:40:40,0.00039240,6.66000000
2018-02-25 12:40:40,0.00039230,107.28000000
2018-02-25 12:40:47,0.00039230,31.00000000
2018-02-25 12:40:52,0.00039210,3.00000000
2018-02-25 12:40:58,0.00039210,61.12000000
2018-02-25 12:40:58,0.00039200,997.09000000
2018-02-25 12:40:58,0.00039190,316.16000000
2018-02-25 12:40:58,0.00039180,383.29000000
2018-02-25 12:41:19,0.00039190,12.77000000
2018-02-25 12:41:19,0.00039180,56.23000000
2018-02-25 12:41:20,0.00039230,41.57000000
2018-02-25 12:41:21,0.00039220,40.28000000
2018-02-25 12:41:21,0.00039220,30.71000000
2018-02-25 12:41:27,0.00039230,50.92000000
2018-02-25 12:41:27,0.00039230,76.12000000
2018-02-25 12:41:28,0.00039230,6.66000000
2018-02-25 12:41:34,0.00039230,23.00000000
2018-02-25 12:41:47,0.00039220,222.60000000
2018-02-25 12:41:49,0.00039190,46.35000000
2018-02-25 12:41:49,0.00039180,48.65000000
2018-02-25 12:41:51,0.00039220,0.10000000
2018-02-25 12:41:57,0.00039180,142.86000000
2018-02-25 12:42:17,0.00039190,9.95000000
2018-02-25 12:42:21,0.00039190,9.96000000
2018-02-25 12:42:21,0.00039190,281.56000000
2018-02-25 12:42:33,0.00039180,1416.70000000
2018-02-25 12:43:16,0.00039200,12.76000000
2018-02-25 12:43:16,0.00039200,20.00000000
2018-02-25 12:43:17,0.00039200,5.32000000
2018-02-25 12:43:29,0.00039200,5.50000000
2018-02-25 12:43:30,0.00039200,42.00000000
2018-02-25 12:43:37,0.00039190,3.07000000
2018-02-25 12:43:39,0.00039190,471.26000000
2018-02-25 12:43:39,0.00039190,52.07000000
2018-02-25 12:43:41,0.00039190,8.15000000
2018-02-25 12:43:46,0.00039190,12.88000000
2018-02-25 12:43:46,0.00039190,95.24000000
2018-02-25 12:43:46,0.00039180,404.76000000
2018-02-25 12:43:56,0.00039180,32.63000000
2018-02-25 12:43:57,0.00039200,20.00000000
2018-02-25 12:44:00,0.00039200,10.00000000
2018-02-25 12:44:03,0.00039200,20.00000000
2018-02-25 12:44:14,0.00039180,47.12000000
2018-02-25 12:44:20,0.00039200,20.00000000
2018-02-25 12:44:30,0.00039200,20.00000000
2018-02-25 12:44:34,0.00039200,4.41000000
2018-02-25 12:44:35,0.00039200,179.56000000
2018-02-25 12:44:39,0.00039200,25.51000000
2018-02-25 12:44:42,0.00039200,37.67000000
2018-02-25 12:44:45,0.00039200,203.00000000
2018-02-25 12:44:45,0.00039200,146.34000000
2018-02-25 12:44:52,0.00039200,183.99000000
2018-02-25 12:44:53,0.00039200,246.11000000
2018-02-25 12:44:53,0.00039200,111.06000000
2018-02-25 12:44:54,0.00039200,74.70000000
2018-02-25 12:44:55,0.00039200,437.53000000
2018-02-25 12:45:04,0.00039230,37.57000000
2018-02-25 12:45:13,0.00039230,6.91000000
2018-02-25 12:45:15,0.00039200,200.00000000
2018-02-25 12:45:15,0.00039230,6.40000000
2018-02-25 12:45:24,0.00039230,618.57000000
2018-02-25 12:45:29,0.00039270,21.19000000
2018-02-25 12:45:35,0.00039260,38.49000000
2018-02-25 12:45:39,0.00039250,21.19000000
2018-02-25 12:45:39,0.00039230,638.71000000
2018-02-25 12:45:40,0.00039230,332.23000000
2018-02-25 12:45:45,0.00039230,41.06000000
2018-02-25 12:46:00,0.00039230,12.79000000
2018-02-25 12:46:06,0.00039230,14.11000000
2018-02-25 12:46:18,0.00039260,258.00000000
2018-02-25 12:46:20,0.00039230,2.65000000
2018-02-25 12:46:23,0.00039230,7.88000000
2018-02-25 12:46:33,0.00039210,47.00000000
2018-02-25 12:46:35,0.00039200,3.90000000
2018-02-25 12:46:43,0.00039200,200.00000000
2018-02-25 12:46:48,0.00039230,2.65000000
2018-02-25 12:46:48,0.00039260,18.35000000
2018-02-25 12:46:57,0.00039210,125.00000000
2018-02-25 12:47:03,0.00039230,5.00000000
2018-02-25 12:47:05,0.00039230,19.46000000
2018-02-25 12:47:05,0.00039260,71.03000000
2018-02-25 12:47:10,0.00039270,241.28000000
2018-02-25 12:47:10,0.00039280,208.67000000
2018-02-25 12:47:25,0.00039260,7.51000000
2018-02-25 12:47:25,0.00039210,54.33000000
2018-02-25 12:47:51,0.00039270,5.09000000
2018-02-25 12:47:57,0.00039210,209.40000000
2018-02-25 12:47:57,0.00039200,72.00000000
2018-02-25 12:47:57,0.00039190,168.10000000
2018-02-25 12:48:00,0.00039270,135.14000000
2018-02-25 12:48:12,0.00039270,10.00000000
2018-02-25 12:48:16,0.00039260,13.54000000
2018-02-25 12:48:16,0.00039260,13.53000000
2018-02-25 12:48:16,0.00039260,13.54000000
2018-02-25 12:48:16,0.00039260,14.00000000
2018-02-25 12:48:26,0.00039190,35.00000000
2018-02-25 12:48:30,0.00039260,21.63000000
2018-02-25 12:48:32,0.00039260,0.08000000
2018-02-25 12:48:59,0.00039250,4.41000000
2018-02-25 12:49:01,0.00039210,48.63000000
2018-02-25 12:49:04,0.00039250,7.37000000
2018-02-25 12:49:30,0.00039250,21.82000000
2018-02-25 12:49:31,0.00039250,85.37000000
2018-02-25 12:49:37,0.00039240,25.00000000
2018-02-25 12:49:45,0.00039250,13.50000000
2018-02-25 12:49:47,0.00039250,279.43000000
2018-02-25 12:49:48,0.00039260,195.00000000
2018-02-25 12:49:55,0.00039250,21.80000000
2018-02-25 12:49:55,0.00039270,101.00000000
2018-02-25 12:49:58,0.00039230,12.75000000
2018-02-25 12:49:58,0.00039220,3.22000000
2018-02-25 12:50:11,0.00039230,6.45000000
2018-02-25 12:50:27,0.00039270,20.21000000
2018-02-25 12:50:31,0.00039260,13.51000000
2018-02-25 12:50:48,0.00039240,31.00000000
2018-02-25 12:51:09,0.00039240,30.48000000
2018-02-25 12:51:09,0.00039240,99.04000000
2018-02-25 12:51:10,0.00039240,245.34000000
2018-02-25 12:51:16,0.00039240,32.05000000
2018-02-25 12:51:17,0.00039240,26.52000000
2018-02-25 12:51:18,0.00039230,19.20000000
2018-02-25 12:51:24,0.00039240,12.75000000
2018-02-25 12:51:25,0.00039230,9.15000000
2018-02-25 12:51:36,0.00039230,87.01000000
2018-02-25 12:51:42,0.00039230,220.78000000
2018-02-25 12:51:49,0.00039220,82.06000000
2018-02-25 12:52:11,0.00039200,100.00000000
2018-02-25 12:52:22,0.00039220,38.87000000
2018-02-25 12:52:22,0.00039230,8.42000000
2018-02-25 12:52:22,0.00039230,151.75000000
2018-02-25 12:52:29,0.00039200,6.33000000
2018-02-25 12:52:41,0.00039210,10.28000000
2018-02-25 12:52:47,0.00039210,2.48000000
2018-02-25 12:52:51,0.00039210,12.76000000
2018-02-25 12:53:01,0.00039210,28.02000000
2018-02-25 12:53:01,0.00039220,28.02000000
2018-02-25 12:53:01,0.00039220,28.02000000
2018-02-25 12:53:02,0.00039220,20.00000000
2018-02-25 12:53:02,0.00039220,31.51000000
2018-02-25 12:53:03,0.00039220,6.41000000
2018-02-25 12:53:04,0.00039220,6.65000000
2018-02-25 12:53:11,0.00039200,28.50000000
2018-02-25 12:53:12,0.00039220,109.39000000
2018-02-25 12:53:33,0.00039200,73.44000000
2018-02-25 12:53:44,0.00039230,116.32000000
2018-02-25 12:53:57,0.00039230,4.00000000
2018-02-25 12:54:00,0.00039200,1093.97000000
2018-02-25 12:54:05,0.00039200,213.90000000
2018-02-25 12:54:15,0.00039200,0.01000000
2018-02-25 12:54:15,0.00039230,39.29000000
2018-02-25 12:54:42,0.00039200,1134.93000000
2018-02-25 12:54:42,0.00039200,100.90000000
2018-02-25 12:55:11,0.00039220,38.27000000
2018-02-25 12:55:26,0.00039220,57.64000000
2018-02-25 12:55:39,0.00039230,12.85000000
2018-02-25 12:55:39,0.00039210,10.44000000
2018-02-25 12:56:04,0.00039230,3.08000000
2018-02-25 12:56:09,0.00039210,250.00000000
2018-02-25 12:56:14,0.00039210,23.29000000
2018-02-25 12:56:50,0.00039210,425.10000000
2018-02-25 12:57:13,0.00039210,882.09000000
2018-02-25 12:57:13,0.00039210,4.41000000
2018-02-25 12:57:13,0.00039210,117.50000000
2018-02-25 12:57:31,0.00039210,5.00000000
2018-02-25 12:57:35,0.00039210,14.98000000
2018-02-25 12:57:38,0.00039230,37.00000000
2018-02-25 12:57:40,0.00039200,3.00000000
2018-02-25 12:57:49,0.00039210,2.71000000
2018-02-25 12:57:52,0.00039210,6.69000000
2018-02-25 12:57:59,0.00039210,68.34000000
2018-02-25 12:58:37,0.00039200,151.22000000
2018-02-25 12:59:16,0.00039200,24.99000000
2018-02-25 12:59:24,0.00039210,161.50000000
2018-02-25 12:59:51,0.00039210,14.87000000
2018-02-25 12:59:51,0.00039210,16.16000000
