DATE,PRICE,VOLUME
2018-02-26 06:00:01,0.00042650,11.73000000
2018-02-26 06:00:01,0.00042640,395.88000000
2018-02-26 06:00:06,0.00042640,534.75000000
2018-02-26 06:00:07,0.00042640,100.00000000
2018-02-26 06:00:09,0.00042640,39.86000000
2018-02-26 06:00:15,0.00042630,325.96000000
2018-02-26 06:00:15,0.00042620,4035.15000000
2018-02-26 06:00:16,0.00042610,795.33000000
2018-02-26 06:00:16,0.00042610,250.26000000
2018-02-26 06:00:17,0.00042610,729.14000000
2018-02-26 06:00:17,0.00042610,20.95000000
2018-02-26 06:00:17,0.00042620,13.25000000
2018-02-26 06:00:17,0.00042610,869.28000000
2018-02-26 06:00:17,0.00042600,150.94000000
2018-02-26 06:00:17,0.00042600,7.50000000
2018-02-26 06:00:20,0.00042590,3.52000000
2018-02-26 06:00:20,0.00042590,25.89000000
2018-02-26 06:00:21,0.00042590,118.28000000
2018-02-26 06:00:22,0.00042590,118.28000000
2018-02-26 06:00:23,0.00042570,7.98000000
2018-02-26 06:00:24,0.00042570,5.83000000
2018-02-26 06:00:25,0.00042510,7.20000000
2018-02-26 06:00:25,0.00042500,25.00000000
2018-02-26 06:00:25,0.00042480,181.24000000
2018-02-26 06:00:25,0.00042460,468.23000000
2018-02-26 06:00:25,0.00042450,253.22000000
2018-02-26 06:00:30,0.00042450,1557.62000000
2018-02-26 06:00:30,0.00042450,189.16000000
2018-02-26 06:00:31,0.00042450,20.00000000
2018-02-26 06:00:31,0.00042450,33.13000000
2018-02-26 06:00:31,0.00042450,23.55000000
2018-02-26 06:00:31,0.00042450,23.49000000
2018-02-26 06:00:31,0.00042450,33.13000000
2018-02-26 06:00:31,0.00042450,9.58000000
2018-02-26 06:00:31,0.00042450,33.13000000
2018-02-26 06:00:31,0.00042450,27.61000000
2018-02-26 06:00:31,0.00042450,23.55000000
2018-02-26 06:00:31,0.00042450,108.02000000
2018-02-26 06:00:31,0.00042450,23.50000000
2018-02-26 06:00:31,0.00042450,23.51000000
2018-02-26 06:00:31,0.00042450,323.85000000
2018-02-26 06:00:31,0.00042450,135.05000000
2018-02-26 06:00:31,0.00042450,23.50000000
2018-02-26 06:00:31,0.00042450,21.14000000
2018-02-26 06:00:31,0.00042450,20.00000000
2018-02-26 06:00:31,0.00042450,3.53000000
2018-02-26 06:00:32,0.00042450,11.02000000
2018-02-26 06:00:33,0.00042440,3.53000000
2018-02-26 06:00:33,0.00042400,61.46000000
2018-02-26 06:00:37,0.00042400,149.56000000
2018-02-26 06:00:37,0.00042400,26.68000000
2018-02-26 06:00:38,0.00042440,3.16000000
2018-02-26 06:00:39,0.00042400,1479.35000000
2018-02-26 06:00:40,0.00042400,263.48000000
2018-02-26 06:00:41,0.00042440,20.99000000
2018-02-26 06:00:43,0.00042400,6.50000000
2018-02-26 06:00:44,0.00042400,12.97000000
2018-02-26 06:00:44,0.00042390,61.39000000
2018-02-26 06:00:46,0.00042400,8.91000000
2018-02-26 06:00:49,0.00042400,59.77000000
2018-02-26 06:00:50,0.00042400,287.92000000
2018-02-26 06:00:51,0.00042390,26.97000000
2018-02-26 06:00:52,0.00042390,10.00000000
2018-02-26 06:00:53,0.00042390,50.09000000
2018-02-26 06:00:55,0.00042440,5.18000000
2018-02-26 06:00:56,0.00042390,326.29000000
2018-02-26 06:00:57,0.00042390,2.00000000
2018-02-26 06:01:00,0.00042400,6.00000000
2018-02-26 06:01:01,0.00042400,248.64000000
2018-02-26 06:01:01,0.00042390,151.36000000
2018-02-26 06:01:04,0.00042390,40.72000000
2018-02-26 06:01:05,0.00042390,372.29000000
2018-02-26 06:01:06,0.00042390,17.24000000
2018-02-26 06:01:06,0.00042390,30.48000000
2018-02-26 06:01:13,0.00042380,2.40000000
2018-02-26 06:01:14,0.00042380,211.71000000
2018-02-26 06:01:17,0.00042380,74.76000000
2018-02-26 06:01:18,0.00042380,107.10000000
2018-02-26 06:01:18,0.00042380,11.61000000
2018-02-26 06:01:21,0.00042380,5.25000000
2018-02-26 06:01:21,0.00042370,16.36000000
2018-02-26 06:01:30,0.00042370,16.44000000
2018-02-26 06:01:34,0.00042370,33.05000000
2018-02-26 06:01:36,0.00042390,224.49000000
2018-02-26 06:01:36,0.00042390,172.24000000
2018-02-26 06:01:36,0.00042390,85.99000000
2018-02-26 06:01:44,0.00042360,94.41000000
2018-02-26 06:01:44,0.00042350,74.77000000
2018-02-26 06:01:44,0.00042340,221.83000000
2018-02-26 06:01:44,0.00042330,42.44000000
2018-02-26 06:01:44,0.00042310,21.10000000
2018-02-26 06:01:44,0.00042300,533.87000000
2018-02-26 06:01:50,0.00042370,44.23000000
2018-02-26 06:01:57,0.00042380,11.81000000
2018-02-26 06:01:57,0.00042390,221.15000000
2018-02-26 06:02:04,0.00042400,35.85000000
2018-02-26 06:02:04,0.00042400,81.18000000
2018-02-26 06:02:07,0.00042400,3.53000000
2018-02-26 06:02:08,0.00042400,14.65000000
2018-02-26 06:02:08,0.00042390,474.63000000
2018-02-26 06:02:17,0.00042400,268.95000000
2018-02-26 06:02:18,0.00042390,49.31000000
2018-02-26 06:02:18,0.00042390,275.09000000
2018-02-26 06:02:22,0.00042350,2.37000000
2018-02-26 06:02:24,0.00042350,41.64000000
2018-02-26 06:02:27,0.00042390,37.48000000
2018-02-26 06:02:28,0.00042390,2441.98000000
2018-02-26 06:02:33,0.00042400,89.31000000
2018-02-26 06:02:33,0.00042390,505.59000000
2018-02-26 06:02:35,0.00042400,3.01000000
2018-02-26 06:02:36,0.00042400,4.43000000
2018-02-26 06:02:52,0.00042440,50.27000000
2018-02-26 06:02:52,0.00042450,24.31000000
2018-02-26 06:02:55,0.00042450,24.75000000
2018-02-26 06:02:56,0.00042410,497.80000000
2018-02-26 06:03:00,0.00042410,101.71000000
2018-02-26 06:03:00,0.00042400,56.74000000
2018-02-26 06:03:00,0.00042390,1526.03000000
2018-02-26 06:03:05,0.00042450,9.36000000
2018-02-26 06:03:05,0.00042470,24.19000000
2018-02-26 06:03:06,0.00042400,409.64000000
2018-02-26 06:03:06,0.00042390,1217.04000000
2018-02-26 06:03:09,0.00042450,94.71000000
2018-02-26 06:03:11,0.00042450,31.40000000
2018-02-26 06:03:16,0.00042450,13.96000000
2018-02-26 06:03:17,0.00042450,205.27000000
2018-02-26 06:03:17,0.00042450,140.50000000
2018-02-26 06:03:17,0.00042450,133.96000000
2018-02-26 06:03:17,0.00042450,232.03000000
2018-02-26 06:03:19,0.00042400,30.00000000
2018-02-26 06:03:26,0.00042400,15.91000000
2018-02-26 06:03:26,0.00042390,7.98000000
2018-02-26 06:03:29,0.00042490,14.13000000
2018-02-26 06:03:29,0.00042500,353.86000000
2018-02-26 06:03:37,0.00042400,47.27000000
2018-02-26 06:03:38,0.00042450,12.31000000
2018-02-26 06:03:39,0.00042400,125.40000000
2018-02-26 06:03:39,0.00042390,58.80000000
2018-02-26 06:03:43,0.00042490,1.09000000
2018-02-26 06:03:46,0.00042490,13.04000000
2018-02-26 06:03:46,0.00042500,360.05000000
2018-02-26 06:03:52,0.00042450,4.16000000
2018-02-26 06:03:55,0.00042450,16.93000000
2018-02-26 06:03:56,0.00042450,10.00000000
2018-02-26 06:03:56,0.00042450,10.41000000
2018-02-26 06:03:56,0.00042490,14.13000000
2018-02-26 06:03:56,0.00042500,423.28000000
2018-02-26 06:03:56,0.00042510,48.48000000
2018-02-26 06:03:56,0.00042550,181.24000000
2018-02-26 06:03:56,0.00042570,114.91000000
2018-02-26 06:03:56,0.00042580,122.96000000
2018-02-26 06:03:56,0.00042450,20.48000000
2018-02-26 06:03:57,0.00042460,15.00000000
2018-02-26 06:03:58,0.00042460,4.16000000
2018-02-26 06:03:59,0.00042470,25.25000000
2018-02-26 06:04:00,0.00042460,75.09000000
2018-02-26 06:04:01,0.00042460,4.16000000
2018-02-26 06:04:02,0.00042460,32.89000000
2018-02-26 06:04:03,0.00042460,5.20000000
2018-02-26 06:04:05,0.00042460,116.20000000
2018-02-26 06:04:06,0.00042450,18.32000000
2018-02-26 06:04:06,0.00042550,24.20000000
2018-02-26 06:04:07,0.00042450,4.16000000
2018-02-26 06:04:08,0.00042450,190.53000000
2018-02-26 06:04:09,0.00042460,16.23000000
2018-02-26 06:04:10,0.00042460,18.65000000
2018-02-26 06:04:10,0.00042450,405.45000000
2018-02-26 06:04:11,0.00042450,75.00000000
2018-02-26 06:04:12,0.00042450,8.02000000
2018-02-26 06:04:18,0.00042440,5.29000000
2018-02-26 06:04:19,0.00042440,10.76000000
2018-02-26 06:04:20,0.00042440,5.29000000
2018-02-26 06:04:23,0.00042390,49.95000000
2018-02-26 06:04:28,0.00042440,362.02000000
2018-02-26 06:04:32,0.00042400,60.07000000
2018-02-26 06:04:36,0.00042400,18.26000000
2018-02-26 06:04:36,0.00042390,61.59000000
2018-02-26 06:04:36,0.00042400,61.31000000
2018-02-26 06:04:42,0.00042400,18.26000000
2018-02-26 06:04:43,0.00042400,4.45000000
2018-02-26 06:04:44,0.00042400,5.35000000
2018-02-26 06:04:44,0.00042400,125.95000000
2018-02-26 06:04:45,0.00042400,38.96000000
2018-02-26 06:04:45,0.00042400,271.30000000
2018-02-26 06:04:50,0.00042390,710.82000000
2018-02-26 06:04:51,0.00042400,34.45000000
2018-02-26 06:05:02,0.00042400,196.39000000
2018-02-26 06:05:04,0.00042350,21.44000000
2018-02-26 06:05:04,0.00042330,44.30000000
2018-02-26 06:05:06,0.00042400,32.02000000
2018-02-26 06:05:16,0.00042400,552.89000000
2018-02-26 06:05:17,0.00042330,26.70000000
2018-02-26 06:05:18,0.00042390,227.63000000
2018-02-26 06:05:18,0.00042400,354.34000000
2018-02-26 06:05:19,0.00042400,13.41000000
2018-02-26 06:05:19,0.00042330,106.14000000
2018-02-26 06:05:19,0.00042320,502.37000000
2018-02-26 06:05:19,0.00042300,1000.00000000
2018-02-26 06:05:19,0.00042290,181.05000000
2018-02-26 06:05:19,0.00042280,647.18000000
2018-02-26 06:05:19,0.00042270,508.07000000
2018-02-26 06:05:21,0.00042390,29.13000000
2018-02-26 06:05:21,0.00042400,768.38000000
2018-02-26 06:05:27,0.00042380,4.08000000
2018-02-26 06:05:29,0.00042340,15.00000000
2018-02-26 06:05:32,0.00042390,23.59000000
2018-02-26 06:05:34,0.00042330,289.53000000
2018-02-26 06:05:35,0.00042330,160.04000000
2018-02-26 06:05:36,0.00042330,23.59000000
2018-02-26 06:05:40,0.00042270,397.27000000
2018-02-26 06:05:40,0.00042260,5384.61000000
2018-02-26 06:05:41,0.00042280,11.83000000
2018-02-26 06:05:41,0.00042260,6202.84000000
2018-02-26 06:05:41,0.00042240,8.67000000
2018-02-26 06:05:41,0.00042260,13.00000000
2018-02-26 06:05:41,0.00042260,41.06000000
2018-02-26 06:05:42,0.00042220,191.19000000
2018-02-26 06:05:43,0.00042250,137.66000000
2018-02-26 06:05:43,0.00042250,72.65000000
2018-02-26 06:05:44,0.00042250,10.03000000
2018-02-26 06:05:45,0.00042210,18.95000000
2018-02-26 06:05:45,0.00042190,777.77000000
2018-02-26 06:05:45,0.00042190,333.21000000
2018-02-26 06:05:45,0.00042250,3.55000000
2018-02-26 06:05:46,0.00042220,11.85000000
2018-02-26 06:05:46,0.00042190,1476.54000000
2018-02-26 06:05:48,0.00042250,446.31000000
2018-02-26 06:05:48,0.00042260,5587.83000000
2018-02-26 06:05:48,0.00042300,412.03000000
2018-02-26 06:05:48,0.00042340,182.66000000
2018-02-26 06:05:48,0.00042390,693.11000000
2018-02-26 06:05:50,0.00042200,27.34000000
2018-02-26 06:05:56,0.00042230,26.29000000
2018-02-26 06:05:56,0.00042220,221.15000000
2018-02-26 06:05:56,0.00042210,149.00000000
2018-02-26 06:05:56,0.00042200,12.79000000
2018-02-26 06:05:58,0.00042200,40.00000000
2018-02-26 06:05:59,0.00042200,40.63000000
2018-02-26 06:05:59,0.00042190,16.40000000
2018-02-26 06:05:59,0.00042180,343.31000000
2018-02-26 06:06:01,0.00042240,3.55000000
2018-02-26 06:06:02,0.00042240,23.78000000
2018-02-26 06:06:04,0.00042240,0.01000000
2018-02-26 06:06:08,0.00042240,3.60000000
2018-02-26 06:06:09,0.00042250,85.41000000
2018-02-26 06:06:13,0.00042250,7.87000000
2018-02-26 06:06:14,0.00042250,277.90000000
2018-02-26 06:06:15,0.00042250,10.48000000
2018-02-26 06:06:20,0.00042240,6.45000000
2018-02-26 06:06:20,0.00042230,2.88000000
2018-02-26 06:06:20,0.00042210,65.67000000
2018-02-26 06:06:32,0.00042250,23.66000000
2018-02-26 06:06:33,0.00042210,61.16000000
2018-02-26 06:06:34,0.00042250,41.13000000
2018-02-26 06:06:36,0.00042210,94.32000000
2018-02-26 06:06:38,0.00042210,105.68000000
2018-02-26 06:06:39,0.00042220,4.16000000
2018-02-26 06:06:40,0.00042220,212.96000000
2018-02-26 06:06:40,0.00042220,2.47000000
2018-02-26 06:06:41,0.00042220,4.16000000
2018-02-26 06:06:41,0.00042220,6.07000000
2018-02-26 06:06:41,0.00042220,74.98000000
2018-02-26 06:06:43,0.00042210,1047.30000000
2018-02-26 06:06:45,0.00042210,14.04000000
2018-02-26 06:06:47,0.00042220,106.17000000
2018-02-26 06:06:48,0.00042210,44.59000000
2018-02-26 06:06:51,0.00042210,290.86000000
2018-02-26 06:06:51,0.00042250,55.16000000
2018-02-26 06:06:54,0.00042250,14.13000000
2018-02-26 06:06:54,0.00042260,45.03000000
2018-02-26 06:06:56,0.00042210,33.03000000
2018-02-26 06:06:57,0.00042210,4.58000000
2018-02-26 06:07:00,0.00042210,19.00000000
2018-02-26 06:07:00,0.00042210,68.62000000
2018-02-26 06:07:01,0.00042210,4.09000000
2018-02-26 06:07:01,0.00042230,10.04000000
2018-02-26 06:07:02,0.00042200,27.33000000
2018-02-26 06:07:02,0.00042170,54.17000000
2018-02-26 06:07:02,0.00042160,77.33000000
2018-02-26 06:07:03,0.00042230,16.25000000
2018-02-26 06:07:03,0.00042240,268.35000000
2018-02-26 06:07:03,0.00042250,23.69000000
2018-02-26 06:07:03,0.00042260,6.78000000
2018-02-26 06:07:03,0.00042300,364.12000000
2018-02-26 06:07:03,0.00042160,110.82000000
2018-02-26 06:07:03,0.00042140,12.44000000
2018-02-26 06:07:03,0.00042130,240.86000000
2018-02-26 06:07:05,0.00042290,65.86000000
2018-02-26 06:07:06,0.00042140,88.73000000
2018-02-26 06:07:06,0.00042130,65.24000000
2018-02-26 06:07:06,0.00042120,426.30000000
2018-02-26 06:07:13,0.00042130,500.00000000
2018-02-26 06:07:14,0.00042140,2.77000000
2018-02-26 06:07:15,0.00042140,380.53000000
2018-02-26 06:07:17,0.00042140,2.38000000
2018-02-26 06:07:27,0.00042150,559.72000000
2018-02-26 06:07:27,0.00042150,117.01000000
2018-02-26 06:07:27,0.00042140,15.00000000
2018-02-26 06:07:29,0.00042140,26.35000000
2018-02-26 06:07:32,0.00042150,125.50000000
2018-02-26 06:07:35,0.00042150,15.00000000
2018-02-26 06:07:35,0.00042140,976.95000000
2018-02-26 06:07:35,0.00042140,12.21000000
2018-02-26 06:07:37,0.00042140,59.26000000
2018-02-26 06:07:38,0.00042140,400.00000000
2018-02-26 06:07:40,0.00042140,0.34000000
2018-02-26 06:07:41,0.00042140,254.40000000
2018-02-26 06:07:41,0.00042140,306.28000000
2018-02-26 06:07:41,0.00042140,78.28000000
2018-02-26 06:07:44,0.00042190,31.52000000
2018-02-26 06:07:49,0.00042190,11.85000000
2018-02-26 06:07:50,0.00042190,123.14000000
2018-02-26 06:07:59,0.00042200,451.18000000
2018-02-26 06:08:04,0.00042200,148.82000000
2018-02-26 06:08:06,0.00042200,4.61000000
2018-02-26 06:08:06,0.00042200,21.78000000
2018-02-26 06:08:07,0.00042200,49.21000000
2018-02-26 06:08:08,0.00042200,78.50000000
2018-02-26 06:08:10,0.00042200,103.90000000
2018-02-26 06:08:12,0.00042210,4.89000000
2018-02-26 06:08:14,0.00042200,37.50000000
2018-02-26 06:08:18,0.00042200,47.30000000
2018-02-26 06:08:19,0.00042190,136.96000000
2018-02-26 06:08:24,0.00042190,1500.42000000
2018-02-26 06:08:27,0.00042190,50.00000000
2018-02-26 06:08:32,0.00042190,99.72000000
2018-02-26 06:08:40,0.00042190,61.19000000
2018-02-26 06:08:41,0.00042190,74.75000000
2018-02-26 06:08:42,0.00042190,35.64000000
2018-02-26 06:08:44,0.00042190,4.50000000
2018-02-26 06:08:44,0.00042200,16.62000000
2018-02-26 06:08:44,0.00042210,2.50000000
2018-02-26 06:08:44,0.00042220,152.04000000
2018-02-26 06:08:49,0.00042190,6.49000000
2018-02-26 06:08:49,0.00042190,16.37000000
2018-02-26 06:08:49,0.00042190,0.01000000
2018-02-26 06:08:52,0.00042190,3.02000000
2018-02-26 06:08:55,0.00042160,20.33000000
2018-02-26 06:08:58,0.00042190,384.00000000
2018-02-26 06:08:59,0.00042190,1.05000000
2018-02-26 06:09:00,0.00042190,0.47000000
2018-02-26 06:09:01,0.00042170,25.00000000
2018-02-26 06:09:02,0.00042170,7.82000000
2018-02-26 06:09:07,0.00042170,4.37000000
2018-02-26 06:09:07,0.00042170,88.73000000
2018-02-26 06:09:07,0.00042160,1889.37000000
2018-02-26 06:09:07,0.00042150,219.35000000
2018-02-26 06:09:07,0.00042150,66.73000000
2018-02-26 06:09:07,0.00042180,35.53000000
2018-02-26 06:09:07,0.00042190,35.74000000
2018-02-26 06:09:08,0.00042190,19.48000000
2018-02-26 06:09:08,0.00042220,75.47000000
2018-02-26 06:09:12,0.00042140,51.05000000
2018-02-26 06:09:15,0.00042210,4.95000000
2018-02-26 06:09:17,0.00042210,14.13000000
2018-02-26 06:09:17,0.00042210,33.65000000
2018-02-26 06:09:18,0.00042150,863.91000000
2018-02-26 06:09:22,0.00042150,3.14000000
2018-02-26 06:09:22,0.00042150,4.19000000
2018-02-26 06:09:24,0.00042150,12.58000000
2018-02-26 06:09:26,0.00042150,3.14000000
2018-02-26 06:09:26,0.00042180,14.13000000
2018-02-26 06:09:26,0.00042190,80.73000000
2018-02-26 06:09:26,0.00042150,7.54000000
2018-02-26 06:09:27,0.00042160,91.70000000
2018-02-26 06:09:29,0.00042160,3.14000000
2018-02-26 06:09:31,0.00042160,18.25000000
2018-02-26 06:09:31,0.00042160,9.98000000
2018-02-26 06:09:33,0.00042160,3.14000000
2018-02-26 06:09:33,0.00042160,4.19000000
2018-02-26 06:09:34,0.00042160,213.21000000
2018-02-26 06:09:34,0.00042150,624.34000000
2018-02-26 06:09:35,0.00042150,879.32000000
2018-02-26 06:09:36,0.00042150,143.53000000
2018-02-26 06:09:36,0.00042150,3.14000000
2018-02-26 06:09:37,0.00042150,206.50000000
2018-02-26 06:09:37,0.00042150,8.05000000
2018-02-26 06:09:37,0.00042180,14.13000000
2018-02-26 06:09:37,0.00042200,33.65000000
2018-02-26 06:09:37,0.00042200,23.69000000
2018-02-26 06:09:37,0.00042200,206.51000000
2018-02-26 06:09:37,0.00042200,206.51000000
2018-02-26 06:09:37,0.00042200,502.43000000
2018-02-26 06:09:41,0.00042210,4.42000000
2018-02-26 06:09:43,0.00042200,436.25000000
2018-02-26 06:09:43,0.00042210,345.58000000
2018-02-26 06:09:43,0.00042220,306.57000000
2018-02-26 06:09:43,0.00042220,35.60000000
2018-02-26 06:09:44,0.00042220,111.71000000
2018-02-26 06:09:44,0.00042220,10.66000000
2018-02-26 06:09:44,0.00042220,4.37000000
2018-02-26 06:09:44,0.00042220,6.49000000
2018-02-26 06:09:44,0.00042220,4.37000000
2018-02-26 06:09:45,0.00042220,32.07000000
2018-02-26 06:09:54,0.00042220,24.71000000
2018-02-26 06:09:54,0.00042220,55.38000000
2018-02-26 06:09:56,0.00042220,114.16000000
2018-02-26 06:10:06,0.00042190,0.59000000
2018-02-26 06:10:07,0.00042220,4.23000000
2018-02-26 06:10:08,0.00042220,1156.32000000
2018-02-26 06:10:09,0.00042220,320.30000000
2018-02-26 06:10:09,0.00042220,278.86000000
2018-02-26 06:10:10,0.00042220,150.62000000
2018-02-26 06:10:10,0.00042220,62.85000000
2018-02-26 06:10:12,0.00042220,3.14000000
2018-02-26 06:10:12,0.00042220,26.42000000
2018-02-26 06:10:12,0.00042260,14.13000000
2018-02-26 06:10:12,0.00042270,4.78000000
2018-02-26 06:10:13,0.00042270,395.00000000
2018-02-26 06:10:13,0.00042270,389.49000000
2018-02-26 06:10:13,0.00042220,5.51000000
2018-02-26 06:10:28,0.00042280,6.96000000
2018-02-26 06:10:31,0.00042290,4.26000000
2018-02-26 06:10:33,0.00042290,20.74000000
2018-02-26 06:10:33,0.00042300,814.68000000
2018-02-26 06:10:36,0.00042290,209.68000000
2018-02-26 06:10:36,0.00042300,250.30000000
2018-02-26 06:10:37,0.00042300,141.71000000
2018-02-26 06:10:37,0.00042300,204.00000000
2018-02-26 06:10:40,0.00042350,47.02000000
2018-02-26 06:10:41,0.00042350,29.84000000
2018-02-26 06:10:42,0.00042350,19.09000000
2018-02-26 06:10:42,0.00042350,20.00000000
2018-02-26 06:10:46,0.00042350,72.75000000
2018-02-26 06:10:48,0.00042360,11.81000000
2018-02-26 06:10:51,0.00042390,47.38000000
2018-02-26 06:10:51,0.00042400,22.18000000
2018-02-26 06:10:53,0.00042350,44.59000000
2018-02-26 06:10:53,0.00042350,2.39000000
2018-02-26 06:10:55,0.00042390,12.40000000
2018-02-26 06:10:55,0.00042400,7.66000000
2018-02-26 06:10:55,0.00042440,51.12000000
2018-02-26 06:10:55,0.00042450,81.18000000
2018-02-26 06:10:57,0.00042400,23.57000000
2018-02-26 06:10:57,0.00042400,208.45000000
2018-02-26 06:10:57,0.00042310,23.57000000
2018-02-26 06:10:57,0.00042400,151.68000000
2018-02-26 06:11:00,0.00042390,3.60000000
2018-02-26 06:11:01,0.00042350,68.83000000
2018-02-26 06:11:01,0.00042300,37.04000000
2018-02-26 06:11:01,0.00042300,208.00000000
2018-02-26 06:11:03,0.00042360,222.83000000
2018-02-26 06:11:03,0.00042320,72.98000000
2018-02-26 06:11:03,0.00042300,3.80000000
2018-02-26 06:11:05,0.00042350,15.73000000
2018-02-26 06:11:05,0.00042300,34.11000000
2018-02-26 06:11:05,0.00042300,3.44000000
2018-02-26 06:11:05,0.00042300,259.90000000
2018-02-26 06:11:07,0.00042380,5.39000000
2018-02-26 06:11:07,0.00042400,122.81000000
2018-02-26 06:11:07,0.00042400,12.97000000
2018-02-26 06:11:07,0.00042400,10.34000000
2018-02-26 06:11:07,0.00042400,14.58000000
2018-02-26 06:11:08,0.00042400,10.41000000
2018-02-26 06:11:09,0.00042450,92.52000000
2018-02-26 06:11:09,0.00042470,64.00000000
2018-02-26 06:11:09,0.00042490,118.62000000
2018-02-26 06:11:09,0.00042500,657.71000000
2018-02-26 06:11:10,0.00042400,4.89000000
2018-02-26 06:11:10,0.00042490,185.45000000
2018-02-26 06:11:10,0.00042500,1014.55000000
2018-02-26 06:11:11,0.00042500,32.25000000
2018-02-26 06:11:13,0.00042490,10.10000000
2018-02-26 06:11:13,0.00042490,10.10000000
2018-02-26 06:11:13,0.00042490,0.95000000
2018-02-26 06:11:13,0.00042400,21.15000000
2018-02-26 06:11:13,0.00042490,19.24000000
2018-02-26 06:11:13,0.00042500,414.97000000
2018-02-26 06:11:13,0.00042500,59.87000000
2018-02-26 06:11:14,0.00042500,46.21000000
2018-02-26 06:11:14,0.00042500,24.57000000
2018-02-26 06:11:14,0.00042500,61.84000000
2018-02-26 06:11:14,0.00042500,10.42000000
2018-02-26 06:11:16,0.00042500,19.80000000
2018-02-26 06:11:17,0.00042500,0.01000000
2018-02-26 06:11:17,0.00042400,0.59000000
2018-02-26 06:11:18,0.00042540,65.45000000
2018-02-26 06:11:18,0.00042540,20.87000000
2018-02-26 06:11:18,0.00042540,4.16000000
2018-02-26 06:11:18,0.00042540,6.23000000
2018-02-26 06:11:22,0.00042410,26.42000000
2018-02-26 06:11:25,0.00042530,14.13000000
2018-02-26 06:11:25,0.00042540,26.42000000
2018-02-26 06:11:25,0.00042550,147.13000000
2018-02-26 06:11:27,0.00042540,24.69000000
2018-02-26 06:11:27,0.00042540,300.00000000
2018-02-26 06:11:27,0.00042540,2175.31000000
2018-02-26 06:11:27,0.00042420,300.00000000
2018-02-26 06:11:28,0.00042530,5.00000000
2018-02-26 06:11:28,0.00042550,1735.44000000
2018-02-26 06:11:28,0.00042550,6.90000000
2018-02-26 06:11:28,0.00042550,10.27000000
2018-02-26 06:11:29,0.00042550,2.60000000
2018-02-26 06:11:30,0.00042550,3.42000000
2018-02-26 06:11:35,0.00042550,26.36000000
2018-02-26 06:11:36,0.00042580,423.82000000
2018-02-26 06:11:36,0.00042580,121.72000000
2018-02-26 06:11:36,0.00042590,181.42000000
2018-02-26 06:11:37,0.00042590,6.35000000
2018-02-26 06:11:38,0.00042580,38.19000000
2018-02-26 06:11:38,0.00042580,3.42000000
2018-02-26 06:11:40,0.00042590,7.52000000
2018-02-26 06:11:40,0.00042600,16.71000000
2018-02-26 06:11:41,0.00042590,8.05000000
2018-02-26 06:11:42,0.00042590,0.01000000
2018-02-26 06:11:43,0.00042590,44.97000000
2018-02-26 06:11:43,0.00042590,20.00000000
2018-02-26 06:11:43,0.00042600,41.23000000
2018-02-26 06:11:43,0.00042640,60.77000000
2018-02-26 06:11:43,0.00042590,192.90000000
2018-02-26 06:11:43,0.00042580,318.93000000
2018-02-26 06:11:44,0.00042640,89.36000000
2018-02-26 06:11:49,0.00042640,0.79000000
2018-02-26 06:11:50,0.00042640,12.66000000
2018-02-26 06:11:54,0.00042640,36.42000000
2018-02-26 06:11:54,0.00042640,39.25000000
2018-02-26 06:11:54,0.00042640,3.27000000
2018-02-26 06:11:56,0.00042640,1469.63000000
2018-02-26 06:11:57,0.00042600,106.11000000
2018-02-26 06:11:58,0.00042650,68.30000000
2018-02-26 06:11:58,0.00042610,222.00000000
2018-02-26 06:11:58,0.00042600,5.24000000
2018-02-26 06:12:01,0.00042600,32.84000000
2018-02-26 06:12:03,0.00042610,7.79000000
2018-02-26 06:12:04,0.00042650,35.38000000
2018-02-26 06:12:04,0.00042610,3.95000000
2018-02-26 06:12:04,0.00042600,1312.65000000
2018-02-26 06:12:04,0.00042600,18.07000000
2018-02-26 06:12:07,0.00042670,222.00000000
2018-02-26 06:12:08,0.00042640,30.03000000
2018-02-26 06:12:13,0.00042680,22.07000000
2018-02-26 06:12:14,0.00042610,244.93000000
2018-02-26 06:12:14,0.00042600,2340.01000000
2018-02-26 06:12:16,0.00042610,228.87000000
2018-02-26 06:12:16,0.00042600,42.43000000
2018-02-26 06:12:16,0.00042600,277.62000000
2018-02-26 06:12:17,0.00042670,885.62000000
2018-02-26 06:12:21,0.00042610,5.18000000
2018-02-26 06:12:24,0.00042640,148.51000000
2018-02-26 06:12:26,0.00042630,300.00000000
2018-02-26 06:12:26,0.00042640,145.04000000
2018-02-26 06:12:27,0.00042640,5.83000000
2018-02-26 06:12:27,0.00042640,145.03000000
2018-02-26 06:12:32,0.00042650,343.26000000
2018-02-26 06:12:33,0.00042650,57.91000000
2018-02-26 06:12:33,0.00042650,7.04000000
2018-02-26 06:12:33,0.00042650,53.73000000
2018-02-26 06:12:33,0.00042650,0.46000000
2018-02-26 06:12:33,0.00042640,0.01000000
2018-02-26 06:12:33,0.00042610,2.64000000
2018-02-26 06:12:34,0.00042640,98.70000000
2018-02-26 06:12:34,0.00042640,0.02000000
2018-02-26 06:12:34,0.00042610,38.82000000
2018-02-26 06:12:34,0.00042600,80.16000000
2018-02-26 06:12:34,0.00042600,74.75000000
2018-02-26 06:12:38,0.00042610,337.34000000
2018-02-26 06:12:38,0.00042600,465.26000000
2018-02-26 06:12:39,0.00042670,7.54000000
2018-02-26 06:12:48,0.00042600,1181.31000000
2018-02-26 06:12:48,0.00042600,837.98000000
2018-02-26 06:12:48,0.00042600,369.06000000
2018-02-26 06:12:49,0.00042650,220.00000000
2018-02-26 06:12:49,0.00042660,53.45000000
2018-02-26 06:12:49,0.00042670,55.55000000
2018-02-26 06:12:51,0.00042610,644.39000000
2018-02-26 06:12:51,0.00042610,301.15000000
2018-02-26 06:12:51,0.00042610,137.74000000
2018-02-26 06:12:52,0.00042610,31.52000000
2018-02-26 06:12:55,0.00042610,69.27000000
2018-02-26 06:12:56,0.00042610,144.05000000
2018-02-26 06:12:56,0.00042530,181.84000000
2018-02-26 06:12:56,0.00042510,220.00000000
2018-02-26 06:12:56,0.00042500,36.08000000
2018-02-26 06:12:56,0.00042670,472.26000000
2018-02-26 06:12:56,0.00042680,4384.69000000
2018-02-26 06:12:56,0.00042680,1433.86000000
2018-02-26 06:12:56,0.00042680,693.51000000
2018-02-26 06:12:56,0.00042680,13.23000000
2018-02-26 06:12:56,0.00042680,364.01000000
2018-02-26 06:12:56,0.00042680,20.00000000
2018-02-26 06:12:56,0.00042680,6.11000000
2018-02-26 06:12:57,0.00042680,47.44000000
2018-02-26 06:12:57,0.00042680,220.00000000
2018-02-26 06:12:57,0.00042680,6.83000000
2018-02-26 06:12:58,0.00042680,121.07000000
2018-02-26 06:13:00,0.00042680,585.45000000
2018-02-26 06:13:01,0.00042680,47.00000000
2018-02-26 06:13:04,0.00042540,24.55000000
2018-02-26 06:13:06,0.00042550,4.26000000
2018-02-26 06:13:08,0.00042550,9.87000000
2018-02-26 06:13:08,0.00042550,5.38000000
2018-02-26 06:13:09,0.00042510,47.90000000
2018-02-26 06:13:11,0.00042540,15.00000000
2018-02-26 06:13:11,0.00042550,54.87000000
2018-02-26 06:13:11,0.00042510,27.66000000
2018-02-26 06:13:15,0.00042530,18.03000000
2018-02-26 06:13:15,0.00042530,22.03000000
2018-02-26 06:13:16,0.00042530,73.98000000
2018-02-26 06:13:22,0.00042550,255.90000000
2018-02-26 06:13:23,0.00042540,3.41000000
2018-02-26 06:13:23,0.00042530,373.49000000
2018-02-26 06:13:25,0.00042530,53.82000000
2018-02-26 06:13:25,0.00042500,1285.25000000
2018-02-26 06:13:25,0.00042500,3.41000000
2018-02-26 06:13:27,0.00042500,63.96000000
2018-02-26 06:13:27,0.00042500,235.50000000
2018-02-26 06:13:27,0.00042500,68.15000000
2018-02-26 06:13:29,0.00042500,0.01000000
2018-02-26 06:13:29,0.00042510,2.50000000
2018-02-26 06:13:29,0.00042520,1.01000000
2018-02-26 06:13:29,0.00042520,14.13000000
2018-02-26 06:13:31,0.00042510,6.70000000
2018-02-26 06:13:31,0.00042510,2.85000000
2018-02-26 06:13:31,0.00042520,3.02000000
2018-02-26 06:13:32,0.00042520,5.83000000
2018-02-26 06:13:33,0.00042520,20.85000000
2018-02-26 06:13:33,0.00042520,30.71000000
2018-02-26 06:13:33,0.00042460,12.91000000
2018-02-26 06:13:34,0.00042520,0.01000000
2018-02-26 06:13:34,0.00042530,3.51000000
2018-02-26 06:13:35,0.00042530,16.48000000
2018-02-26 06:13:50,0.00042490,235.50000000
2018-02-26 06:13:50,0.00042490,98.73000000
2018-02-26 06:13:54,0.00042460,11.07000000
2018-02-26 06:13:54,0.00042360,64.00000000
2018-02-26 06:13:54,0.00042340,9.45000000
2018-02-26 06:13:54,0.00042330,48.37000000
2018-02-26 06:13:54,0.00042490,20.69000000
2018-02-26 06:13:57,0.00042460,12.07000000
2018-02-26 06:13:58,0.00042460,106.28000000
2018-02-26 06:13:58,0.00042480,15.00000000
2018-02-26 06:13:58,0.00042490,518.00000000
2018-02-26 06:13:58,0.00042510,49.36000000
2018-02-26 06:13:59,0.00042530,1549.29000000
2018-02-26 06:13:59,0.00042580,245.84000000
2018-02-26 06:14:05,0.00042590,9.45000000
2018-02-26 06:14:05,0.00042610,11.34000000
2018-02-26 06:14:06,0.00042480,30.00000000
2018-02-26 06:14:18,0.00042490,49.95000000
2018-02-26 06:14:23,0.00042490,201.85000000
2018-02-26 06:14:23,0.00042480,15.00000000
2018-02-26 06:14:23,0.00042490,20.78000000
2018-02-26 06:14:25,0.00042490,20.00000000
2018-02-26 06:14:26,0.00042490,58.23000000
2018-02-26 06:14:27,0.00042490,42.39000000
2018-02-26 06:14:38,0.00042490,6.91000000
2018-02-26 06:14:45,0.00042500,42.39000000
2018-02-26 06:14:45,0.00042500,7.61000000
2018-02-26 06:14:45,0.00042510,28.66000000
2018-02-26 06:14:45,0.00042530,52.82000000
2018-02-26 06:14:45,0.00042570,146.49000000
2018-02-26 06:14:51,0.00042570,5.60000000
2018-02-26 06:14:51,0.00042570,5.60000000
2018-02-26 06:14:51,0.00042570,5.60000000
2018-02-26 06:14:51,0.00042500,10.37000000
2018-02-26 06:14:53,0.00042570,14.00000000
2018-02-26 06:14:54,0.00042570,558.98000000
2018-02-26 06:14:56,0.00042570,30.84000000
2018-02-26 06:14:56,0.00042570,30.84000000
2018-02-26 06:14:56,0.00042570,3.04000000
2018-02-26 06:14:56,0.00042570,30.85000000
2018-02-26 06:14:56,0.00042570,27.68000000
2018-02-26 06:14:56,0.00042570,31.00000000
2018-02-26 06:14:57,0.00042570,14.13000000
2018-02-26 06:14:58,0.00042570,72.85000000
2018-02-26 06:14:58,0.00042570,498.16000000
2018-02-26 06:14:58,0.00042570,234.90000000
2018-02-26 06:14:58,0.00042570,115.65000000
2018-02-26 06:14:58,0.00042580,232.68000000
2018-02-26 06:14:58,0.00042580,292.13000000
2018-02-26 06:14:58,0.00042580,47.00000000
2018-02-26 06:14:59,0.00042570,343.39000000
2018-02-26 06:14:59,0.00042490,572.28000000
2018-02-26 06:14:59,0.00042480,567.37000000
2018-02-26 06:14:59,0.00042420,182.53000000
2018-02-26 06:14:59,0.00042410,491.61000000
2018-02-26 06:14:59,0.00042380,2221.47000000
2018-02-26 06:14:59,0.00042370,4618.11000000
2018-02-26 06:15:01,0.00042570,5.91000000
2018-02-26 06:15:01,0.00042570,49.74000000
2018-02-26 06:15:01,0.00042570,5.91000000
2018-02-26 06:15:01,0.00042570,5.63000000
2018-02-26 06:15:01,0.00042570,5.63000000
2018-02-26 06:15:01,0.00042570,5.63000000
2018-02-26 06:15:01,0.00042570,23.49000000
2018-02-26 06:15:01,0.00042570,5.80000000
2018-02-26 06:15:02,0.00042570,113.26000000
2018-02-26 06:15:03,0.00042580,5.76000000
2018-02-26 06:15:03,0.00042580,5.76000000
2018-02-26 06:15:03,0.00042580,49.74000000
2018-02-26 06:15:04,0.00042580,304.12000000
2018-02-26 06:15:04,0.00042570,90.29000000
2018-02-26 06:15:04,0.00042570,3.06000000
2018-02-26 06:15:04,0.00042570,27.68000000
2018-02-26 06:15:04,0.00042570,205.47000000
2018-02-26 06:15:04,0.00042570,205.28000000
2018-02-26 06:15:04,0.00042570,27.68000000
2018-02-26 06:15:05,0.00042570,93.26000000
2018-02-26 06:15:05,0.00042580,14.13000000
2018-02-26 06:15:05,0.00042580,5.72000000
2018-02-26 06:15:05,0.00042580,27.26000000
2018-02-26 06:15:06,0.00042580,43.21000000
2018-02-26 06:15:06,0.00042540,10.38000000
2018-02-26 06:15:06,0.00042580,20.30000000
2018-02-26 06:15:06,0.00042580,60.14000000
2018-02-26 06:15:06,0.00042580,3.52000000
2018-02-26 06:15:06,0.00042580,262.79000000
2018-02-26 06:15:07,0.00042580,234.85000000
2018-02-26 06:15:07,0.00042580,328.20000000
2018-02-26 06:15:07,0.00042580,90.11000000
2018-02-26 06:15:08,0.00042590,6.33000000
2018-02-26 06:15:12,0.00042580,10.38000000
2018-02-26 06:15:12,0.00042590,0.02000000
2018-02-26 06:15:13,0.00042600,27.30000000
2018-02-26 06:15:13,0.00042600,118.64000000
2018-02-26 06:15:13,0.00042610,430.48000000
2018-02-26 06:15:13,0.00042610,23.48000000
2018-02-26 06:15:16,0.00042590,81.14000000
2018-02-26 06:15:17,0.00042580,17.30000000
2018-02-26 06:15:17,0.00042580,37.57000000
2018-02-26 06:15:19,0.00042580,23.48000000
2018-02-26 06:15:19,0.00042580,11.76000000
2018-02-26 06:15:29,0.00042590,50.00000000
2018-02-26 06:15:31,0.00042580,24.95000000
2018-02-26 06:15:32,0.00042580,126.14000000
2018-02-26 06:15:36,0.00042580,10.58000000
2018-02-26 06:15:37,0.00042580,9.88000000
2018-02-26 06:15:40,0.00042570,160.99000000
2018-02-26 06:15:42,0.00042570,11.16000000
2018-02-26 06:15:43,0.00042570,0.01000000
2018-02-26 06:15:43,0.00042440,69.99000000
2018-02-26 06:15:44,0.00042560,15.00000000
2018-02-26 06:15:44,0.00042570,326.00000000
2018-02-26 06:15:44,0.00042580,1.97000000
2018-02-26 06:15:44,0.00042600,830.95000000
2018-02-26 06:15:44,0.00042450,15.00000000
2018-02-26 06:15:44,0.00042430,10.13000000
2018-02-26 06:15:47,0.00042510,6.62000000
2018-02-26 06:15:48,0.00042510,25.00000000
2018-02-26 06:15:49,0.00042510,23.46000000
2018-02-26 06:15:49,0.00042510,6.19000000
2018-02-26 06:15:49,0.00042510,5.86000000
2018-02-26 06:15:49,0.00042510,2.87000000
2018-02-26 06:15:52,0.00042590,0.06000000
2018-02-26 06:15:52,0.00042560,20.00000000
2018-02-26 06:15:52,0.00042520,15.00000000
2018-02-26 06:15:52,0.00042510,4.34000000
2018-02-26 06:15:52,0.00042500,136.29000000
2018-02-26 06:15:52,0.00042420,102.76000000
2018-02-26 06:16:00,0.00042530,14.92000000
2018-02-26 06:16:01,0.00042470,0.26000000
2018-02-26 06:16:03,0.00042480,23.49000000
2018-02-26 06:16:03,0.00042480,79.51000000
2018-02-26 06:16:03,0.00042510,103.00000000
2018-02-26 06:16:03,0.00042510,82.03000000
2018-02-26 06:16:03,0.00042510,228.60000000
2018-02-26 06:16:04,0.00042510,88.23000000
2018-02-26 06:16:05,0.00042460,69.36000000
2018-02-26 06:16:08,0.00042460,11.78000000
2018-02-26 06:16:08,0.00042450,11.77000000
2018-02-26 06:16:08,0.00042410,30.88000000
2018-02-26 06:16:12,0.00042410,200.00000000
2018-02-26 06:16:16,0.00042500,5.83000000
2018-02-26 06:16:18,0.00042430,23.57000000
2018-02-26 06:16:18,0.00042420,23.56000000
2018-02-26 06:16:18,0.00042410,54.12000000
2018-02-26 06:16:18,0.00042410,11.79000000
2018-02-26 06:16:18,0.00042410,7.15000000
2018-02-26 06:16:18,0.00042410,4.16000000
2018-02-26 06:16:20,0.00042410,9.34000000
2018-02-26 06:16:21,0.00042410,13.00000000
2018-02-26 06:16:23,0.00042410,6.70000000
2018-02-26 06:16:25,0.00042400,11.80000000
2018-02-26 06:16:25,0.00042390,300.00000000
2018-02-26 06:16:25,0.00042370,5463.11000000
2018-02-26 06:16:27,0.00042390,51.61000000
2018-02-26 06:16:27,0.00042370,408.17000000
2018-02-26 06:16:27,0.00042370,302.84000000
2018-02-26 06:16:29,0.00042370,126.65000000
2018-02-26 06:16:30,0.00042370,2010.23000000
2018-02-26 06:16:37,0.00042370,90.05000000
2018-02-26 06:16:38,0.00042370,14.13000000
2018-02-26 06:16:39,0.00042350,5.00000000
2018-02-26 06:16:39,0.00042350,44.34000000
2018-02-26 06:16:39,0.00042350,81.61000000
2018-02-26 06:16:39,0.00042350,3.54000000
2018-02-26 06:16:39,0.00042350,5.86000000
2018-02-26 06:16:39,0.00042350,5.86000000
2018-02-26 06:16:39,0.00042350,5.86000000
2018-02-26 06:16:39,0.00042350,5.86000000
2018-02-26 06:16:39,0.00042350,5.85000000
2018-02-26 06:16:39,0.00042350,5.85000000
2018-02-26 06:16:39,0.00042350,23.61000000
2018-02-26 06:16:39,0.00042350,17.71000000
2018-02-26 06:16:40,0.00042350,17.72000000
2018-02-26 06:16:40,0.00042350,92.06000000
2018-02-26 06:16:40,0.00042350,129.96000000
2018-02-26 06:16:40,0.00042350,34.64000000
2018-02-26 06:16:41,0.00042350,14.13000000
2018-02-26 06:16:42,0.00042350,312.55000000
2018-02-26 06:16:43,0.00042350,4.16000000
2018-02-26 06:16:43,0.00042350,3.54000000
2018-02-26 06:16:43,0.00042350,23.61000000
2018-02-26 06:16:44,0.00042340,9.51000000
2018-02-26 06:16:44,0.00042350,26.60000000
2018-02-26 06:16:44,0.00042340,53.11000000
2018-02-26 06:16:46,0.00042350,1025.51000000
2018-02-26 06:16:48,0.00042330,13.64000000
2018-02-26 06:16:52,0.00042350,4.16000000
2018-02-26 06:16:53,0.00042350,121.43000000
2018-02-26 06:17:03,0.00042350,5.83000000
2018-02-26 06:17:05,0.00042350,16.84000000
2018-02-26 06:17:13,0.00042330,31.47000000
2018-02-26 06:17:13,0.00042300,24.00000000
2018-02-26 06:17:14,0.00042350,14.76000000
2018-02-26 06:17:17,0.00042270,47.00000000
2018-02-26 06:17:17,0.00042260,3.74000000
2018-02-26 06:17:17,0.00042220,220.39000000
2018-02-26 06:17:18,0.00042220,163.09000000
2018-02-26 06:17:27,0.00042350,30.99000000
2018-02-26 06:17:28,0.00042240,11.12000000
2018-02-26 06:17:28,0.00042240,20.00000000
2018-02-26 06:17:28,0.00042240,10.33000000
2018-02-26 06:17:28,0.00042240,31.26000000
2018-02-26 06:17:29,0.00042240,27.29000000
2018-02-26 06:17:30,0.00042240,100.00000000
2018-02-26 06:17:30,0.00042350,12.39000000
2018-02-26 06:17:33,0.00042350,5.19000000
2018-02-26 06:17:38,0.00042230,62.68000000
2018-02-26 06:17:46,0.00042230,115.11000000
2018-02-26 06:17:47,0.00042230,222.19000000
2018-02-26 06:17:49,0.00042330,40.00000000
2018-02-26 06:17:54,0.00042220,169.42000000
2018-02-26 06:17:56,0.00042220,47.50000000
2018-02-26 06:17:56,0.00042220,92.25000000
2018-02-26 06:17:57,0.00042220,680.33000000
2018-02-26 06:18:02,0.00042310,41.00000000
2018-02-26 06:18:02,0.00042320,272.85000000
2018-02-26 06:18:02,0.00042340,494.72000000
2018-02-26 06:18:03,0.00042230,6.73000000
2018-02-26 06:18:06,0.00042260,27.68000000
2018-02-26 06:18:07,0.00042260,12.73000000
2018-02-26 06:18:11,0.00042270,213.45000000
2018-02-26 06:18:11,0.00042230,581.24000000
2018-02-26 06:18:12,0.00042230,108.26000000
2018-02-26 06:18:12,0.00042230,59.18000000
2018-02-26 06:18:13,0.00042230,3.00000000
2018-02-26 06:18:13,0.00042230,4.73000000
2018-02-26 06:18:14,0.00042230,7.42000000
2018-02-26 06:18:14,0.00042230,6.25000000
2018-02-26 06:18:16,0.00042230,7.99000000
2018-02-26 06:18:19,0.00042230,0.48000000
2018-02-26 06:18:19,0.00042230,100.99000000
2018-02-26 06:18:21,0.00042220,53.83000000
2018-02-26 06:18:22,0.00042230,134.67000000
2018-02-26 06:18:22,0.00042230,231.79000000
2018-02-26 06:18:27,0.00042230,7.54000000
2018-02-26 06:18:31,0.00042230,3313.64000000
2018-02-26 06:18:31,0.00042220,976.44000000
2018-02-26 06:18:31,0.00042200,1800.22000000
2018-02-26 06:18:31,0.00042190,9.48000000
2018-02-26 06:18:31,0.00042170,23.73000000
2018-02-26 06:18:31,0.00042160,90.10000000
2018-02-26 06:18:31,0.00042150,2294.09000000
2018-02-26 06:18:31,0.00042140,23.93000000
2018-02-26 06:18:31,0.00042110,2355.29000000
2018-02-26 06:18:31,0.00042100,3191.77000000
2018-02-26 06:18:31,0.00042090,537.57000000
2018-02-26 06:18:31,0.00042080,1282.64000000
2018-02-26 06:18:31,0.00042070,425.42000000
2018-02-26 06:18:31,0.00042060,1351.15000000
2018-02-26 06:18:31,0.00042050,1368.74000000
2018-02-26 06:18:31,0.00042030,2568.40000000
2018-02-26 06:18:31,0.00042020,55.58000000
2018-02-26 06:18:31,0.00042020,15.81000000
2018-02-26 06:18:31,0.00042010,373.74000000
2018-02-26 06:18:31,0.00042010,1074.06000000
2018-02-26 06:18:31,0.00042010,452.53000000
2018-02-26 06:18:32,0.00042180,3.55000000
2018-02-26 06:18:33,0.00042180,11.45000000
2018-02-26 06:18:33,0.00042190,72.55000000
2018-02-26 06:18:35,0.00042190,2.85000000
2018-02-26 06:18:36,0.00042100,226.30000000
2018-02-26 06:18:38,0.00042210,118.39000000
2018-02-26 06:18:38,0.00042220,137.63000000
2018-02-26 06:18:38,0.00042230,93.48000000
2018-02-26 06:18:40,0.00042190,6.17000000
2018-02-26 06:18:40,0.00042190,7.95000000
2018-02-26 06:18:40,0.00042190,3.55000000
2018-02-26 06:18:43,0.00042060,32.25000000
2018-02-26 06:18:43,0.00042040,144.13000000
2018-02-26 06:18:43,0.00042030,269.00000000
2018-02-26 06:18:43,0.00042010,258.20000000
2018-02-26 06:18:43,0.00042190,128.56000000
2018-02-26 06:18:44,0.00042180,3.55000000
2018-02-26 06:18:47,0.00042180,22.57000000
2018-02-26 06:18:47,0.00042200,6.13000000
2018-02-26 06:18:47,0.00042230,42.18000000
2018-02-26 06:18:47,0.00042080,32.22000000
2018-02-26 06:18:53,0.00042170,140.71000000
2018-02-26 06:18:54,0.00042080,141.27000000
2018-02-26 06:19:01,0.00042100,24.00000000
2018-02-26 06:19:01,0.00042160,91.41000000
2018-02-26 06:19:09,0.00042170,47.67000000
2018-02-26 06:19:10,0.00042160,40.41000000
2018-02-26 06:19:11,0.00042160,4.47000000
2018-02-26 06:19:25,0.00042160,96.61000000
2018-02-26 06:19:25,0.00042160,68.61000000
2018-02-26 06:19:25,0.00042110,116.71000000
2018-02-26 06:19:25,0.00042090,42.32000000
2018-02-26 06:19:25,0.00042080,580.12000000
2018-02-26 06:19:30,0.00042160,11.85000000
2018-02-26 06:19:31,0.00042160,66.00000000
2018-02-26 06:19:32,0.00042120,100.94000000
2018-02-26 06:19:32,0.00042120,124.22000000
2018-02-26 06:19:40,0.00042140,340.37000000
2018-02-26 06:19:40,0.00042160,23.32000000
2018-02-26 06:19:40,0.00042120,14.00000000
2018-02-26 06:19:40,0.00042160,150.00000000
2018-02-26 06:19:42,0.00042160,3.55000000
2018-02-26 06:19:54,0.00042120,129.30000000
2018-02-26 06:19:54,0.00042080,593.03000000
2018-02-26 06:19:54,0.00042160,255.28000000
2018-02-26 06:19:54,0.00042160,370.21000000
2018-02-26 06:19:54,0.00042160,23.71000000
2018-02-26 06:19:54,0.00042160,123.64000000
2018-02-26 06:19:54,0.00042160,23.67000000
2018-02-26 06:19:55,0.00042160,284.43000000
2018-02-26 06:19:55,0.00042160,3.94000000
2018-02-26 06:19:55,0.00042160,20.00000000
2018-02-26 06:19:56,0.00042090,15.01000000
2018-02-26 06:19:56,0.00042080,625.81000000
2018-02-26 06:19:56,0.00042080,5.85000000
2018-02-26 06:19:56,0.00042080,5.85000000
2018-02-26 06:19:56,0.00042080,20.00000000
2018-02-26 06:19:56,0.00042080,58.23000000
2018-02-26 06:19:56,0.00042080,9.59000000
2018-02-26 06:19:56,0.00042080,54.96000000
2018-02-26 06:19:58,0.00042080,487.18000000
2018-02-26 06:19:59,0.00042080,196.13000000
2018-02-26 06:20:00,0.00042080,3.00000000
2018-02-26 06:20:00,0.00042080,23.74000000
2018-02-26 06:20:01,0.00042080,3.56000000
2018-02-26 06:20:02,0.00042080,16.44000000
2018-02-26 06:20:03,0.00042080,829.94000000
2018-02-26 06:20:04,0.00042080,169.28000000
2018-02-26 06:20:07,0.00042080,798.00000000
2018-02-26 06:20:07,0.00042140,3.00000000
2018-02-26 06:20:07,0.00042090,118.79000000
2018-02-26 06:20:07,0.00042080,534.85000000
2018-02-26 06:20:09,0.00042080,277.25000000
2018-02-26 06:20:10,0.00042140,73.63000000
2018-02-26 06:20:10,0.00042140,2.85000000
2018-02-26 06:20:10,0.00042080,4.27000000
2018-02-26 06:20:13,0.00042130,9.21000000
2018-02-26 06:20:15,0.00042130,16.17000000
2018-02-26 06:20:15,0.00042130,5.00000000
2018-02-26 06:20:20,0.00042100,35.88000000
2018-02-26 06:20:21,0.00042100,12.20000000
2018-02-26 06:20:21,0.00042080,1987.80000000
2018-02-26 06:20:33,0.00042130,5.00000000
2018-02-26 06:20:36,0.00042110,46.04000000
2018-02-26 06:20:39,0.00042130,241.47000000
2018-02-26 06:20:39,0.00042200,4.73000000
2018-02-26 06:20:39,0.00042220,205.75000000
2018-02-26 06:20:39,0.00042240,351.76000000
2018-02-26 06:20:45,0.00042210,123.90000000
2018-02-26 06:20:47,0.00042130,11.49000000
2018-02-26 06:20:54,0.00042120,96.34000000
2018-02-26 06:20:58,0.00042200,9.31000000
2018-02-26 06:21:05,0.00042150,8.27000000
2018-02-26 06:21:07,0.00042200,1.38000000
2018-02-26 06:21:10,0.00042200,60.78000000
2018-02-26 06:21:10,0.00042220,36.32000000
2018-02-26 06:21:12,0.00042180,182.45000000
2018-02-26 06:21:18,0.00042160,123.90000000
2018-02-26 06:21:20,0.00042140,14.13000000
2018-02-26 06:21:22,0.00042180,252.01000000
2018-02-26 06:21:30,0.00042180,61.81000000
2018-02-26 06:21:32,0.00042150,5.80000000
2018-02-26 06:21:34,0.00042180,4.48000000
2018-02-26 06:21:37,0.00042160,49.71000000
2018-02-26 06:21:40,0.00042160,0.01000000
2018-02-26 06:21:40,0.00042150,788.62000000
2018-02-26 06:21:40,0.00042140,117.75000000
2018-02-26 06:21:40,0.00042130,131.92000000
2018-02-26 06:21:40,0.00042120,48.18000000
2018-02-26 06:21:40,0.00042110,313.52000000
2018-02-26 06:21:44,0.00042150,7.52000000
2018-02-26 06:21:45,0.00042110,12.50000000
2018-02-26 06:21:46,0.00042120,14.93000000
2018-02-26 06:21:53,0.00042140,15.65000000
2018-02-26 06:21:53,0.00042150,58.48000000
2018-02-26 06:21:59,0.00042150,65.97000000
2018-02-26 06:22:07,0.00042150,1065.55000000
2018-02-26 06:22:07,0.00042120,290.44000000
2018-02-26 06:22:18,0.00042130,125.98000000
2018-02-26 06:22:25,0.00042090,122.33000000
2018-02-26 06:22:27,0.00042090,201.85000000
2018-02-26 06:22:34,0.00042090,0.56000000
2018-02-26 06:22:37,0.00042090,1.25000000
2018-02-26 06:22:37,0.00042080,69.28000000
2018-02-26 06:22:37,0.00042070,229.47000000
2018-02-26 06:22:37,0.00042070,2.96000000
2018-02-26 06:22:40,0.00042090,8.00000000
2018-02-26 06:22:41,0.00042090,107.11000000
2018-02-26 06:22:41,0.00042070,63.88000000
2018-02-26 06:22:46,0.00042070,47.14000000
2018-02-26 06:22:46,0.00042070,372.06000000
2018-02-26 06:22:47,0.00042070,126.08000000
2018-02-26 06:22:47,0.00042070,121.49000000
2018-02-26 06:22:51,0.00042070,7.40000000
2018-02-26 06:22:55,0.00042030,264.47000000
2018-02-26 06:22:55,0.00042020,399.63000000
2018-02-26 06:22:55,0.00042010,1819.41000000
2018-02-26 06:22:56,0.00042010,231.01000000
2018-02-26 06:22:58,0.00042010,263.25000000
2018-02-26 06:22:58,0.00042000,5537.98000000
2018-02-26 06:22:58,0.00042000,154.50000000
2018-02-26 06:22:58,0.00041990,8.92000000
2018-02-26 06:22:58,0.00041970,5.96000000
2018-02-26 06:22:58,0.00041960,47.28000000
2018-02-26 06:22:58,0.00041940,51.54000000
2018-02-26 06:22:58,0.00041940,71.50000000
2018-02-26 06:22:58,0.00041940,288.14000000
2018-02-26 06:22:58,0.00041940,260.00000000
2018-02-26 06:22:58,0.00041940,413.36000000
2018-02-26 06:22:58,0.00041950,33.34000000
2018-02-26 06:22:58,0.00041990,4.42000000
2018-02-26 06:22:58,0.00042000,4.41000000
2018-02-26 06:22:58,0.00042000,15.38000000
2018-02-26 06:22:59,0.00042000,127.70000000
2018-02-26 06:22:59,0.00042000,5.45000000
2018-02-26 06:23:00,0.00041990,4.42000000
2018-02-26 06:23:00,0.00041990,2.72000000
2018-02-26 06:23:00,0.00041990,215.08000000
2018-02-26 06:23:00,0.00041990,0.01000000
2018-02-26 06:23:00,0.00042000,215.06000000
2018-02-26 06:23:00,0.00042000,116.32000000
2018-02-26 06:23:00,0.00042000,229.34000000
2018-02-26 06:23:00,0.00042000,3.57000000
2018-02-26 06:23:01,0.00042000,28.00000000
2018-02-26 06:23:01,0.00042000,238.37000000
2018-02-26 06:23:01,0.00041950,27.68000000
2018-02-26 06:23:01,0.00041940,222.23000000
2018-02-26 06:23:01,0.00041940,213.41000000
2018-02-26 06:23:02,0.00041940,215.63000000
2018-02-26 06:23:02,0.00041940,45.88000000
2018-02-26 06:23:02,0.00041940,23.84000000
2018-02-26 06:23:02,0.00041940,38.23000000
2018-02-26 06:23:02,0.00041940,38.23000000
2018-02-26 06:23:02,0.00041940,45.88000000
2018-02-26 06:23:02,0.00041940,17.63000000
2018-02-26 06:23:02,0.00041940,57.57000000
2018-02-26 06:23:02,0.00042000,139.96000000
2018-02-26 06:23:02,0.00042000,33.00000000
2018-02-26 06:23:02,0.00042000,33.50000000
2018-02-26 06:23:02,0.00042000,257.27000000
2018-02-26 06:23:02,0.00042000,3.57000000
2018-02-26 06:23:03,0.00041990,116.17000000
2018-02-26 06:23:03,0.00041990,103.68000000
2018-02-26 06:23:05,0.00042000,5.83000000
2018-02-26 06:23:07,0.00041950,200.00000000
2018-02-26 06:23:07,0.00041950,4.57000000
2018-02-26 06:23:07,0.00041990,218.02000000
2018-02-26 06:23:10,0.00041950,233.30000000
2018-02-26 06:23:10,0.00041940,45.88000000
2018-02-26 06:23:10,0.00041930,187.00000000
2018-02-26 06:23:10,0.00041910,2.99000000
2018-02-26 06:23:10,0.00041900,132.52000000
2018-02-26 06:23:10,0.00041890,120.91000000
2018-02-26 06:23:10,0.00041880,146.78000000
2018-02-26 06:23:10,0.00041870,101.18000000
2018-02-26 06:23:10,0.00041870,21.15000000
2018-02-26 06:23:13,0.00041990,27.55000000
2018-02-26 06:23:14,0.00041870,104.07000000
2018-02-26 06:23:15,0.00041980,5.07000000
2018-02-26 06:23:15,0.00041870,131.85000000
2018-02-26 06:23:15,0.00041850,19.08000000
2018-02-26 06:23:19,0.00041880,14.13000000
2018-02-26 06:23:19,0.00041880,85.87000000
2018-02-26 06:23:21,0.00041980,6.04000000
2018-02-26 06:23:21,0.00041880,11.23000000
2018-02-26 06:23:21,0.00041850,625.97000000
2018-02-26 06:23:22,0.00041870,14.13000000
2018-02-26 06:23:22,0.00041850,727.26000000
2018-02-26 06:23:22,0.00041850,216.53000000
2018-02-26 06:23:23,0.00041860,61.18000000
2018-02-26 06:23:23,0.00041850,0.32000000
2018-02-26 06:23:27,0.00041860,10.41000000
2018-02-26 06:23:31,0.00041860,197.14000000
2018-02-26 06:23:31,0.00041860,414.95000000
2018-02-26 06:23:32,0.00041880,23.83000000
2018-02-26 06:23:32,0.00041880,23.83000000
2018-02-26 06:23:32,0.00041880,18.51000000
2018-02-26 06:23:32,0.00041880,18.51000000
2018-02-26 06:23:32,0.00041880,5.31000000
2018-02-26 06:23:32,0.00041880,3.58000000
2018-02-26 06:23:32,0.00041880,11.94000000
2018-02-26 06:23:32,0.00041880,15.01000000
2018-02-26 06:23:33,0.00041880,20.57000000
2018-02-26 06:23:33,0.00041880,79.41000000
2018-02-26 06:23:35,0.00041970,10.41000000
2018-02-26 06:23:35,0.00041980,307.60000000
2018-02-26 06:23:41,0.00041970,5.96000000
2018-02-26 06:23:41,0.00041970,30.98000000
2018-02-26 06:23:47,0.00041960,71.46000000
2018-02-26 06:23:50,0.00041960,176.21000000
2018-02-26 06:23:53,0.00041960,64.81000000
2018-02-26 06:23:54,0.00041960,352.57000000
2018-02-26 06:23:55,0.00041940,36.94000000
2018-02-26 06:23:55,0.00041920,5.56000000
2018-02-26 06:24:03,0.00041960,101.45000000
2018-02-26 06:24:04,0.00041960,42.60000000
2018-02-26 06:24:08,0.00041960,34.26000000
2018-02-26 06:24:08,0.00041960,1455.48000000
2018-02-26 06:24:08,0.00041970,3738.50000000
2018-02-26 06:24:08,0.00041970,251.31000000
2018-02-26 06:24:11,0.00041950,7.15000000
2018-02-26 06:24:13,0.00041940,6.55000000
2018-02-26 06:24:15,0.00041970,272.89000000
2018-02-26 06:24:15,0.00041980,1207.16000000
2018-02-26 06:24:16,0.00041980,74.59000000
2018-02-26 06:24:16,0.00041980,100.00000000
2018-02-26 06:24:17,0.00042000,57.75000000
2018-02-26 06:24:18,0.00042050,56.60000000
2018-02-26 06:24:19,0.00042050,23.78000000
2018-02-26 06:24:19,0.00041980,18.93000000
2018-02-26 06:24:22,0.00042050,3.02000000
2018-02-26 06:24:22,0.00042070,2.92000000
2018-02-26 06:24:22,0.00041980,351.09000000
2018-02-26 06:24:24,0.00041980,92.77000000
2018-02-26 06:24:24,0.00042070,10.69000000
2018-02-26 06:24:25,0.00042060,7.13000000
2018-02-26 06:24:29,0.00042070,53.48000000
2018-02-26 06:24:29,0.00042070,95.07000000
2018-02-26 06:24:30,0.00042000,11.88000000
2018-02-26 06:24:31,0.00041980,48.00000000
2018-02-26 06:24:33,0.00041980,250.00000000
2018-02-26 06:24:33,0.00042000,10.00000000
2018-02-26 06:24:35,0.00042000,27.64000000
2018-02-26 06:24:35,0.00042070,97.05000000
2018-02-26 06:24:36,0.00041980,141.72000000
2018-02-26 06:24:41,0.00042000,421.57000000
2018-02-26 06:24:41,0.00042000,450.72000000
2018-02-26 06:24:47,0.00042000,49.90000000
2018-02-26 06:24:47,0.00041980,8.82000000
2018-02-26 06:24:48,0.00042000,37.64000000
2018-02-26 06:24:54,0.00042000,39.65000000
2018-02-26 06:24:59,0.00042000,335.87000000
2018-02-26 06:25:01,0.00041980,41.28000000
2018-02-26 06:25:01,0.00041960,42.72000000
2018-02-26 06:25:05,0.00041960,349.04000000
2018-02-26 06:25:05,0.00042000,3.10000000
2018-02-26 06:25:08,0.00041960,299.79000000
2018-02-26 06:25:08,0.00041940,0.14000000
2018-02-26 06:25:08,0.00041920,399.42000000
2018-02-26 06:25:08,0.00041900,294.01000000
2018-02-26 06:25:17,0.00041990,222.23000000
2018-02-26 06:25:17,0.00042000,412.74000000
2018-02-26 06:25:21,0.00041920,96.80000000
2018-02-26 06:25:31,0.00042000,23.80000000
2018-02-26 06:25:31,0.00042000,3.50000000
2018-02-26 06:25:35,0.00041990,26.78000000
2018-02-26 06:25:35,0.00042000,158.32000000
2018-02-26 06:25:48,0.00041990,37.00000000
2018-02-26 06:25:50,0.00041990,1173.18000000
2018-02-26 06:25:57,0.00041960,98.84000000
2018-02-26 06:26:04,0.00041940,42.60000000
2018-02-26 06:26:04,0.00041940,25.42000000
2018-02-26 06:26:04,0.00041960,182.22000000
2018-02-26 06:26:11,0.00041960,15.01000000
2018-02-26 06:26:12,0.00041980,98.14000000
2018-02-26 06:26:20,0.00041960,290.44000000
2018-02-26 06:26:21,0.00041960,180.62000000
2018-02-26 06:26:25,0.00041960,66.22000000
2018-02-26 06:26:28,0.00041960,219.15000000
2018-02-26 06:26:30,0.00041980,62.60000000
2018-02-26 06:26:31,0.00041980,1455.27000000
2018-02-26 06:26:31,0.00041990,333.89000000
2018-02-26 06:26:31,0.00042000,3057.87000000
2018-02-26 06:26:36,0.00042070,47.54000000
2018-02-26 06:26:36,0.00042070,2.38000000
2018-02-26 06:26:37,0.00042070,55.17000000
2018-02-26 06:26:38,0.00042010,27.77000000
2018-02-26 06:26:38,0.00042000,27.02000000
2018-02-26 06:26:39,0.00042070,9.56000000
2018-02-26 06:26:40,0.00042070,5.94000000
2018-02-26 06:26:40,0.00042070,221.11000000
2018-02-26 06:26:43,0.00042060,35.37000000
2018-02-26 06:26:43,0.00042070,6.75000000
2018-02-26 06:26:43,0.00042070,355.79000000
2018-02-26 06:26:43,0.00042070,481.45000000
2018-02-26 06:26:43,0.00042070,27.68000000
2018-02-26 06:26:43,0.00042070,27.68000000
2018-02-26 06:26:44,0.00042070,27.68000000
2018-02-26 06:26:48,0.00042070,14.33000000
2018-02-26 06:26:49,0.00042080,17.01000000
2018-02-26 06:26:52,0.00042070,27.68000000
2018-02-26 06:26:53,0.00042070,36.32000000
2018-02-26 06:26:53,0.00042070,36.32000000
2018-02-26 06:26:53,0.00042080,232.99000000
2018-02-26 06:26:54,0.00042080,30.15000000
2018-02-26 06:26:56,0.00042080,18.26000000
2018-02-26 06:26:57,0.00042090,19.01000000
2018-02-26 06:26:57,0.00042090,0.99000000
2018-02-26 06:27:01,0.00042180,8.77000000
2018-02-26 06:27:01,0.00042180,18.32000000
2018-02-26 06:27:01,0.00042190,895.80000000
2018-02-26 06:27:01,0.00042200,1147.88000000
2018-02-26 06:27:03,0.00042190,0.01000000
2018-02-26 06:27:03,0.00042180,2.91000000
2018-02-26 06:27:03,0.00042180,125.84000000
2018-02-26 06:27:04,0.00042190,21.18000000
2018-02-26 06:27:06,0.00042200,6.40000000
2018-02-26 06:27:07,0.00042200,76.83000000
2018-02-26 06:27:07,0.00042210,26.69000000
2018-02-26 06:27:07,0.00042230,77.37000000
2018-02-26 06:27:07,0.00042240,124.03000000
2018-02-26 06:27:07,0.00042090,86.03000000
2018-02-26 06:27:09,0.00042200,20.00000000
2018-02-26 06:27:12,0.00042200,1459.58000000
2018-02-26 06:27:16,0.00042240,31.64000000
2018-02-26 06:27:17,0.00042240,1004.59000000
2018-02-26 06:27:17,0.00042240,403.09000000
2018-02-26 06:27:18,0.00042240,6.80000000
2018-02-26 06:27:18,0.00042240,135.45000000
2018-02-26 06:27:18,0.00042250,37.82000000
2018-02-26 06:27:18,0.00042280,64.00000000
2018-02-26 06:27:18,0.00042290,264.47000000
2018-02-26 06:27:18,0.00042300,101.56000000
2018-02-26 06:27:20,0.00042250,61.48000000
2018-02-26 06:27:24,0.00042240,143.22000000
2018-02-26 06:27:25,0.00042220,20.00000000
2018-02-26 06:27:25,0.00042230,4.40000000
2018-02-26 06:27:25,0.00042230,5.92000000
2018-02-26 06:27:26,0.00042200,19.75000000
2018-02-26 06:27:28,0.00042200,235.37000000
2018-02-26 06:27:28,0.00042200,1091.30000000
2018-02-26 06:27:28,0.00042190,6.29000000
2018-02-26 06:27:28,0.00042200,80.03000000
2018-02-26 06:27:32,0.00042200,20.85000000
2018-02-26 06:27:34,0.00042200,135.07000000
2018-02-26 06:27:40,0.00042130,247.00000000
2018-02-26 06:27:40,0.00042120,11.88000000
2018-02-26 06:27:40,0.00042110,12.43000000
2018-02-26 06:27:40,0.00042100,395.69000000
2018-02-26 06:27:40,0.00042090,1106.90000000
2018-02-26 06:27:40,0.00042080,498.81000000
2018-02-26 06:27:44,0.00042100,36.39000000
2018-02-26 06:27:44,0.00042180,101.43000000
2018-02-26 06:27:52,0.00042180,130.14000000
2018-02-26 06:27:53,0.00042180,20.43000000
2018-02-26 06:27:53,0.00042190,231.55000000
2018-02-26 06:27:53,0.00042100,8.40000000
2018-02-26 06:27:56,0.00042100,18.71000000
2018-02-26 06:27:56,0.00042090,342.00000000
2018-02-26 06:27:56,0.00042080,223.46000000
2018-02-26 06:28:00,0.00042170,23.66000000
2018-02-26 06:28:00,0.00042170,23.66000000
2018-02-26 06:28:02,0.00042170,4.16000000
2018-02-26 06:28:02,0.00042170,37.13000000
2018-02-26 06:28:04,0.00042170,172.93000000
2018-02-26 06:28:09,0.00042100,89.32000000
2018-02-26 06:28:16,0.00042160,11.88000000
2018-02-26 06:28:16,0.00042170,19.94000000
2018-02-26 06:28:16,0.00042150,9.22000000
2018-02-26 06:28:16,0.00042120,57.41000000
2018-02-26 06:28:16,0.00042100,222.55000000
2018-02-26 06:28:17,0.00042100,255.30000000
2018-02-26 06:28:18,0.00042100,20.96000000
2018-02-26 06:28:18,0.00042100,1643.36000000
2018-02-26 06:28:18,0.00042100,5.86000000
2018-02-26 06:28:22,0.00042100,5.86000000
2018-02-26 06:28:28,0.00042090,398.55000000
2018-02-26 06:28:28,0.00042090,6.28000000
2018-02-26 06:28:31,0.00042040,224.00000000
2018-02-26 06:28:31,0.00042040,13.91000000
2018-02-26 06:28:31,0.00042040,25.89000000
2018-02-26 06:28:34,0.00042070,24.10000000
2018-02-26 06:28:34,0.00042040,11.89000000
2018-02-26 06:28:34,0.00042030,346.84000000
2018-02-26 06:28:35,0.00042070,55.00000000
2018-02-26 06:28:40,0.00042030,27.04000000
2018-02-26 06:28:46,0.00042070,78.97000000
2018-02-26 06:28:46,0.00042070,121.92000000
2018-02-26 06:28:46,0.00042080,301.47000000
2018-02-26 06:28:47,0.00042090,624.10000000
2018-02-26 06:28:48,0.00042090,1031.23000000
2018-02-26 06:28:49,0.00042090,7.12000000
2018-02-26 06:28:50,0.00042070,7.22000000
2018-02-26 06:28:50,0.00042090,3.56000000
2018-02-26 06:28:51,0.00042070,32.90000000
2018-02-26 06:28:51,0.00042090,68.54000000
2018-02-26 06:28:51,0.00042090,697.77000000
2018-02-26 06:28:51,0.00042100,581.48000000
2018-02-26 06:28:52,0.00042100,26.41000000
2018-02-26 06:28:53,0.00042100,76.51000000
2018-02-26 06:28:53,0.00042070,224.96000000
2018-02-26 06:28:53,0.00042030,57.08000000
2018-02-26 06:28:53,0.00042020,204.62000000
2018-02-26 06:28:55,0.00042080,205.00000000
2018-02-26 06:28:55,0.00042090,331.86000000
2018-02-26 06:28:55,0.00042090,4.19000000
2018-02-26 06:28:57,0.00042090,4.19000000
2018-02-26 06:28:57,0.00042030,10.68000000
2018-02-26 06:28:58,0.00042090,3.56000000
2018-02-26 06:28:59,0.00042090,10.90000000
2018-02-26 06:29:03,0.00042090,4.19000000
2018-02-26 06:29:04,0.00042090,367.50000000
2018-02-26 06:29:04,0.00042070,5.00000000
2018-02-26 06:29:04,0.00042090,4.19000000
2018-02-26 06:29:07,0.00042090,157.21000000
2018-02-26 06:29:07,0.00042090,538.03000000
2018-02-26 06:29:08,0.00042090,4.19000000
2018-02-26 06:29:08,0.00042090,4.19000000
2018-02-26 06:29:09,0.00042090,4.19000000
2018-02-26 06:29:10,0.00042090,621.24000000
2018-02-26 06:29:10,0.00042090,3.83000000
2018-02-26 06:29:12,0.00042090,13.64000000
2018-02-26 06:29:15,0.00042090,7.43000000
2018-02-26 06:29:19,0.00042070,73.63000000
2018-02-26 06:29:20,0.00042090,134.77000000
2018-02-26 06:29:22,0.00042090,105.70000000
2018-02-26 06:29:27,0.00042090,55.64000000
2018-02-26 06:29:29,0.00042070,2171.69000000
2018-02-26 06:29:30,0.00042070,27.17000000
2018-02-26 06:29:35,0.00042060,20.98000000
2018-02-26 06:29:37,0.00042030,422.34000000
2018-02-26 06:29:37,0.00042020,200.00000000
2018-02-26 06:29:37,0.00042010,58.10000000
2018-02-26 06:29:39,0.00042030,4.97000000
2018-02-26 06:29:40,0.00042030,20.00000000
2018-02-26 06:29:41,0.00042010,361.17000000
2018-02-26 06:29:41,0.00042010,5.87000000
2018-02-26 06:29:41,0.00042010,20.98000000
2018-02-26 06:29:41,0.00042010,11.90000000
2018-02-26 06:29:42,0.00042000,6.28000000
2018-02-26 06:29:43,0.00042010,20.00000000
2018-02-26 06:29:43,0.00042010,20.01000000
2018-02-26 06:29:43,0.00042010,64.00000000
2018-02-26 06:29:43,0.00042000,15.72000000
2018-02-26 06:29:44,0.00042010,3.57000000
2018-02-26 06:29:46,0.00042000,337.04000000
2018-02-26 06:29:48,0.00042000,23.57000000
2018-02-26 06:29:49,0.00042010,5.00000000
2018-02-26 06:29:50,0.00042000,2406.01000000
2018-02-26 06:29:50,0.00042000,4.23000000
2018-02-26 06:29:51,0.00042000,9.36000000
2018-02-26 06:29:52,0.00041960,875.96000000
2018-02-26 06:29:52,0.00041960,4.40000000
2018-02-26 06:29:55,0.00041960,1030.00000000
2018-02-26 06:29:57,0.00041960,14.85000000
2018-02-26 06:29:59,0.00041960,10.00000000
2018-02-26 06:30:02,0.00041960,102.25000000
2018-02-26 06:30:07,0.00041960,60.00000000
2018-02-26 06:30:10,0.00041960,57.54000000
2018-02-26 06:30:11,0.00041960,37.65000000
2018-02-26 06:30:19,0.00041990,100.00000000
2018-02-26 06:30:23,0.00041970,5.00000000
2018-02-26 06:30:24,0.00042000,23.72000000
2018-02-26 06:30:25,0.00041970,95.00000000
2018-02-26 06:30:25,0.00041970,31.48000000
2018-02-26 06:30:26,0.00041970,10.00000000
2018-02-26 06:30:26,0.00041970,397.37000000
2018-02-26 06:30:27,0.00041970,221.81000000
2018-02-26 06:30:33,0.00041960,744.84000000
2018-02-26 06:30:33,0.00041960,245.00000000
2018-02-26 06:30:33,0.00041960,814.67000000
2018-02-26 06:30:33,0.00042000,1897.79000000
2018-02-26 06:30:33,0.00042000,2.46000000
2018-02-26 06:30:40,0.00041910,200.00000000
2018-02-26 06:30:40,0.00041940,10.68000000
2018-02-26 06:30:43,0.00041940,0.02000000
2018-02-26 06:30:43,0.00042000,6.03000000
2018-02-26 06:30:45,0.00042000,99.27000000
2018-02-26 06:30:48,0.00042030,11.90000000
2018-02-26 06:30:48,0.00042030,11.90000000
2018-02-26 06:30:55,0.00042020,200.00000000
2018-02-26 06:30:57,0.00042020,77.43000000
2018-02-26 06:30:57,0.00042010,11.91000000
2018-02-26 06:30:57,0.00042000,0.73000000
2018-02-26 06:30:57,0.00041970,335.19000000
2018-02-26 06:30:59,0.00042030,932.43000000
2018-02-26 06:31:08,0.00042000,4.25000000
2018-02-26 06:31:10,0.00042000,2.05000000
2018-02-26 06:31:17,0.00042010,9.86000000
2018-02-26 06:31:17,0.00042000,63.67000000
2018-02-26 06:31:17,0.00041980,224.00000000
2018-02-26 06:31:17,0.00041970,1245.81000000
2018-02-26 06:31:28,0.00041920,111.93000000
2018-02-26 06:31:28,0.00041910,102.58000000
2018-02-26 06:31:28,0.00041900,236.49000000
2018-02-26 06:31:30,0.00041970,1.08000000
2018-02-26 06:31:32,0.00041920,23.78000000
2018-02-26 06:31:32,0.00041920,15.00000000
2018-02-26 06:31:33,0.00041900,100.00000000
2018-02-26 06:31:34,0.00041920,3.57000000
2018-02-26 06:31:36,0.00041920,81.00000000
2018-02-26 06:31:41,0.00041900,153.12000000
2018-02-26 06:31:41,0.00041900,20.89000000
2018-02-26 06:31:43,0.00041880,383.07000000
2018-02-26 06:31:45,0.00041900,4.20000000
2018-02-26 06:31:45,0.00041900,88.51000000
2018-02-26 06:31:48,0.00041880,25.57000000
2018-02-26 06:31:48,0.00041850,374.58000000
2018-02-26 06:31:50,0.00041900,7.00000000
2018-02-26 06:31:50,0.00041850,57.35000000
2018-02-26 06:31:53,0.00041850,166.58000000
2018-02-26 06:31:53,0.00041840,46.60000000
2018-02-26 06:31:54,0.00041850,239.98000000
2018-02-26 06:31:56,0.00041910,7.39000000
2018-02-26 06:31:56,0.00041920,3.61000000
2018-02-26 06:32:02,0.00041840,100.00000000
2018-02-26 06:32:04,0.00041900,46.82000000
2018-02-26 06:32:04,0.00041910,2.08000000
2018-02-26 06:32:06,0.00041910,1.09000000
2018-02-26 06:32:06,0.00041850,14.13000000
2018-02-26 06:32:06,0.00041840,1153.90000000
2018-02-26 06:32:06,0.00041830,1825.49000000
2018-02-26 06:32:07,0.00041830,2.00000000
2018-02-26 06:32:08,0.00041850,348.81000000
2018-02-26 06:32:08,0.00041830,454.09000000
2018-02-26 06:32:13,0.00041910,38.07000000
2018-02-26 06:32:17,0.00041920,12.19000000
2018-02-26 06:32:17,0.00041920,280.17000000
2018-02-26 06:32:18,0.00041960,36.46000000
2018-02-26 06:32:20,0.00041950,15.00000000
2018-02-26 06:32:20,0.00041960,92.81000000
2018-02-26 06:32:23,0.00041960,9.70000000
2018-02-26 06:32:29,0.00041950,3.63000000
2018-02-26 06:32:31,0.00041940,35.27000000
2018-02-26 06:32:32,0.00041940,54.68000000
2018-02-26 06:32:33,0.00041940,108.73000000
2018-02-26 06:32:38,0.00041940,25.32000000
2018-02-26 06:32:38,0.00041950,0.75000000
2018-02-26 06:32:38,0.00041880,3.26000000
2018-02-26 06:32:41,0.00041950,26.00000000
2018-02-26 06:32:43,0.00041910,100.00000000
2018-02-26 06:32:43,0.00041930,26.33000000
2018-02-26 06:32:43,0.00041950,4.73000000
2018-02-26 06:32:43,0.00041960,358.39000000
2018-02-26 06:32:45,0.00041950,135.37000000
2018-02-26 06:32:45,0.00041880,15.00000000
2018-02-26 06:32:45,0.00041870,11.25000000
2018-02-26 06:32:45,0.00041860,14.66000000
2018-02-26 06:32:46,0.00041860,121.05000000
2018-02-26 06:32:46,0.00041850,129.11000000
2018-02-26 06:32:47,0.00041850,19.92000000
2018-02-26 06:32:47,0.00041850,3.56000000
2018-02-26 06:32:47,0.00041850,5.99000000
2018-02-26 06:32:51,0.00041850,2.39000000
2018-02-26 06:32:56,0.00041850,9.74000000
2018-02-26 06:32:57,0.00041830,648.41000000
2018-02-26 06:32:58,0.00041830,242.81000000
2018-02-26 06:32:58,0.00041820,617.01000000
2018-02-26 06:32:58,0.00041850,123.82000000
2018-02-26 06:32:58,0.00041860,65.07000000
2018-02-26 06:33:01,0.00041940,4.00000000
2018-02-26 06:33:03,0.00041870,25.48000000
2018-02-26 06:33:04,0.00041940,6.68000000
2018-02-26 06:33:11,0.00041950,164.51000000
2018-02-26 06:33:13,0.00041950,1156.32000000
2018-02-26 06:33:14,0.00041950,10.12000000
2018-02-26 06:33:17,0.00041920,10.68000000
2018-02-26 06:33:20,0.00041910,223.90000000
2018-02-26 06:33:21,0.00041900,49.08000000
2018-02-26 06:33:24,0.00041900,11.91000000
2018-02-26 06:33:25,0.00041900,197.37000000
2018-02-26 06:33:27,0.00041900,65.79000000
2018-02-26 06:33:28,0.00041870,85.93000000
2018-02-26 06:33:28,0.00041860,38.39000000
2018-02-26 06:33:28,0.00041820,58.00000000
2018-02-26 06:33:28,0.00041820,20.08000000
2018-02-26 06:33:28,0.00041820,4.67000000
2018-02-26 06:33:28,0.00041820,25.93000000
2018-02-26 06:33:29,0.00041820,13.27000000
2018-02-26 06:33:29,0.00041820,70.00000000
2018-02-26 06:33:29,0.00041820,187.62000000
2018-02-26 06:33:32,0.00041820,37.69000000
2018-02-26 06:33:37,0.00041810,19.75000000
2018-02-26 06:33:39,0.00041810,543.58000000
2018-02-26 06:33:40,0.00041810,107.72000000
2018-02-26 06:33:43,0.00041810,22.31000000
2018-02-26 06:33:47,0.00041810,46.16000000
2018-02-26 06:33:48,0.00041820,25.07000000
2018-02-26 06:33:52,0.00041810,268.85000000
2018-02-26 06:33:59,0.00041810,68.32000000
2018-02-26 06:34:00,0.00041810,7.21000000
2018-02-26 06:34:02,0.00041810,60.23000000
2018-02-26 06:34:03,0.00041810,167.00000000
2018-02-26 06:34:04,0.00041810,561.78000000
2018-02-26 06:34:04,0.00041800,1249.19000000
2018-02-26 06:34:04,0.00041800,39.63000000
2018-02-26 06:34:04,0.00041800,4945.25000000
2018-02-26 06:34:04,0.00041790,9.57000000
2018-02-26 06:34:04,0.00041780,75.33000000
2018-02-26 06:34:04,0.00041790,135.00000000
2018-02-26 06:34:05,0.00041790,39.86000000
2018-02-26 06:34:08,0.00041780,412.73000000
2018-02-26 06:34:08,0.00041780,24.00000000
2018-02-26 06:34:08,0.00041780,1176.16000000
2018-02-26 06:34:10,0.00041780,90.12000000
2018-02-26 06:34:10,0.00041780,741.09000000
2018-02-26 06:34:11,0.00041780,314.69000000
2018-02-26 06:34:11,0.00041780,262.50000000
2018-02-26 06:34:12,0.00041780,927.44000000
2018-02-26 06:34:12,0.00041780,1234.92000000
2018-02-26 06:34:14,0.00041780,155.79000000
2018-02-26 06:34:15,0.00041770,10.00000000
2018-02-26 06:34:15,0.00041760,31.14000000
2018-02-26 06:34:15,0.00041750,120.34000000
2018-02-26 06:34:15,0.00041740,31.79000000
2018-02-26 06:34:15,0.00041710,86.22000000
2018-02-26 06:34:16,0.00041770,2.00000000
2018-02-26 06:34:18,0.00041710,4.00000000
2018-02-26 06:34:21,0.00041730,9.19000000
2018-02-26 06:34:21,0.00041750,490.81000000
2018-02-26 06:34:22,0.00041710,1610.35000000
2018-02-26 06:34:23,0.00041710,5.00000000
2018-02-26 06:34:23,0.00041710,20.00000000
2018-02-26 06:34:23,0.00041710,6.84000000
2018-02-26 06:34:23,0.00041710,93.15000000
2018-02-26 06:34:23,0.00041710,255.99000000
2018-02-26 06:34:23,0.00041710,810.00000000
2018-02-26 06:34:24,0.00041710,27.12000000
2018-02-26 06:34:24,0.00041700,9.01000000
2018-02-26 06:34:24,0.00041700,129.00000000
2018-02-26 06:34:25,0.00041710,10.91000000
2018-02-26 06:34:25,0.00041700,56.45000000
2018-02-26 06:34:25,0.00041690,134.27000000
2018-02-26 06:34:25,0.00041680,10.00000000
2018-02-26 06:34:25,0.00041660,213.02000000
2018-02-26 06:34:27,0.00041660,4977.33000000
2018-02-26 06:34:28,0.00041700,5.00000000
2018-02-26 06:34:29,0.00041650,280.86000000
2018-02-26 06:34:29,0.00041640,6.17000000
2018-02-26 06:34:30,0.00041700,7.00000000
2018-02-26 06:34:30,0.00041660,3.00000000
2018-02-26 06:34:31,0.00041660,43.09000000
2018-02-26 06:34:31,0.00041640,6.27000000
2018-02-26 06:34:32,0.00041660,21.16000000
2018-02-26 06:34:32,0.00041650,10.00000000
2018-02-26 06:34:33,0.00041650,6.00000000
2018-02-26 06:34:36,0.00041630,24.02000000
2018-02-26 06:34:36,0.00041620,3.03000000
2018-02-26 06:34:36,0.00041600,1082.47000000
2018-02-26 06:34:37,0.00041600,1491.44000000
2018-02-26 06:34:37,0.00041600,281.00000000
2018-02-26 06:34:37,0.00041600,11.71000000
2018-02-26 06:34:37,0.00041600,24.03000000
2018-02-26 06:34:37,0.00041600,3.00000000
2018-02-26 06:34:37,0.00041600,240.09000000
2018-02-26 06:34:38,0.00041600,16.00000000
2018-02-26 06:34:39,0.00041590,116.08000000
2018-02-26 06:34:39,0.00041590,24.03000000
2018-02-26 06:34:39,0.00041590,109.89000000
2018-02-26 06:34:39,0.00041600,373.01000000
2018-02-26 06:34:40,0.00041600,89.93000000
2018-02-26 06:34:40,0.00041600,90.04000000
2018-02-26 06:34:42,0.00041590,109.89000000
2018-02-26 06:34:43,0.00041590,10.00000000
2018-02-26 06:34:43,0.00041580,5.81000000
2018-02-26 06:34:43,0.00041570,4.19000000
2018-02-26 06:34:43,0.00041590,24.04000000
2018-02-26 06:34:43,0.00041590,138.72000000
2018-02-26 06:34:44,0.00041590,2.63000000
2018-02-26 06:34:44,0.00041590,28.42000000
2018-02-26 06:34:44,0.00041600,31.68000000
2018-02-26 06:34:45,0.00041570,5.81000000
2018-02-26 06:34:45,0.00041560,529.49000000
2018-02-26 06:34:45,0.00041550,282.46000000
2018-02-26 06:34:49,0.00041590,3.00000000
2018-02-26 06:34:49,0.00041550,250.00000000
2018-02-26 06:34:49,0.00041580,192.11000000
2018-02-26 06:34:49,0.00041600,172.08000000
2018-02-26 06:34:50,0.00041550,65.81000000
2018-02-26 06:34:51,0.00041550,9.85000000
2018-02-26 06:34:51,0.00041600,128.86000000
2018-02-26 06:34:51,0.00041600,0.10000000
2018-02-26 06:34:51,0.00041550,547.93000000
2018-02-26 06:34:51,0.00041550,3390.56000000
2018-02-26 06:34:51,0.00041550,104.98000000
2018-02-26 06:34:51,0.00041550,314.48000000
2018-02-26 06:34:51,0.00041550,209.81000000
2018-02-26 06:34:51,0.00041550,209.50000000
2018-02-26 06:34:51,0.00041550,24.02000000
2018-02-26 06:34:51,0.00041550,72.20000000
2018-02-26 06:34:52,0.00041530,24.02000000
2018-02-26 06:34:52,0.00041550,814.48000000
2018-02-26 06:34:52,0.00041550,505.34000000
2018-02-26 06:34:52,0.00041550,150.21000000
2018-02-26 06:34:53,0.00041530,25.98000000
2018-02-26 06:34:53,0.00041520,27.42000000
2018-02-26 06:34:53,0.00041510,87.15000000
2018-02-26 06:34:53,0.00041500,4512.48000000
2018-02-26 06:34:53,0.00041500,488.35000000
2018-02-26 06:34:53,0.00041480,10.00000000
2018-02-26 06:34:53,0.00041470,186.61000000
2018-02-26 06:34:53,0.00041460,16.17000000
2018-02-26 06:34:53,0.00041450,6.45000000
2018-02-26 06:34:53,0.00041410,64.00000000
2018-02-26 06:34:53,0.00041400,55.89000000
2018-02-26 06:34:53,0.00041480,256.85000000
2018-02-26 06:34:53,0.00041500,9.91000000
2018-02-26 06:34:53,0.00041500,9.91000000
2018-02-26 06:34:53,0.00041500,7.57000000
2018-02-26 06:34:53,0.00041500,311.69000000
2018-02-26 06:34:53,0.00041500,173.63000000
2018-02-26 06:34:53,0.00041500,5.35000000
2018-02-26 06:34:53,0.00041480,7.56000000
2018-02-26 06:34:53,0.00041480,10.66000000
2018-02-26 06:34:53,0.00041500,12.05000000
2018-02-26 06:34:55,0.00041500,12.02000000
2018-02-26 06:34:55,0.00041500,8.18000000
2018-02-26 06:34:56,0.00041480,12.72000000
2018-02-26 06:34:56,0.00041480,18.81000000
2018-02-26 06:34:56,0.00041500,5.00000000
2018-02-26 06:34:56,0.00041500,1275.42000000
2018-02-26 06:34:56,0.00041510,15.75000000
2018-02-26 06:34:56,0.00041510,59.50000000
2018-02-26 06:34:56,0.00041510,132.83000000
2018-02-26 06:34:56,0.00041510,11.71000000
2018-02-26 06:34:57,0.00041510,117.12000000
2018-02-26 06:34:57,0.00041510,4.24000000
2018-02-26 06:34:57,0.00041510,62.44000000
2018-02-26 06:34:57,0.00041520,50.00000000
2018-02-26 06:34:57,0.00041530,1.20000000
2018-02-26 06:34:58,0.00041510,150.00000000
2018-02-26 06:34:59,0.00041510,142.36000000
2018-02-26 06:34:59,0.00041550,353.64000000
2018-02-26 06:34:59,0.00041590,112.72000000
2018-02-26 06:35:00,0.00041520,112.72000000
2018-02-26 06:35:00,0.00041510,22.28000000
2018-02-26 06:35:00,0.00041510,291.08000000
2018-02-26 06:35:01,0.00041590,12.02000000
2018-02-26 06:35:02,0.00041590,9.10000000
2018-02-26 06:35:02,0.00041510,84.55000000
2018-02-26 06:35:02,0.00041590,6.37000000
2018-02-26 06:35:02,0.00041590,5.05000000
2018-02-26 06:35:02,0.00041510,250.00000000
2018-02-26 06:35:02,0.00041590,18.51000000
2018-02-26 06:35:03,0.00041590,120.22000000
2018-02-26 06:35:03,0.00041590,48.08000000
2018-02-26 06:35:03,0.00041590,25.67000000
2018-02-26 06:35:04,0.00041600,3.11000000
2018-02-26 06:35:04,0.00041590,4.25000000
2018-02-26 06:35:04,0.00041590,6.08000000
2018-02-26 06:35:04,0.00041600,7.21000000
2018-02-26 06:35:04,0.00041600,46.63000000
2018-02-26 06:35:05,0.00041520,120.93000000
2018-02-26 06:35:05,0.00041600,2.64000000
2018-02-26 06:35:05,0.00041600,4.81000000
2018-02-26 06:35:05,0.00041600,48.08000000
2018-02-26 06:35:05,0.00041600,8.65000000
2018-02-26 06:35:05,0.00041600,25.96000000
2018-02-26 06:35:06,0.00041560,17.80000000
2018-02-26 06:35:06,0.00041590,23.60000000
2018-02-26 06:35:06,0.00041590,6.01000000
2018-02-26 06:35:06,0.00041520,121.67000000
2018-02-26 06:35:06,0.00041510,304.98000000
2018-02-26 06:35:06,0.00041480,693.40000000
2018-02-26 06:35:07,0.00041480,14.42000000
2018-02-26 06:35:07,0.00041480,12.02000000
2018-02-26 06:35:07,0.00041480,7.21000000
2018-02-26 06:35:07,0.00041480,900.99000000
2018-02-26 06:35:07,0.00041480,5.41000000
2018-02-26 06:35:07,0.00041480,7.21000000
2018-02-26 06:35:07,0.00041480,4.80000000
2018-02-26 06:35:07,0.00041480,7.21000000
2018-02-26 06:35:08,0.00041480,437.70000000
2018-02-26 06:35:08,0.00041480,245.30000000
2018-02-26 06:35:08,0.00041480,133.38000000
2018-02-26 06:35:08,0.00041480,24.04000000
2018-02-26 06:35:08,0.00041470,5.94000000
2018-02-26 06:35:08,0.00041470,20.78000000
2018-02-26 06:35:08,0.00041470,5.98000000
2018-02-26 06:35:08,0.00041470,7.93000000
2018-02-26 06:35:09,0.00041470,183.27000000
2018-02-26 06:35:09,0.00041480,134.47000000
2018-02-26 06:35:09,0.00041480,121.56000000
2018-02-26 06:35:09,0.00041480,979.28000000
2018-02-26 06:35:10,0.00041480,7.97000000
2018-02-26 06:35:10,0.00041480,2.79000000
2018-02-26 06:35:10,0.00041480,483.43000000
2018-02-26 06:35:10,0.00041480,15.97000000
2018-02-26 06:35:12,0.00041580,3.68000000
2018-02-26 06:35:12,0.00041580,0.31000000
2018-02-26 06:35:12,0.00041500,14.69000000
2018-02-26 06:35:12,0.00041500,35.87000000
2018-02-26 06:35:12,0.00041480,14.94000000
2018-02-26 06:35:12,0.00041450,197.32000000
2018-02-26 06:35:13,0.00041460,33.23000000
2018-02-26 06:35:13,0.00041450,3.06000000
2018-02-26 06:35:13,0.00041450,2.49000000
2018-02-26 06:35:13,0.00041450,96.59000000
2018-02-26 06:35:14,0.00041570,6.62000000
2018-02-26 06:35:14,0.00041570,6.41000000
2018-02-26 06:35:14,0.00041570,2.41000000
2018-02-26 06:35:14,0.00041570,10.76000000
2018-02-26 06:35:14,0.00041590,14.49000000
2018-02-26 06:35:14,0.00041590,9.62000000
2018-02-26 06:35:15,0.00041590,17.07000000
2018-02-26 06:35:16,0.00041580,28.37000000
2018-02-26 06:35:17,0.00041580,3.13000000
2018-02-26 06:35:17,0.00041590,2.16000000
2018-02-26 06:35:18,0.00041480,100.80000000
2018-02-26 06:35:18,0.00041550,8.42000000
2018-02-26 06:35:18,0.00041550,2.89000000
2018-02-26 06:35:19,0.00041550,7.40000000
2018-02-26 06:35:19,0.00041550,12.02000000
2018-02-26 06:35:19,0.00041550,48.13000000
2018-02-26 06:35:22,0.00041540,7.03000000
2018-02-26 06:35:22,0.00041550,6.21000000
2018-02-26 06:35:22,0.00041550,2.41000000
2018-02-26 06:35:23,0.00041550,32.01000000
2018-02-26 06:35:33,0.00041500,6.79000000
2018-02-26 06:35:35,0.00041500,15.00000000
2018-02-26 06:35:35,0.00041500,54.45000000
2018-02-26 06:35:37,0.00041500,56.13000000
2018-02-26 06:35:37,0.00041500,247.32000000
2018-02-26 06:35:38,0.00041540,120.36000000
2018-02-26 06:35:38,0.00041500,106.09000000
2018-02-26 06:35:39,0.00041490,639.27000000
2018-02-26 06:35:40,0.00041500,9.63000000
2018-02-26 06:35:40,0.00041500,280.81000000
2018-02-26 06:35:41,0.00041500,343.20000000
2018-02-26 06:35:52,0.00041510,35.18000000
2018-02-26 06:35:53,0.00041510,42.56000000
2018-02-26 06:35:53,0.00041510,395.42000000
2018-02-26 06:35:53,0.00041500,569.06000000
2018-02-26 06:35:53,0.00041500,437.98000000
2018-02-26 06:35:53,0.00041500,881.46000000
2018-02-26 06:35:53,0.00041480,685.36000000
2018-02-26 06:35:53,0.00041450,732.08000000
2018-02-26 06:35:53,0.00041430,1428.42000000
2018-02-26 06:35:53,0.00041420,21.20000000
2018-02-26 06:35:53,0.00041410,301.47000000
2018-02-26 06:35:53,0.00041400,48.11000000
2018-02-26 06:35:53,0.00041400,14.13000000
2018-02-26 06:35:55,0.00041530,2.64000000
2018-02-26 06:35:58,0.00041540,15.00000000
2018-02-26 06:35:58,0.00041510,9.23000000
2018-02-26 06:36:02,0.00041540,6.02000000
2018-02-26 06:36:03,0.00041540,36.57000000
2018-02-26 06:36:04,0.00041540,24.66000000
2018-02-26 06:36:05,0.00041510,50.06000000
2018-02-26 06:36:06,0.00041530,130.96000000
2018-02-26 06:36:06,0.00041550,135.00000000
2018-02-26 06:36:07,0.00041550,729.32000000
2018-02-26 06:36:07,0.00041550,123.90000000
2018-02-26 06:36:07,0.00041550,6.02000000
2018-02-26 06:36:09,0.00041550,12.76000000
2018-02-26 06:36:10,0.00041520,5.50000000
2018-02-26 06:36:12,0.00041510,13.00000000
2018-02-26 06:36:12,0.00041520,4.81000000
2018-02-26 06:36:15,0.00041520,222.64000000
2018-02-26 06:36:15,0.00041530,4.18000000
2018-02-26 06:36:15,0.00041540,217.64000000
2018-02-26 06:36:15,0.00041540,12.03000000
2018-02-26 06:36:17,0.00041540,3.10000000
2018-02-26 06:36:20,0.00041520,120.06000000
2018-02-26 06:36:20,0.00041540,389.17000000
2018-02-26 06:36:20,0.00041540,13.34000000
2018-02-26 06:36:22,0.00041550,48.13000000
2018-02-26 06:36:22,0.00041550,7.81000000
2018-02-26 06:36:23,0.00041550,3.55000000
2018-02-26 06:36:23,0.00041590,4.38000000
2018-02-26 06:36:25,0.00041540,11.48000000
2018-02-26 06:36:25,0.00041590,4.21000000
2018-02-26 06:36:27,0.00041590,16.11000000
2018-02-26 06:36:27,0.00041590,13.95000000
2018-02-26 06:36:27,0.00041590,252.55000000
2018-02-26 06:36:27,0.00041600,2922.05000000
2018-02-26 06:36:28,0.00041600,12.05000000
2018-02-26 06:36:28,0.00041600,162.93000000
2018-02-26 06:36:28,0.00041650,5.28000000
2018-02-26 06:36:30,0.00041660,14.88000000
2018-02-26 06:36:30,0.00041660,6.00000000
2018-02-26 06:36:31,0.00041600,246.33000000
2018-02-26 06:36:32,0.00041660,28.80000000
2018-02-26 06:36:32,0.00041660,275.32000000
2018-02-26 06:36:32,0.00041670,186.69000000
2018-02-26 06:36:32,0.00041670,7.45000000
2018-02-26 06:36:32,0.00041720,10.00000000
2018-02-26 06:36:32,0.00041760,14.06000000
2018-02-26 06:36:32,0.00041670,25.33000000
2018-02-26 06:36:32,0.00041670,94.00000000
2018-02-26 06:36:32,0.00041670,93.99000000
2018-02-26 06:36:32,0.00041670,5.22000000
2018-02-26 06:36:32,0.00041670,51.46000000
2018-02-26 06:36:32,0.00041670,10.64000000
2018-02-26 06:36:33,0.00041670,7.04000000
2018-02-26 06:36:33,0.00041670,26.07000000
2018-02-26 06:36:34,0.00041750,5.99000000
2018-02-26 06:36:35,0.00041720,75.05000000
2018-02-26 06:36:35,0.00041750,11.98000000
2018-02-26 06:36:35,0.00041720,597.47000000
2018-02-26 06:36:35,0.00041750,5.99000000
2018-02-26 06:36:35,0.00041670,3.18000000
2018-02-26 06:36:35,0.00041750,32.57000000
2018-02-26 06:36:36,0.00041740,9.97000000
2018-02-26 06:36:36,0.00041740,4.09000000
2018-02-26 06:36:36,0.00041670,134.29000000
2018-02-26 06:36:36,0.00041670,4.08000000
2018-02-26 06:36:36,0.00041750,8.38000000
2018-02-26 06:36:36,0.00041750,2.40000000
2018-02-26 06:36:37,0.00041750,7.19000000
2018-02-26 06:36:38,0.00041750,2.40000000
2018-02-26 06:36:38,0.00041750,3.59000000
2018-02-26 06:36:39,0.00041750,21.04000000
2018-02-26 06:36:39,0.00041750,196.78000000
2018-02-26 06:36:39,0.00041670,365.17000000
2018-02-26 06:36:39,0.00041610,307.12000000
2018-02-26 06:36:39,0.00041600,548.55000000
2018-02-26 06:36:40,0.00041760,10.77000000
2018-02-26 06:36:41,0.00041750,42.37000000
2018-02-26 06:36:41,0.00041750,5.63000000
2018-02-26 06:36:43,0.00041750,14.35000000
2018-02-26 06:36:43,0.00041750,0.02000000
2018-02-26 06:36:44,0.00041760,135.00000000
2018-02-26 06:36:45,0.00041760,19.16000000
2018-02-26 06:36:45,0.00041750,5.99000000
2018-02-26 06:36:46,0.00041630,6.99000000
2018-02-26 06:36:47,0.00041740,6.99000000
2018-02-26 06:36:47,0.00041750,22.46000000
2018-02-26 06:36:47,0.00041750,8.38000000
2018-02-26 06:36:54,0.00041740,7.19000000
2018-02-26 06:36:56,0.00041740,216.71000000
2018-02-26 06:36:56,0.00041750,70.35000000
2018-02-26 06:37:02,0.00041740,205.84000000
2018-02-26 06:37:02,0.00041750,64.16000000
2018-02-26 06:37:02,0.00041750,2.87000000
2018-02-26 06:37:03,0.00041740,5.88000000
2018-02-26 06:37:03,0.00041750,71.66000000
2018-02-26 06:37:07,0.00041750,16.53000000
2018-02-26 06:37:08,0.00041740,5.26000000
2018-02-26 06:37:08,0.00041740,23.95000000
2018-02-26 06:37:11,0.00041700,10.15000000
2018-02-26 06:37:12,0.00041700,4.85000000
2018-02-26 06:37:12,0.00041690,11.99000000
2018-02-26 06:37:12,0.00041680,91.06000000
2018-02-26 06:37:14,0.00041740,366.66000000
2018-02-26 06:37:16,0.00041740,54.31000000
2018-02-26 06:37:22,0.00041740,16.77000000
2018-02-26 06:37:24,0.00041720,50.00000000
2018-02-26 06:37:25,0.00041740,18.07000000
2018-02-26 06:37:29,0.00041680,48.96000000
2018-02-26 06:37:32,0.00041730,20.00000000
2018-02-26 06:37:32,0.00041730,21.32000000
2018-02-26 06:37:32,0.00041730,10.57000000
2018-02-26 06:37:32,0.00041690,3.27000000
2018-02-26 06:37:32,0.00041680,48.50000000
2018-02-26 06:37:32,0.00041660,83.88000000
2018-02-26 06:37:32,0.00041650,49.12000000
2018-02-26 06:37:32,0.00041600,79.35000000
2018-02-26 06:37:33,0.00041720,15.00000000
2018-02-26 06:37:34,0.00041720,25.00000000
2018-02-26 06:37:34,0.00041720,17.46000000
2018-02-26 06:37:35,0.00041720,23.96000000
2018-02-26 06:37:35,0.00041720,157.48000000
2018-02-26 06:37:36,0.00041730,43.06000000
2018-02-26 06:37:36,0.00041730,43.07000000
2018-02-26 06:37:36,0.00041730,35.89000000
2018-02-26 06:37:36,0.00041730,43.07000000
2018-02-26 06:37:36,0.00041730,23.96000000
2018-02-26 06:37:36,0.00041730,35.89000000
2018-02-26 06:37:36,0.00041730,43.07000000
2018-02-26 06:37:37,0.00041730,50.00000000
2018-02-26 06:37:40,0.00041730,20.88000000
2018-02-26 06:37:41,0.00041730,4.55000000
2018-02-26 06:37:43,0.00041710,15.00000000
2018-02-26 06:37:43,0.00041710,5.00000000
2018-02-26 06:37:44,0.00041700,52.35000000
2018-02-26 06:37:44,0.00041700,25.57000000
2018-02-26 06:37:45,0.00041700,22.74000000
2018-02-26 06:37:46,0.00041710,5.00000000
2018-02-26 06:37:48,0.00041710,5.00000000
2018-02-26 06:37:49,0.00041710,13.06000000
2018-02-26 06:37:50,0.00041700,84.85000000
2018-02-26 06:37:50,0.00041700,373.99000000
2018-02-26 06:37:56,0.00041700,23.35000000
2018-02-26 06:37:58,0.00041630,250.00000000
2018-02-26 06:38:01,0.00041630,159.13000000
2018-02-26 06:38:04,0.00041700,27.23000000
2018-02-26 06:38:04,0.00041630,13.68000000
2018-02-26 06:38:08,0.00041690,5.00000000
2018-02-26 06:38:08,0.00041700,5.79000000
2018-02-26 06:38:10,0.00041690,30.00000000
2018-02-26 06:38:18,0.00041650,1.62000000
2018-02-26 06:38:19,0.00041670,3.59000000
2018-02-26 06:38:20,0.00041670,165.40000000
2018-02-26 06:38:21,0.00041680,71.78000000
2018-02-26 06:38:23,0.00041700,10.00000000
2018-02-26 06:38:30,0.00041700,1.92000000
2018-02-26 06:38:31,0.00041700,4.92000000
2018-02-26 06:38:33,0.00041680,7.69000000
2018-02-26 06:38:33,0.00041650,5.85000000
2018-02-26 06:38:34,0.00041660,23.98000000
2018-02-26 06:38:34,0.00041660,84.62000000
2018-02-26 06:38:42,0.00041700,10.36000000
2018-02-26 06:38:44,0.00041650,13.99000000
2018-02-26 06:38:45,0.00041700,326.23000000
2018-02-26 06:38:46,0.00041700,70.18000000
2018-02-26 06:38:47,0.00041730,75.71000000
2018-02-26 06:38:49,0.00041700,66.48000000
2018-02-26 06:38:56,0.00041730,59.90000000
2018-02-26 06:38:58,0.00041690,4.79000000
2018-02-26 06:38:59,0.00041700,7.19000000
2018-02-26 06:38:59,0.00041700,8.39000000
2018-02-26 06:39:02,0.00041670,3.00000000
2018-02-26 06:39:02,0.00041690,4.87000000
2018-02-26 06:39:03,0.00041690,16.09000000
2018-02-26 06:39:03,0.00041700,33.91000000
2018-02-26 06:39:05,0.00041680,5.10000000
2018-02-26 06:39:05,0.00041670,399.96000000
2018-02-26 06:39:05,0.00041660,498.19000000
2018-02-26 06:39:05,0.00041660,516.53000000
2018-02-26 06:39:05,0.00041660,12.00000000
2018-02-26 06:39:06,0.00041660,21.23000000
2018-02-26 06:39:06,0.00041660,5.87000000
2018-02-26 06:39:07,0.00041660,3.60000000
2018-02-26 06:39:10,0.00041660,977.67000000
2018-02-26 06:39:11,0.00041660,790.28000000
2018-02-26 06:39:14,0.00041660,44.07000000
2018-02-26 06:39:20,0.00041690,12.72000000
2018-02-26 06:39:23,0.00041690,64.59000000
2018-02-26 06:39:28,0.00041680,25.00000000
2018-02-26 06:39:28,0.00041700,155.81000000
2018-02-26 06:39:30,0.00041680,30.00000000
2018-02-26 06:39:33,0.00041700,21.51000000
2018-02-26 06:39:33,0.00041700,23.98000000
2018-02-26 06:39:38,0.00041700,79.66000000
2018-02-26 06:39:40,0.00041700,50.27000000
2018-02-26 06:39:40,0.00041700,56.96000000
2018-02-26 06:39:41,0.00041700,17.85000000
2018-02-26 06:39:41,0.00041680,171.85000000
2018-02-26 06:39:41,0.00041670,296.90000000
2018-02-26 06:39:41,0.00041700,126.62000000
2018-02-26 06:39:44,0.00041700,471.07000000
2018-02-26 06:39:44,0.00041710,2.53000000
2018-02-26 06:39:44,0.00041730,26.40000000
2018-02-26 06:39:51,0.00041660,762.49000000
2018-02-26 06:39:51,0.00041660,266.94000000
2018-02-26 06:39:51,0.00041700,2.40000000
2018-02-26 06:39:56,0.00041700,47.60000000
2018-02-26 06:39:56,0.00041730,21.80000000
2018-02-26 06:39:56,0.00041740,5.78000000
2018-02-26 06:39:56,0.00041750,448.23000000
2018-02-26 06:39:59,0.00041670,226.00000000
2018-02-26 06:40:02,0.00041670,41.00000000
2018-02-26 06:40:03,0.00041740,178.04000000
2018-02-26 06:40:03,0.00041670,25.46000000
2018-02-26 06:40:04,0.00041660,60.57000000
2018-02-26 06:40:04,0.00041670,23.36000000
2018-02-26 06:40:09,0.00041720,33.00000000
2018-02-26 06:40:09,0.00041660,4.00000000
2018-02-26 06:40:10,0.00041720,15.00000000
2018-02-26 06:40:10,0.00041730,77.00000000
2018-02-26 06:40:11,0.00041660,4.19000000
2018-02-26 06:40:13,0.00041670,227.00000000
2018-02-26 06:40:13,0.00041660,1473.57000000
2018-02-26 06:40:14,0.00041720,11.10000000
2018-02-26 06:40:15,0.00041720,2.40000000
2018-02-26 06:40:16,0.00041720,14.62000000
2018-02-26 06:40:24,0.00041720,6.93000000
2018-02-26 06:40:25,0.00041720,43.16000000
2018-02-26 06:40:29,0.00041720,158.08000000
2018-02-26 06:40:29,0.00041720,46.60000000
2018-02-26 06:40:30,0.00041730,0.01000000
2018-02-26 06:40:31,0.00041730,5.99000000
2018-02-26 06:40:34,0.00041720,95.66000000
2018-02-26 06:40:37,0.00041720,215.67000000
2018-02-26 06:40:38,0.00041720,13.89000000
2018-02-26 06:40:43,0.00041720,730.60000000
2018-02-26 06:40:43,0.00041720,367.37000000
2018-02-26 06:40:45,0.00041720,485.84000000
2018-02-26 06:40:47,0.00041700,4.79000000
2018-02-26 06:40:50,0.00041680,4.08000000
2018-02-26 06:40:51,0.00041680,366.30000000
2018-02-26 06:40:54,0.00041690,4.77000000
2018-02-26 06:40:55,0.00041720,2225.92000000
2018-02-26 06:40:58,0.00041690,24.00000000
2018-02-26 06:41:10,0.00041700,21.55000000
2018-02-26 06:41:15,0.00041700,12.14000000
2018-02-26 06:41:20,0.00041700,8.00000000
2018-02-26 06:41:21,0.00041730,17.00000000
2018-02-26 06:41:25,0.00041730,96.87000000
2018-02-26 06:41:25,0.00041750,124.35000000
2018-02-26 06:41:25,0.00041710,29.16000000
2018-02-26 06:41:32,0.00041730,12.34000000
2018-02-26 06:41:32,0.00041750,18.14000000
2018-02-26 06:41:38,0.00041750,250.44000000
2018-02-26 06:41:40,0.00041750,6.11000000
2018-02-26 06:41:44,0.00041750,6.72000000
2018-02-26 06:41:44,0.00041760,20.89000000
2018-02-26 06:41:44,0.00041770,23.33000000
2018-02-26 06:41:44,0.00041780,11.67000000
2018-02-26 06:41:45,0.00041750,20.84000000
2018-02-26 06:41:49,0.00041710,37.99000000
2018-02-26 06:41:50,0.00041730,4.80000000
2018-02-26 06:41:51,0.00041780,18.88000000
2018-02-26 06:41:54,0.00041780,8.38000000
2018-02-26 06:41:56,0.00041780,478.69000000
2018-02-26 06:41:57,0.00041780,735.27000000
2018-02-26 06:41:57,0.00041790,162.80000000
2018-02-26 06:41:57,0.00041800,2434.93000000
2018-02-26 06:41:58,0.00041730,0.01000000
2018-02-26 06:41:59,0.00041800,879.20000000
2018-02-26 06:42:02,0.00041760,5.08000000
2018-02-26 06:42:02,0.00041760,15.92000000
2018-02-26 06:42:03,0.00041800,1891.55000000
2018-02-26 06:42:04,0.00041760,0.02000000
2018-02-26 06:42:04,0.00041730,14.49000000
2018-02-26 06:42:04,0.00041800,146.51000000
2018-02-26 06:42:05,0.00041800,1374.28000000
2018-02-26 06:42:05,0.00041800,13.76000000
2018-02-26 06:42:05,0.00041800,138.50000000
2018-02-26 06:42:06,0.00041800,13.96000000
2018-02-26 06:42:06,0.00041800,83.03000000
2018-02-26 06:42:06,0.00041800,12.00000000
2018-02-26 06:42:12,0.00041800,4.45000000
2018-02-26 06:42:13,0.00041800,4.45000000
2018-02-26 06:42:13,0.00041800,192.67000000
2018-02-26 06:42:15,0.00041800,24.41000000
2018-02-26 06:42:16,0.00041850,5.97000000
2018-02-26 06:42:18,0.00041800,4.23000000
2018-02-26 06:42:18,0.00041850,32.21000000
2018-02-26 06:42:18,0.00041860,66.47000000
2018-02-26 06:42:18,0.00041890,101.32000000
2018-02-26 06:42:20,0.00041800,21.26000000
2018-02-26 06:42:24,0.00041810,4.23000000
2018-02-26 06:42:31,0.00041810,58.20000000
2018-02-26 06:42:38,0.00041810,6.30000000
2018-02-26 06:42:39,0.00041850,38.36000000
2018-02-26 06:42:39,0.00041870,36.19000000
2018-02-26 06:42:39,0.00041880,19.27000000
2018-02-26 06:42:40,0.00041850,30.00000000
2018-02-26 06:42:40,0.00041850,8.36000000
2018-02-26 06:42:40,0.00041810,11.58000000
2018-02-26 06:42:45,0.00041880,0.05000000
2018-02-26 06:42:51,0.00041880,31.11000000
2018-02-26 06:42:58,0.00041880,69.73000000
2018-02-26 06:42:58,0.00041890,142.69000000
2018-02-26 06:43:00,0.00041890,87.14000000
2018-02-26 06:43:05,0.00041890,86.98000000
2018-02-26 06:43:05,0.00041890,170.00000000
2018-02-26 06:43:08,0.00041890,28.92000000
2018-02-26 06:43:08,0.00041890,13.12000000
2018-02-26 06:43:08,0.00041890,3.03000000
2018-02-26 06:43:08,0.00041880,23.83000000
2018-02-26 06:43:08,0.00041880,13.10000000
2018-02-26 06:43:14,0.00041890,206.63000000
2018-02-26 06:43:14,0.00041880,62.57000000
2018-02-26 06:43:16,0.00041830,227.00000000
2018-02-26 06:43:16,0.00041820,4577.44000000
2018-02-26 06:43:16,0.00041820,28.69000000
2018-02-26 06:43:17,0.00041820,42.05000000
2018-02-26 06:43:18,0.00041820,31.73000000
2018-02-26 06:43:18,0.00041820,90.27000000
2018-02-26 06:43:19,0.00041810,4.21000000
2018-02-26 06:43:19,0.00041820,20.00000000
2018-02-26 06:43:19,0.00041820,21.23000000
2018-02-26 06:43:20,0.00041810,3.11000000
2018-02-26 06:43:20,0.00041810,53.90000000
2018-02-26 06:43:21,0.00041810,107.07000000
2018-02-26 06:43:22,0.00041820,78.77000000
2018-02-26 06:43:27,0.00041810,191.33000000
2018-02-26 06:43:27,0.00041800,8.01000000
2018-02-26 06:43:27,0.00041790,5.00000000
2018-02-26 06:43:27,0.00041750,13.98000000
2018-02-26 06:43:27,0.00041730,192.93000000
2018-02-26 06:43:27,0.00041720,624.50000000
2018-02-26 06:43:27,0.00041710,516.45000000
2018-02-26 06:43:27,0.00041710,329.09000000
2018-02-26 06:43:27,0.00041710,119.79000000
2018-02-26 06:43:27,0.00041710,6.36000000
2018-02-26 06:43:27,0.00041710,6.53000000
2018-02-26 06:43:27,0.00041710,6.53000000
2018-02-26 06:43:27,0.00041710,11.61000000
2018-02-26 06:43:28,0.00041710,15.60000000
2018-02-26 06:43:28,0.00041710,25.00000000
2018-02-26 06:43:28,0.00041710,8.71000000
2018-02-26 06:43:28,0.00041700,10.48000000
2018-02-26 06:43:30,0.00041710,4.07000000
2018-02-26 06:43:32,0.00041700,109.52000000
2018-02-26 06:43:32,0.00041690,219.14000000
2018-02-26 06:43:35,0.00041710,20.62000000
2018-02-26 06:43:35,0.00041710,8.39000000
2018-02-26 06:43:35,0.00041690,240.77000000
2018-02-26 06:43:36,0.00041690,130.04000000
2018-02-26 06:43:40,0.00041710,1527.75000000
2018-02-26 06:43:40,0.00041710,231.76000000
2018-02-26 06:43:40,0.00041710,202.63000000
2018-02-26 06:43:43,0.00041720,257.02000000
2018-02-26 06:43:45,0.00041720,0.68000000
2018-02-26 06:43:46,0.00041720,36.41000000
2018-02-26 06:43:46,0.00041710,3163.46000000
2018-02-26 06:43:46,0.00041710,126.79000000
2018-02-26 06:43:46,0.00041710,212.40000000
2018-02-26 06:43:49,0.00041700,78.94000000
2018-02-26 06:43:49,0.00041690,46.50000000
2018-02-26 06:43:49,0.00041710,0.68000000
2018-02-26 06:43:49,0.00041710,102.51000000
2018-02-26 06:43:51,0.00041700,185.40000000
2018-02-26 06:43:54,0.00041690,242.83000000
2018-02-26 06:43:58,0.00041690,126.78000000
2018-02-26 06:43:58,0.00041690,7.33000000
2018-02-26 06:43:58,0.00041690,7.04000000
2018-02-26 06:43:58,0.00041690,20.00000000
2018-02-26 06:43:59,0.00041690,66.39000000
2018-02-26 06:44:02,0.00041710,3.18000000
2018-02-26 06:44:02,0.00041710,24.55000000
2018-02-26 06:44:03,0.00041710,154.43000000
2018-02-26 06:44:11,0.00041800,195.00000000
2018-02-26 06:44:12,0.00041710,0.01000000
2018-02-26 06:44:12,0.00041690,104.39000000
2018-02-26 06:44:12,0.00041690,72.35000000
2018-02-26 06:44:32,0.00041720,45.00000000
2018-02-26 06:44:32,0.00041710,44.23000000
2018-02-26 06:44:35,0.00041710,68.56000000
2018-02-26 06:44:35,0.00041710,158.13000000
2018-02-26 06:44:36,0.00041710,50.42000000
2018-02-26 06:44:42,0.00041710,0.01000000
2018-02-26 06:44:46,0.00041710,18.69000000
2018-02-26 06:44:46,0.00041700,41.68000000
2018-02-26 06:44:47,0.00041710,80.90000000
2018-02-26 06:44:49,0.00041710,0.01000000
2018-02-26 06:44:49,0.00041760,3.89000000
2018-02-26 06:44:51,0.00041760,191.18000000
2018-02-26 06:44:52,0.00041760,90.19000000
2018-02-26 06:44:52,0.00041800,62.11000000
2018-02-26 06:44:54,0.00041800,1.88000000
2018-02-26 06:44:54,0.00041710,2.40000000
2018-02-26 06:45:12,0.00041770,8.38000000
2018-02-26 06:45:13,0.00041770,6.33000000
2018-02-26 06:45:17,0.00041770,47.88000000
2018-02-26 06:45:20,0.00041770,3.28000000
2018-02-26 06:45:24,0.00041760,2.46000000
2018-02-26 06:45:27,0.00041760,18.85000000
2018-02-26 06:45:27,0.00041770,60.83000000
2018-02-26 06:45:27,0.00041780,25.52000000
2018-02-26 06:45:27,0.00041720,350.00000000
2018-02-26 06:45:31,0.00041720,60.61000000
2018-02-26 06:45:33,0.00041720,58.44000000
2018-02-26 06:45:36,0.00041720,58.46000000
2018-02-26 06:45:36,0.00041770,5.33000000
2018-02-26 06:45:38,0.00041770,11.97000000
2018-02-26 06:45:41,0.00041770,2.87000000
2018-02-26 06:45:41,0.00041770,39.42000000
2018-02-26 06:45:51,0.00041710,32.72000000
2018-02-26 06:45:55,0.00041720,14.13000000
2018-02-26 06:45:55,0.00041710,61.82000000
2018-02-26 06:46:05,0.00041760,7.78000000
2018-02-26 06:46:05,0.00041770,3.55000000
2018-02-26 06:46:07,0.00041720,35.24000000
2018-02-26 06:46:11,0.00041720,3.56000000
2018-02-26 06:46:14,0.00041770,58.26000000
2018-02-26 06:46:15,0.00041710,38.40000000
2018-02-26 06:46:22,0.00041760,88.94000000
2018-02-26 06:46:22,0.00041770,41.99000000
2018-02-26 06:46:26,0.00041720,7.55000000
2018-02-26 06:46:26,0.00041710,264.39000000
2018-02-26 06:46:28,0.00041760,25.90000000
2018-02-26 06:46:28,0.00041760,107.51000000
2018-02-26 06:46:28,0.00041760,180.16000000
2018-02-26 06:46:36,0.00041720,21.34000000
2018-02-26 06:46:36,0.00041710,248.19000000
2018-02-26 06:46:43,0.00041710,1.00000000
2018-02-26 06:46:49,0.00041710,12.73000000
2018-02-26 06:46:50,0.00041710,12.29000000
2018-02-26 06:46:50,0.00041710,7.79000000
2018-02-26 06:46:55,0.00041710,23.98000000
2018-02-26 06:46:56,0.00041700,92.41000000
2018-02-26 06:47:00,0.00041710,23.92000000
2018-02-26 06:47:00,0.00041710,23.93000000
2018-02-26 06:47:00,0.00041710,5.93000000
2018-02-26 06:47:00,0.00041750,23.04000000
2018-02-26 06:47:01,0.00041750,20.00000000
2018-02-26 06:47:02,0.00041720,31.00000000
2018-02-26 06:47:11,0.00041740,4.31000000
2018-02-26 06:47:18,0.00041740,48.14000000
2018-02-26 06:47:27,0.00041720,1097.06000000
2018-02-26 06:47:28,0.00041720,76.12000000
2018-02-26 06:47:29,0.00041710,12.31000000
2018-02-26 06:47:29,0.00041700,41.59000000
2018-02-26 06:47:37,0.00041740,49.73000000
2018-02-26 06:47:39,0.00041760,16.51000000
2018-02-26 06:47:43,0.00041700,0.08000000
2018-02-26 06:47:48,0.00041760,150.98000000
2018-02-26 06:47:48,0.00041770,345.95000000
2018-02-26 06:47:49,0.00041770,0.08000000
2018-02-26 06:47:54,0.00041770,0.08000000
2018-02-26 06:47:54,0.00041770,101.00000000
2018-02-26 06:47:57,0.00041720,4.72000000
2018-02-26 06:47:57,0.00041700,9.41000000
2018-02-26 06:48:04,0.00041710,11.33000000
2018-02-26 06:48:05,0.00041710,121.98000000
2018-02-26 06:48:08,0.00041710,0.01000000
2018-02-26 06:48:08,0.00041700,41.39000000
2018-02-26 06:48:09,0.00041700,4.24000000
2018-02-26 06:48:09,0.00041700,19.67000000
2018-02-26 06:48:15,0.00041700,1148.90000000
2018-02-26 06:48:15,0.00041690,99.56000000
2018-02-26 06:48:15,0.00041690,20.00000000
2018-02-26 06:48:16,0.00041690,170.71000000
2018-02-26 06:48:17,0.00041690,7.04000000
2018-02-26 06:48:17,0.00041690,8.11000000
2018-02-26 06:48:17,0.00041690,7.05000000
2018-02-26 06:48:17,0.00041690,8.11000000
2018-02-26 06:48:18,0.00041690,7.06000000
2018-02-26 06:48:18,0.00041690,7.06000000
2018-02-26 06:48:18,0.00041690,7.06000000
2018-02-26 06:48:18,0.00041690,136.75000000
2018-02-26 06:48:21,0.00041690,46.00000000
2018-02-26 06:48:24,0.00041690,50.00000000
2018-02-26 06:48:24,0.00041690,132.74000000
2018-02-26 06:48:25,0.00041690,129.95000000
2018-02-26 06:48:26,0.00041690,18.57000000
2018-02-26 06:48:27,0.00041690,143.22000000
2018-02-26 06:48:27,0.00041680,5.56000000
2018-02-26 06:48:27,0.00041670,32.69000000
2018-02-26 06:48:30,0.00041670,59.35000000
2018-02-26 06:48:31,0.00041670,35.96000000
2018-02-26 06:48:36,0.00041680,6.78000000
2018-02-26 06:48:36,0.00041690,0.52000000
2018-02-26 06:48:49,0.00041670,0.02000000
2018-02-26 06:48:50,0.00041620,14.73000000
2018-02-26 06:48:51,0.00041610,8.83000000
2018-02-26 06:48:54,0.00041610,345.76000000
2018-02-26 06:48:54,0.00041600,1000.16000000
2018-02-26 06:48:59,0.00041600,322.16000000
2018-02-26 06:49:01,0.00041600,251.94000000
2018-02-26 06:49:01,0.00041600,268.19000000
2018-02-26 06:49:01,0.00041600,128.63000000
2018-02-26 06:49:05,0.00041600,72.40000000
2018-02-26 06:49:05,0.00041600,141.54000000
2018-02-26 06:49:05,0.00041590,9.62000000
2018-02-26 06:49:05,0.00041560,17.33000000
2018-02-26 06:49:09,0.00041590,4.78000000
2018-02-26 06:49:10,0.00041590,20.00000000
2018-02-26 06:49:10,0.00041590,8.98000000
2018-02-26 06:49:11,0.00041570,14.98000000
2018-02-26 06:49:12,0.00041570,39.65000000
2018-02-26 06:49:12,0.00041590,49.42000000
2018-02-26 06:49:12,0.00041600,26.67000000
2018-02-26 06:49:16,0.00041570,123.39000000
2018-02-26 06:49:16,0.00041570,96.29000000
2018-02-26 06:49:18,0.00041570,245.88000000
2018-02-26 06:49:18,0.00041560,254.12000000
2018-02-26 06:49:19,0.00041560,92.00000000
2018-02-26 06:49:23,0.00041570,15.82000000
2018-02-26 06:49:23,0.00041560,182.26000000
2018-02-26 06:49:26,0.00041590,30.05000000
2018-02-26 06:49:28,0.00041570,12.03000000
2018-02-26 06:49:28,0.00041560,81.83000000
2018-02-26 06:49:29,0.00041580,24.08000000
2018-02-26 06:49:29,0.00041590,4.80000000
2018-02-26 06:49:29,0.00041600,467.76000000
2018-02-26 06:49:31,0.00041570,100.00000000
2018-02-26 06:49:31,0.00041560,423.00000000
2018-02-26 06:49:31,0.00041550,1368.55000000
2018-02-26 06:49:37,0.00041600,20.26000000
2018-02-26 06:49:41,0.00041600,88.95000000
2018-02-26 06:49:59,0.00041560,76.61000000
2018-02-26 06:50:02,0.00041570,12.01000000
2018-02-26 06:50:02,0.00041600,96.82000000
2018-02-26 06:50:02,0.00041620,227.00000000
2018-02-26 06:50:02,0.00041620,6.11000000
2018-02-26 06:50:02,0.00041620,61.42000000
2018-02-26 06:50:02,0.00041620,24.02000000
2018-02-26 06:50:02,0.00041620,51.84000000
2018-02-26 06:50:02,0.00041570,0.02000000
2018-02-26 06:50:02,0.00041560,24.10000000
2018-02-26 06:50:02,0.00041560,4.25000000
2018-02-26 06:50:02,0.00041560,51.79000000
2018-02-26 06:50:02,0.00041560,51.73000000
2018-02-26 06:50:07,0.00041580,40.70000000
2018-02-26 06:50:07,0.00041560,25.90000000
2018-02-26 06:50:10,0.00041570,323.44000000
2018-02-26 06:50:10,0.00041570,18.53000000
2018-02-26 06:50:11,0.00041620,4.24000000
2018-02-26 06:50:14,0.00041620,71.73000000
2018-02-26 06:50:14,0.00041670,10.27000000
2018-02-26 06:50:15,0.00041570,537.07000000
2018-02-26 06:50:16,0.00041660,0.32000000
2018-02-26 06:50:17,0.00041570,54.48000000
2018-02-26 06:50:17,0.00041570,10.90000000
2018-02-26 06:50:18,0.00041570,231.50000000
2018-02-26 06:50:18,0.00041570,3.19000000
2018-02-26 06:50:18,0.00041570,19.23000000
2018-02-26 06:50:25,0.00041570,764.96000000
2018-02-26 06:50:25,0.00041570,4.25000000
2018-02-26 06:50:27,0.00041570,3.19000000
2018-02-26 06:50:27,0.00041570,28.76000000
2018-02-26 06:50:29,0.00041590,38.77000000
2018-02-26 06:50:29,0.00041580,239.93000000
2018-02-26 06:50:30,0.00041580,2.41000000
2018-02-26 06:50:30,0.00041580,24.50000000
2018-02-26 06:50:32,0.00041580,278.49000000
2018-02-26 06:50:33,0.00041660,302.21000000
2018-02-26 06:50:34,0.00041580,2.97000000
2018-02-26 06:50:36,0.00041580,115.70000000
2018-02-26 06:50:37,0.00041580,4.25000000
2018-02-26 06:50:37,0.00041580,4.25000000
2018-02-26 06:50:38,0.00041580,819.09000000
2018-02-26 06:50:38,0.00041580,118.90000000
2018-02-26 06:50:38,0.00041580,42.60000000
2018-02-26 06:50:38,0.00041580,36.42000000
2018-02-26 06:50:39,0.00041580,43.72000000
2018-02-26 06:50:39,0.00041580,15.00000000
2018-02-26 06:50:40,0.00041570,193.43000000
2018-02-26 06:50:40,0.00041560,592.66000000
2018-02-26 06:50:40,0.00041550,643.45000000
2018-02-26 06:50:40,0.00041540,1057.21000000
2018-02-26 06:50:40,0.00041520,2222.00000000
2018-02-26 06:50:40,0.00041510,3.00000000
2018-02-26 06:50:40,0.00041500,1965.52000000
