DATE,PRICE,VOLUME
2018-02-25 17:00:12,0.00039060,317.23000000
2018-02-25 17:00:22,0.00039060,228.74000000
2018-02-25 17:00:28,0.00039060,225.75000000
2018-02-25 17:00:38,0.00039060,67.00000000
2018-02-25 17:00:41,0.00039070,25.59000000
2018-02-25 17:00:42,0.00039070,25.59000000
2018-02-25 17:00:44,0.00039060,24.89000000
2018-02-25 17:00:45,0.00039070,25.01000000
2018-02-25 17:00:46,0.00039070,16.14000000
2018-02-25 17:00:51,0.00039060,109.88000000
2018-02-25 17:00:53,0.00039070,20.00000000
2018-02-25 17:00:56,0.00039070,549.95000000
2018-02-25 17:00:56,0.00039070,48.00000000
2018-02-25 17:00:56,0.00039070,117.88000000
2018-02-25 17:00:56,0.00039060,222.12000000
2018-02-25 17:01:09,0.00039060,119.61000000
2018-02-25 17:01:11,0.00039090,36.21000000
2018-02-25 17:01:11,0.00039100,64.19000000
2018-02-25 17:01:24,0.00039100,209.38000000
2018-02-25 17:01:40,0.00039100,24.49000000
2018-02-25 17:01:42,0.00039070,17.40000000
2018-02-25 17:01:46,0.00039100,8.00000000
2018-02-25 17:01:49,0.00039100,55.00000000
2018-02-25 17:02:13,0.00039100,112.90000000
2018-02-25 17:02:42,0.00039100,173.75000000
2018-02-25 17:02:44,0.00039100,20.00000000
2018-02-25 17:02:45,0.00039100,778.65000000
2018-02-25 17:02:46,0.00039100,146.81000000
2018-02-25 17:02:49,0.00039100,20.00000000
2018-02-25 17:02:49,0.00039100,40.77000000
2018-02-25 17:02:49,0.00039100,171.21000000
2018-02-25 17:02:50,0.00039100,5.11000000
2018-02-25 17:03:02,0.00039100,10.00000000
2018-02-25 17:03:06,0.00039100,74.72000000
2018-02-25 17:03:06,0.00039100,197.24000000
2018-02-25 17:03:06,0.00039100,63.78000000
2018-02-25 17:03:07,0.00039100,45.07000000
2018-02-25 17:03:07,0.00039100,4.00000000
2018-02-25 17:03:07,0.00039100,15.76000000
2018-02-25 17:03:07,0.00039100,9.91000000
2018-02-25 17:03:10,0.00039100,255.52000000
2018-02-25 17:03:10,0.00039100,452.62000000
2018-02-25 17:03:10,0.00039100,22.30000000
2018-02-25 17:03:15,0.00039100,530.25000000
2018-02-25 17:03:16,0.00039110,25.57000000
2018-02-25 17:03:16,0.00039080,26.76000000
2018-02-25 17:03:17,0.00039110,22.78000000
2018-02-25 17:03:20,0.00039110,303.76000000
2018-02-25 17:03:21,0.00039110,608.23000000
2018-02-25 17:03:23,0.00039110,43.07000000
2018-02-25 17:03:23,0.00039110,56.39000000
2018-02-25 17:03:25,0.00039110,133.09000000
2018-02-25 17:03:25,0.00039110,16.42000000
2018-02-25 17:03:50,0.00039100,342.83000000
2018-02-25 17:03:50,0.00039100,134.87000000
2018-02-25 17:03:57,0.00039100,276.49000000
2018-02-25 17:04:10,0.00039110,279.06000000
2018-02-25 17:04:15,0.00039110,42.14000000
2018-02-25 17:04:25,0.00039110,243.77000000
2018-02-25 17:04:38,0.00039110,14.22000000
2018-02-25 17:04:40,0.00039110,138.65000000
2018-02-25 17:04:41,0.00039110,860.27000000
2018-02-25 17:04:45,0.00039110,25.54000000
2018-02-25 17:05:09,0.00039110,1010.36000000
2018-02-25 17:05:09,0.00039110,841.86000000
2018-02-25 17:05:09,0.00039110,1010.23000000
2018-02-25 17:05:09,0.00039110,76.51000000
2018-02-25 17:05:09,0.00039110,25.56000000
2018-02-25 17:05:10,0.00039100,76.51000000
2018-02-25 17:05:10,0.00039110,12.77000000
2018-02-25 17:05:25,0.00039110,829.06000000
2018-02-25 17:05:35,0.00039110,159.04000000
2018-02-25 17:05:40,0.00039110,192.46000000
2018-02-25 17:05:44,0.00039110,53.94000000
2018-02-25 17:05:59,0.00039110,83.31000000
2018-02-25 17:06:08,0.00039110,100.00000000
2018-02-25 17:06:08,0.00039110,14.43000000
2018-02-25 17:06:11,0.00039110,3.37000000
2018-02-25 17:06:33,0.00039100,202.57000000
2018-02-25 17:06:33,0.00039110,59.98000000
2018-02-25 17:06:38,0.00039110,566.25000000
2018-02-25 17:06:46,0.00039110,113.54000000
2018-02-25 17:06:48,0.00039100,702.42000000
2018-02-25 17:06:49,0.00039110,183.93000000
2018-02-25 17:06:51,0.00039110,121.23000000
2018-02-25 17:06:52,0.00039100,139.54000000
2018-02-25 17:06:52,0.00039090,1612.72000000
2018-02-25 17:06:52,0.00039090,27.76000000
2018-02-25 17:06:52,0.00039090,285.81000000
2018-02-25 17:06:53,0.00039090,20.00000000
2018-02-25 17:06:53,0.00039090,368.85000000
2018-02-25 17:07:03,0.00039110,181.53000000
2018-02-25 17:07:04,0.00039110,72.90000000
2018-02-25 17:07:11,0.00039080,55.00000000
2018-02-25 17:07:12,0.00039110,948.10000000
2018-02-25 17:07:13,0.00039110,10.00000000
2018-02-25 17:07:17,0.00039110,231.65000000
2018-02-25 17:07:20,0.00039110,60.50000000
2018-02-25 17:07:20,0.00039080,45.32000000
2018-02-25 17:07:24,0.00039110,705.86000000
2018-02-25 17:07:24,0.00039110,530.89000000
2018-02-25 17:07:25,0.00039110,605.46000000
2018-02-25 17:07:26,0.00039080,178.16000000
2018-02-25 17:07:26,0.00039110,717.00000000
2018-02-25 17:07:32,0.00039110,602.75000000
2018-02-25 17:07:32,0.00039120,389.25000000
2018-02-25 17:07:40,0.00039090,136.83000000
2018-02-25 17:07:40,0.00039090,13.17000000
2018-02-25 17:07:40,0.00039080,123.66000000
2018-02-25 17:07:43,0.00039120,252.46000000
2018-02-25 17:07:45,0.00039090,7.01000000
2018-02-25 17:07:46,0.00039120,8.33000000
2018-02-25 17:07:47,0.00039120,25.56000000
2018-02-25 17:07:48,0.00039120,623.98000000
2018-02-25 17:07:50,0.00039120,230.21000000
2018-02-25 17:07:50,0.00039090,163.30000000
2018-02-25 17:07:51,0.00039120,344.44000000
2018-02-25 17:07:51,0.00039120,556.89000000
2018-02-25 17:07:51,0.00039120,20.00000000
2018-02-25 17:07:52,0.00039120,110.67000000
2018-02-25 17:07:52,0.00039120,56.00000000
2018-02-25 17:07:52,0.00039120,3.03000000
2018-02-25 17:07:53,0.00039120,18.07000000
2018-02-25 17:07:59,0.00039120,376.22000000
2018-02-25 17:08:03,0.00039120,20.00000000
2018-02-25 17:08:03,0.00039120,1152.89000000
2018-02-25 17:08:07,0.00039120,294.41000000
2018-02-25 17:08:08,0.00039120,196.14000000
2018-02-25 17:08:08,0.00039120,106.14000000
2018-02-25 17:08:09,0.00039120,285.42000000
2018-02-25 17:08:11,0.00039120,111.56000000
2018-02-25 17:08:11,0.00039120,690.44000000
2018-02-25 17:08:16,0.00039120,52.14000000
2018-02-25 17:08:16,0.00039120,15.13000000
2018-02-25 17:08:17,0.00039120,47.85000000
2018-02-25 17:08:18,0.00039120,177.86000000
2018-02-25 17:08:18,0.00039100,19.48000000
2018-02-25 17:08:20,0.00039120,255.40000000
2018-02-25 17:08:20,0.00039120,154.88000000
2018-02-25 17:08:22,0.00039130,171.86000000
2018-02-25 17:08:22,0.00039130,219.28000000
2018-02-25 17:08:22,0.00039130,68.65000000
2018-02-25 17:08:28,0.00039120,38.40000000
2018-02-25 17:08:29,0.00039120,105.18000000
2018-02-25 17:08:31,0.00039120,621.00000000
2018-02-25 17:08:36,0.00039120,56.00000000
2018-02-25 17:08:44,0.00039120,49.74000000
2018-02-25 17:08:44,0.00039130,12.78000000
2018-02-25 17:08:47,0.00039130,11.87000000
2018-02-25 17:08:50,0.00039130,12.78000000
2018-02-25 17:08:52,0.00039130,16.03000000
2018-02-25 17:08:52,0.00039130,25.55000000
2018-02-25 17:08:56,0.00039120,6.35000000
2018-02-25 17:08:56,0.00039130,12.78000000
2018-02-25 17:08:57,0.00039130,10.00000000
2018-02-25 17:09:17,0.00039130,3.00000000
2018-02-25 17:09:19,0.00039130,86.65000000
2018-02-25 17:09:37,0.00039130,203.43000000
2018-02-25 17:09:41,0.00039120,7.31000000
2018-02-25 17:09:42,0.00039130,1692.18000000
2018-02-25 17:09:53,0.00039130,249.53000000
2018-02-25 17:09:59,0.00039130,128.46000000
2018-02-25 17:10:01,0.00039130,75.60000000
2018-02-25 17:10:11,0.00039130,8.27000000
2018-02-25 17:10:19,0.00039130,57.13000000
2018-02-25 17:10:37,0.00039120,8.82000000
2018-02-25 17:10:40,0.00039130,207.20000000
2018-02-25 17:10:47,0.00039120,10.45000000
2018-02-25 17:10:52,0.00039130,1918.04000000
2018-02-25 17:10:54,0.00039120,499.87000000
2018-02-25 17:10:57,0.00039120,0.06000000
2018-02-25 17:11:05,0.00039120,14.10000000
2018-02-25 17:11:18,0.00039130,139.11000000
2018-02-25 17:11:27,0.00039130,1491.50000000
2018-02-25 17:11:45,0.00039120,121.96000000
2018-02-25 17:11:56,0.00039120,90.49000000
2018-02-25 17:12:11,0.00039120,9.61000000
2018-02-25 17:12:13,0.00039130,19.00000000
2018-02-25 17:12:20,0.00039130,126.81000000
2018-02-25 17:12:22,0.00039130,210.24000000
2018-02-25 17:12:26,0.00039120,499.90000000
2018-02-25 17:12:31,0.00039130,5.00000000
2018-02-25 17:12:59,0.00039130,212.72000000
2018-02-25 17:13:04,0.00039130,50.00000000
2018-02-25 17:13:06,0.00039130,159.54000000
2018-02-25 17:13:17,0.00039130,119.65000000
2018-02-25 17:13:32,0.00039130,89.74000000
2018-02-25 17:13:37,0.00039130,67.31000000
2018-02-25 17:13:37,0.00039130,1341.55000000
2018-02-25 17:13:45,0.00039130,50.48000000
2018-02-25 17:13:52,0.00039130,37.86000000
2018-02-25 17:13:56,0.00039130,13919.41000000
2018-02-25 17:13:56,0.00039150,290.83000000
2018-02-25 17:13:56,0.00039180,29543.73000000
2018-02-25 17:14:07,0.00039180,21.27000000
2018-02-25 17:14:17,0.00039180,70.65000000
2018-02-25 17:14:23,0.00039190,15.95000000
2018-02-25 17:14:25,0.00039190,901.19000000
2018-02-25 17:14:25,0.00039200,834.81000000
2018-02-25 17:14:32,0.00039190,26.87000000
2018-02-25 17:14:32,0.00039180,147.05000000
2018-02-25 17:14:33,0.00039180,66.09000000
2018-02-25 17:14:39,0.00039180,11.97000000
2018-02-25 17:14:45,0.00039180,11.96000000
2018-02-25 17:14:50,0.00039180,8.99000000
2018-02-25 17:15:04,0.00039180,8.97000000
2018-02-25 17:15:04,0.00039180,18.10000000
2018-02-25 17:15:07,0.00039180,3.99000000
2018-02-25 17:15:08,0.00039140,215.98000000
2018-02-25 17:15:12,0.00039140,0.19000000
2018-02-25 17:15:12,0.00039190,7.40000000
2018-02-25 17:15:12,0.00039190,5.37000000
2018-02-25 17:15:12,0.00039200,12997.94000000
2018-02-25 17:15:14,0.00039140,25.05000000
2018-02-25 17:15:14,0.00039140,4.50000000
2018-02-25 17:15:15,0.00039140,4.50000000
2018-02-25 17:15:15,0.00039140,45.14000000
2018-02-25 17:15:15,0.00039140,74.04000000
2018-02-25 17:15:33,0.00039200,13.81000000
2018-02-25 17:15:37,0.00039200,30.26000000
2018-02-25 17:15:39,0.00039200,305.36000000
2018-02-25 17:15:39,0.00039200,10.36000000
2018-02-25 17:15:42,0.00039180,5.17000000
2018-02-25 17:15:45,0.00039200,13.00000000
2018-02-25 17:15:46,0.00039200,3306.35000000
2018-02-25 17:15:48,0.00039180,18.76000000
2018-02-25 17:15:49,0.00039200,7.77000000
2018-02-25 17:15:49,0.00039200,1686.41000000
2018-02-25 17:16:01,0.00039210,54.71000000
2018-02-25 17:16:01,0.00039210,4.37000000
2018-02-25 17:16:01,0.00039200,17.12000000
2018-02-25 17:16:02,0.00039200,8.33000000
2018-02-25 17:16:05,0.00039210,58.31000000
2018-02-25 17:16:09,0.00039210,2016.51000000
2018-02-25 17:16:14,0.00039210,200.04000000
2018-02-25 17:16:14,0.00039210,4.73000000
2018-02-25 17:16:21,0.00039210,258.11000000
2018-02-25 17:16:23,0.00039210,3.55000000
2018-02-25 17:16:27,0.00039210,398.57000000
2018-02-25 17:16:31,0.00039210,1613.69000000
2018-02-25 17:16:31,0.00039220,2532.63000000
2018-02-25 17:16:31,0.00039250,410.03000000
2018-02-25 17:16:31,0.00039260,65.31000000
2018-02-25 17:16:31,0.00039270,181.74000000
2018-02-25 17:16:31,0.00039300,1468.61000000
2018-02-25 17:16:41,0.00039260,149.04000000
2018-02-25 17:16:44,0.00039260,661.20000000
2018-02-25 17:16:51,0.00039260,147.36000000
2018-02-25 17:16:51,0.00039260,86.22000000
2018-02-25 17:16:53,0.00039260,42.18000000
2018-02-25 17:16:53,0.00039260,8.27000000
2018-02-25 17:16:55,0.00039270,200.00000000
2018-02-25 17:16:58,0.00039260,8.08000000
2018-02-25 17:16:58,0.00039260,5.58000000
2018-02-25 17:16:58,0.00039260,4.68000000
2018-02-25 17:16:58,0.00039260,8.45000000
2018-02-25 17:16:58,0.00039220,4.68000000
2018-02-25 17:17:00,0.00039270,15.28000000
2018-02-25 17:17:00,0.00039220,5.37000000
2018-02-25 17:17:01,0.00039220,5.11000000
2018-02-25 17:17:02,0.00039270,303.70000000
2018-02-25 17:17:08,0.00039270,1002.83000000
2018-02-25 17:17:08,0.00039260,20.00000000
2018-02-25 17:17:08,0.00039270,2083.73000000
2018-02-25 17:17:08,0.00039260,12.50000000
2018-02-25 17:17:09,0.00039270,804.00000000
2018-02-25 17:17:10,0.00039260,3.12000000
2018-02-25 17:17:11,0.00039260,3.04000000
2018-02-25 17:17:22,0.00039260,275.98000000
2018-02-25 17:17:26,0.00039230,75.70000000
2018-02-25 17:17:27,0.00039260,5.00000000
2018-02-25 17:17:28,0.00039260,4.61000000
2018-02-25 17:17:30,0.00039260,362.23000000
2018-02-25 17:17:30,0.00039270,18328.62000000
2018-02-25 17:17:35,0.00039230,26.98000000
2018-02-25 17:17:39,0.00039270,500.00000000
2018-02-25 17:17:53,0.00039240,361.00000000
2018-02-25 17:17:55,0.00039260,23.93000000
2018-02-25 17:17:55,0.00039260,101.00000000
2018-02-25 17:17:57,0.00039270,17.70000000
2018-02-25 17:18:07,0.00039260,100.00000000
2018-02-25 17:18:12,0.00039270,254.00000000
2018-02-25 17:18:18,0.00039270,0.25000000
2018-02-25 17:18:19,0.00039260,6.82000000
2018-02-25 17:18:20,0.00039270,8.00000000
2018-02-25 17:18:30,0.00039260,250.00000000
2018-02-25 17:18:38,0.00039260,376.03000000
2018-02-25 17:18:38,0.00039250,923.97000000
2018-02-25 17:18:47,0.00039260,2.84000000
2018-02-25 17:18:47,0.00039270,18626.21000000
2018-02-25 17:18:49,0.00039250,420.00000000
2018-02-25 17:18:57,0.00039270,0.11000000
2018-02-25 17:18:58,0.00039260,87.06000000
2018-02-25 17:19:03,0.00039260,0.02000000
2018-02-25 17:19:03,0.00039250,197.98000000
2018-02-25 17:19:06,0.00039270,0.01000000
2018-02-25 17:19:13,0.00039250,0.89000000
2018-02-25 17:19:13,0.00039240,499.11000000
2018-02-25 17:19:28,0.00039250,115.04000000
2018-02-25 17:19:31,0.00039270,0.37000000
2018-02-25 17:19:35,0.00039270,83.99000000
2018-02-25 17:19:38,0.00039270,98.67000000
2018-02-25 17:19:45,0.00039270,1485.72000000
2018-02-25 17:19:46,0.00039260,116.77000000
2018-02-25 17:19:46,0.00039270,12.00000000
2018-02-25 17:19:53,0.00039270,19.71000000
2018-02-25 17:19:53,0.00039270,6.50000000
2018-02-25 17:19:55,0.00039270,1034.07000000
2018-02-25 17:20:18,0.00039270,64.07000000
2018-02-25 17:20:21,0.00039270,85.00000000
2018-02-25 17:20:24,0.00039270,0.18000000
2018-02-25 17:20:32,0.00039270,428.19000000
2018-02-25 17:20:42,0.00039260,383.23000000
2018-02-25 17:20:50,0.00039260,89.82000000
2018-02-25 17:20:53,0.00039260,98.06000000
2018-02-25 17:20:56,0.00039260,44.15000000
2018-02-25 17:20:59,0.00039260,11.06000000
2018-02-25 17:20:59,0.00039260,52.35000000
2018-02-25 17:21:00,0.00039260,100.00000000
2018-02-25 17:21:05,0.00039260,29.13000000
2018-02-25 17:21:05,0.00039260,93.62000000
2018-02-25 17:21:08,0.00039260,52.90000000
2018-02-25 17:21:09,0.00039270,400.00000000
2018-02-25 17:21:13,0.00039260,87.26000000
2018-02-25 17:21:23,0.00039270,0.17000000
2018-02-25 17:21:26,0.00039260,1480.27000000
2018-02-25 17:21:27,0.00039260,30.72000000
2018-02-25 17:21:29,0.00039260,22.22000000
2018-02-25 17:21:30,0.00039260,25.46000000
2018-02-25 17:21:32,0.00039250,506.12000000
2018-02-25 17:21:41,0.00039260,1598.05000000
2018-02-25 17:21:49,0.00039260,28.32000000
2018-02-25 17:21:49,0.00039270,869.22000000
2018-02-25 17:21:50,0.00039270,869.11000000
2018-02-25 17:21:50,0.00039270,76.20000000
2018-02-25 17:21:50,0.00039260,76.20000000
2018-02-25 17:22:05,0.00039260,25.91000000
2018-02-25 17:22:16,0.00039250,7.72000000
2018-02-25 17:22:34,0.00039260,100.00000000
2018-02-25 17:22:35,0.00039260,100.00000000
2018-02-25 17:22:37,0.00039260,404.09000000
2018-02-25 17:22:37,0.00039270,767.98000000
2018-02-25 17:22:44,0.00039260,4.99000000
2018-02-25 17:22:46,0.00039270,356.12000000
2018-02-25 17:22:50,0.00039260,12.10000000
2018-02-25 17:22:54,0.00039260,32.82000000
2018-02-25 17:22:56,0.00039270,50.00000000
2018-02-25 17:22:56,0.00039260,7.06000000
2018-02-25 17:22:56,0.00039250,7.04000000
2018-02-25 17:22:57,0.00039260,2.92000000
2018-02-25 17:23:04,0.00039260,12.62000000
2018-02-25 17:23:17,0.00039260,500.91000000
2018-02-25 17:23:27,0.00039270,5.22000000
2018-02-25 17:23:32,0.00039270,1960.45000000
2018-02-25 17:23:48,0.00039270,142.07000000
2018-02-25 17:23:51,0.00039260,26.94000000
2018-02-25 17:23:51,0.00039260,117.90000000
2018-02-25 17:24:04,0.00039260,30.23000000
2018-02-25 17:24:11,0.00039260,10.17000000
2018-02-25 17:24:21,0.00039260,10.00000000
2018-02-25 17:24:25,0.00039260,43.54000000
2018-02-25 17:24:36,0.00039260,12.77000000
2018-02-25 17:24:44,0.00039270,113.12000000
2018-02-25 17:24:44,0.00039260,8.17000000
2018-02-25 17:24:48,0.00039260,2000.00000000
2018-02-25 17:24:55,0.00039260,835.98000000
2018-02-25 17:25:02,0.00039260,11.25000000
2018-02-25 17:25:06,0.00039260,49.95000000
2018-02-25 17:25:14,0.00039270,80.00000000
2018-02-25 17:25:17,0.00039270,13633.23000000
2018-02-25 17:25:24,0.00039270,71.07000000
2018-02-25 17:25:36,0.00039270,600.32000000
2018-02-25 17:25:37,0.00039270,71.59000000
2018-02-25 17:25:40,0.00039260,42.12000000
2018-02-25 17:25:51,0.00039270,21.90000000
2018-02-25 17:25:51,0.00039270,822.32000000
2018-02-25 17:26:14,0.00039270,592.54000000
2018-02-25 17:26:16,0.00039260,95.09000000
2018-02-25 17:26:28,0.00039270,1.17000000
2018-02-25 17:26:38,0.00039260,230.01000000
2018-02-25 17:26:41,0.00039270,50.76000000
2018-02-25 17:26:45,0.00039270,19.31000000
2018-02-25 17:26:50,0.00039260,215.42000000
2018-02-25 17:27:00,0.00039260,0.01000000
2018-02-25 17:27:05,0.00039270,50.00000000
2018-02-25 17:27:11,0.00039270,25.00000000
2018-02-25 17:27:12,0.00039270,87.03000000
2018-02-25 17:27:19,0.00039270,10.19000000
2018-02-25 17:27:22,0.00039270,125.90000000
2018-02-25 17:27:23,0.00039260,27.82000000
2018-02-25 17:27:28,0.00039260,30.14000000
2018-02-25 17:27:28,0.00039260,12.77000000
2018-02-25 17:27:30,0.00039260,6.79000000
2018-02-25 17:27:42,0.00039260,65.33000000
2018-02-25 17:27:42,0.00039260,2.88000000
2018-02-25 17:27:42,0.00039260,12.77000000
2018-02-25 17:27:45,0.00039270,53.30000000
2018-02-25 17:27:48,0.00039270,15.71000000
2018-02-25 17:27:49,0.00039270,11.43000000
2018-02-25 17:27:52,0.00039270,8.98000000
2018-02-25 17:27:54,0.00039270,100.00000000
2018-02-25 17:28:04,0.00039270,36.65000000
2018-02-25 17:28:16,0.00039290,75.00000000
2018-02-25 17:28:24,0.00039280,15.25000000
2018-02-25 17:28:24,0.00039280,4.49000000
2018-02-25 17:28:26,0.00039280,8.08000000
2018-02-25 17:28:26,0.00039280,4.49000000
2018-02-25 17:28:27,0.00039290,226.82000000
2018-02-25 17:28:27,0.00039300,10368.18000000
2018-02-25 17:28:27,0.00039290,76.34000000
2018-02-25 17:28:28,0.00039290,76.34000000
2018-02-25 17:28:28,0.00039290,31.62000000
2018-02-25 17:28:29,0.00039300,3677.38000000
2018-02-25 17:28:30,0.00039290,23.12000000
2018-02-25 17:28:31,0.00039290,82.96000000
2018-02-25 17:28:32,0.00039290,85.74000000
2018-02-25 17:28:33,0.00039290,34.34000000
2018-02-25 17:28:33,0.00039290,18.83000000
2018-02-25 17:28:33,0.00039290,12.00000000
2018-02-25 17:28:36,0.00039310,185.62000000
2018-02-25 17:28:36,0.00039310,4.48000000
2018-02-25 17:28:37,0.00039310,11.03000000
2018-02-25 17:28:37,0.00039310,20.00000000
2018-02-25 17:28:37,0.00039310,15.50000000
2018-02-25 17:28:38,0.00039310,28.19000000
2018-02-25 17:28:39,0.00039320,30.74000000
2018-02-25 17:28:42,0.00039310,4.33000000
2018-02-25 17:28:42,0.00039320,109.40000000
2018-02-25 17:28:42,0.00039340,178.84000000
2018-02-25 17:28:42,0.00039350,101.91000000
2018-02-25 17:28:42,0.00039350,3.50000000
2018-02-25 17:28:44,0.00039310,0.01000000
2018-02-25 17:28:44,0.00039300,83.37000000
2018-02-25 17:28:44,0.00039310,20.34000000
2018-02-25 17:28:44,0.00039350,109.45000000
2018-02-25 17:28:45,0.00039300,14.75000000
2018-02-25 17:29:07,0.00039350,36.10000000
2018-02-25 17:29:20,0.00039340,49.38000000
2018-02-25 17:29:20,0.00039340,160.56000000
2018-02-25 17:29:20,0.00039350,263.44000000
2018-02-25 17:29:31,0.00039350,1872.87000000
2018-02-25 17:29:42,0.00039350,10.95000000
2018-02-25 17:29:43,0.00039350,52.49000000
2018-02-25 17:29:48,0.00039350,17.62000000
2018-02-25 17:29:53,0.00039350,21.69000000
2018-02-25 17:29:57,0.00039370,50.00000000
2018-02-25 17:29:57,0.00039370,59.69000000
2018-02-25 17:29:57,0.00039370,0.12000000
2018-02-25 17:29:57,0.00039350,59.69000000
2018-02-25 17:29:57,0.00039350,87.29000000
2018-02-25 17:29:58,0.00039350,13.35000000
2018-02-25 17:30:06,0.00039350,0.02000000
2018-02-25 17:30:06,0.00039340,39.89000000
2018-02-25 17:30:06,0.00039320,997.37000000
2018-02-25 17:30:06,0.00039310,500.00000000
2018-02-25 17:30:06,0.00039300,154.42000000
2018-02-25 17:30:06,0.00039290,103.49000000
2018-02-25 17:30:06,0.00039270,645.19000000
2018-02-25 17:30:06,0.00039260,4501.56000000
2018-02-25 17:30:06,0.00039250,1109.92000000
2018-02-25 17:30:06,0.00039240,200.00000000
2018-02-25 17:30:06,0.00039230,5615.64000000
2018-02-25 17:30:06,0.00039220,2903.30000000
2018-02-25 17:30:09,0.00039230,25.58000000
2018-02-25 17:30:13,0.00039340,73.93000000
2018-02-25 17:30:13,0.00039340,73.98000000
2018-02-25 17:30:14,0.00039340,18.26000000
2018-02-25 17:30:16,0.00039340,4.56000000
2018-02-25 17:30:17,0.00039340,1.14000000
2018-02-25 17:30:19,0.00039330,0.29000000
2018-02-25 17:30:20,0.00039330,0.09000000
2018-02-25 17:30:25,0.00039330,86.00000000
2018-02-25 17:30:57,0.00039240,224.57000000
2018-02-25 17:30:57,0.00039230,415.48000000
2018-02-25 17:31:04,0.00039320,4.00000000
2018-02-25 17:31:07,0.00039320,50.00000000
2018-02-25 17:31:12,0.00039320,53.59000000
2018-02-25 17:31:19,0.00039300,17.17000000
2018-02-25 17:31:20,0.00039300,2.90000000
2018-02-25 17:31:22,0.00039300,17.17000000
2018-02-25 17:31:22,0.00039310,6.57000000
2018-02-25 17:31:22,0.00039320,606.55000000
2018-02-25 17:31:57,0.00039320,26.92000000
2018-02-25 17:32:02,0.00039320,7.70000000
2018-02-25 17:32:10,0.00039320,590.27000000
2018-02-25 17:32:32,0.00039260,84.00000000
2018-02-25 17:32:36,0.00039260,160.00000000
2018-02-25 17:32:37,0.00039260,5.61000000
2018-02-25 17:32:37,0.00039260,4.48000000
2018-02-25 17:32:45,0.00039260,20.00000000
2018-02-25 17:32:46,0.00039260,20.00000000
2018-02-25 17:32:47,0.00039260,3.35000000
2018-02-25 17:32:48,0.00039260,3.14000000
2018-02-25 17:32:48,0.00039260,8.72000000
2018-02-25 17:32:52,0.00039260,288.58000000
2018-02-25 17:32:52,0.00039250,1307.87000000
2018-02-25 17:33:09,0.00039260,178.36000000
2018-02-25 17:33:09,0.00039250,185.46000000
2018-02-25 17:33:25,0.00039250,262.97000000
2018-02-25 17:33:25,0.00039240,1621.03000000
2018-02-25 17:33:47,0.00039260,30.01000000
2018-02-25 17:33:49,0.00039300,4.00000000
2018-02-25 17:33:51,0.00039240,100.00000000
2018-02-25 17:33:51,0.00039240,552.36000000
2018-02-25 17:34:06,0.00039300,2.66000000
2018-02-25 17:34:06,0.00039300,237.34000000
2018-02-25 17:34:07,0.00039300,24.15000000
2018-02-25 17:34:07,0.00039300,24.15000000
2018-02-25 17:34:07,0.00039300,25.22000000
2018-02-25 17:34:14,0.00039300,19.98000000
2018-02-25 17:34:22,0.00039300,3.00000000
2018-02-25 17:34:22,0.00039310,1855.32000000
2018-02-25 17:34:22,0.00039320,1749.72000000
2018-02-25 17:34:29,0.00039320,503.04000000
2018-02-25 17:34:31,0.00039250,26.92000000
2018-02-25 17:34:41,0.00039300,69.00000000
2018-02-25 17:34:41,0.00039250,69.20000000
2018-02-25 17:34:41,0.00039250,69.00000000
2018-02-25 17:34:41,0.00039250,76.43000000
2018-02-25 17:34:41,0.00039250,20.00000000
2018-02-25 17:34:42,0.00039250,6.47000000
2018-02-25 17:34:42,0.00039250,8.08000000
2018-02-25 17:34:42,0.00039250,7.62000000
2018-02-25 17:34:42,0.00039250,3.42000000
2018-02-25 17:34:43,0.00039250,62.96000000
2018-02-25 17:34:44,0.00039250,12.08000000
2018-02-25 17:34:44,0.00039250,23.60000000
2018-02-25 17:34:44,0.00039250,4.49000000
2018-02-25 17:34:44,0.00039250,3.60000000
2018-02-25 17:34:44,0.00039250,20.00000000
2018-02-25 17:34:45,0.00039250,4.49000000
2018-02-25 17:34:45,0.00039250,69.00000000
2018-02-25 17:34:46,0.00039250,34.13000000
2018-02-25 17:34:46,0.00039240,4.49000000
2018-02-25 17:34:46,0.00039240,4.49000000
2018-02-25 17:34:46,0.00039240,4.49000000
2018-02-25 17:34:46,0.00039240,46.77000000
2018-02-25 17:34:47,0.00039240,4.49000000
2018-02-25 17:34:47,0.00039250,58.16000000
2018-02-25 17:34:48,0.00039240,19.32000000
2018-02-25 17:34:48,0.00039250,3.83000000
2018-02-25 17:34:48,0.00039250,211.37000000
2018-02-25 17:34:49,0.00039250,500.49000000
2018-02-25 17:34:50,0.00039240,26.98000000
2018-02-25 17:34:50,0.00039240,34.63000000
2018-02-25 17:34:51,0.00039280,19.35000000
2018-02-25 17:34:53,0.00039240,11.46000000
2018-02-25 17:34:53,0.00039260,0.01000000
2018-02-25 17:34:54,0.00039240,18.87000000
2018-02-25 17:34:54,0.00039240,6.95000000
2018-02-25 17:34:55,0.00039240,20.67000000
2018-02-25 17:34:55,0.00039240,245.09000000
2018-02-25 17:34:57,0.00039240,107.93000000
2018-02-25 17:34:57,0.00039270,150.00000000
2018-02-25 17:34:57,0.00039240,4.49000000
2018-02-25 17:34:57,0.00039240,67.62000000
2018-02-25 17:34:57,0.00039240,275.24000000
2018-02-25 17:34:58,0.00039240,12.58000000
2018-02-25 17:34:59,0.00039250,3.81000000
2018-02-25 17:35:01,0.00039250,4.49000000
2018-02-25 17:35:02,0.00039250,4.49000000
2018-02-25 17:35:02,0.00039250,4.49000000
2018-02-25 17:35:02,0.00039270,13.00000000
2018-02-25 17:35:02,0.00039250,4.49000000
2018-02-25 17:35:03,0.00039250,4.49000000
2018-02-25 17:35:03,0.00039250,15.14000000
2018-02-25 17:35:03,0.00039240,94.43000000
2018-02-25 17:35:03,0.00039240,4.49000000
2018-02-25 17:35:03,0.00039240,2.91000000
2018-02-25 17:35:04,0.00039240,19.54000000
2018-02-25 17:35:05,0.00039240,4.49000000
2018-02-25 17:35:05,0.00039240,69.00000000
2018-02-25 17:35:05,0.00039240,48.78000000
2018-02-25 17:35:06,0.00039240,410.81000000
2018-02-25 17:35:07,0.00039240,3.58000000
2018-02-25 17:35:07,0.00039240,618.61000000
2018-02-25 17:35:08,0.00039240,50.03000000
2018-02-25 17:35:08,0.00039240,0.02000000
2018-02-25 17:35:08,0.00039230,4174.00000000
2018-02-25 17:35:10,0.00039230,200.00000000
2018-02-25 17:35:11,0.00039230,1.49000000
2018-02-25 17:35:21,0.00039230,30.00000000
2018-02-25 17:35:22,0.00039230,36.10000000
2018-02-25 17:35:22,0.00039240,27.64000000
2018-02-25 17:35:23,0.00039240,72.34000000
2018-02-25 17:35:31,0.00039240,0.02000000
2018-02-25 17:35:32,0.00039230,4.70000000
2018-02-25 17:35:32,0.00039230,4.49000000
2018-02-25 17:35:32,0.00039230,4.49000000
2018-02-25 17:35:32,0.00039230,4.49000000
2018-02-25 17:35:33,0.00039230,4.49000000
2018-02-25 17:35:33,0.00039230,4.49000000
2018-02-25 17:35:33,0.00039230,4.49000000
2018-02-25 17:35:34,0.00039230,361.43000000
2018-02-25 17:35:35,0.00039230,9.89000000
2018-02-25 17:35:35,0.00039230,141.50000000
2018-02-25 17:35:51,0.00039230,17.68000000
2018-02-25 17:35:58,0.00039230,95.65000000
2018-02-25 17:36:12,0.00039240,5.10000000
2018-02-25 17:36:25,0.00039240,262.74000000
2018-02-25 17:36:26,0.00039240,11.67000000
2018-02-25 17:36:26,0.00039240,106.54000000
2018-02-25 17:36:37,0.00039250,350.27000000
2018-02-25 17:36:39,0.00039240,275.00000000
2018-02-25 17:36:39,0.00039240,175.33000000
2018-02-25 17:36:58,0.00039240,77.47000000
2018-02-25 17:37:02,0.00039240,86.69000000
2018-02-25 17:37:03,0.00039240,8.33000000
2018-02-25 17:37:04,0.00039240,36.35000000
2018-02-25 17:37:05,0.00039240,467.00000000
2018-02-25 17:37:10,0.00039240,1131.21000000
2018-02-25 17:37:12,0.00039240,41.74000000
2018-02-25 17:37:42,0.00039240,0.05000000
2018-02-25 17:37:48,0.00039230,7.87000000
2018-02-25 17:37:49,0.00039240,0.31000000
2018-02-25 17:37:56,0.00039240,32.67000000
2018-02-25 17:37:58,0.00039240,2.65000000
2018-02-25 17:38:01,0.00039240,64.68000000
2018-02-25 17:38:11,0.00039230,967.36000000
2018-02-25 17:38:16,0.00039230,50.71000000
2018-02-25 17:38:34,0.00039230,11.25000000
2018-02-25 17:39:15,0.00039230,93.57000000
2018-02-25 17:39:49,0.00039240,5.35000000
2018-02-25 17:40:00,0.00039240,133.00000000
2018-02-25 17:40:07,0.00039230,12.77000000
2018-02-25 17:40:08,0.00039230,83.93000000
2018-02-25 17:40:22,0.00039240,300.71000000
2018-02-25 17:40:35,0.00039230,24.26000000
2018-02-25 17:40:37,0.00039230,17.14000000
2018-02-25 17:40:39,0.00039230,15.00000000
2018-02-25 17:40:40,0.00039230,62.95000000
2018-02-25 17:40:41,0.00039240,1.01000000
2018-02-25 17:40:49,0.00039230,1171.82000000
2018-02-25 17:41:02,0.00039240,100.00000000
2018-02-25 17:41:11,0.00039230,233.00000000
2018-02-25 17:41:13,0.00039240,72.97000000
2018-02-25 17:41:26,0.00039240,25.48000000
2018-02-25 17:41:30,0.00039230,125.80000000
2018-02-25 17:41:36,0.00039230,6.44000000
2018-02-25 17:41:36,0.00039230,99.94000000
2018-02-25 17:41:43,0.00039240,6.00000000
2018-02-25 17:41:47,0.00039230,48.89000000
2018-02-25 17:41:51,0.00039230,4.37000000
2018-02-25 17:41:53,0.00039230,8.75000000
2018-02-25 17:41:59,0.00039230,174.00000000
2018-02-25 17:42:09,0.00039230,1447.28000000
2018-02-25 17:42:15,0.00039240,100.56000000
2018-02-25 17:42:19,0.00039230,140.90000000
2018-02-25 17:42:21,0.00039230,1490.81000000
2018-02-25 17:42:24,0.00039230,259.11000000
2018-02-25 17:42:32,0.00039230,97.00000000
2018-02-25 17:42:55,0.00039230,200.00000000
2018-02-25 17:42:59,0.00039230,83.26000000
2018-02-25 17:42:59,0.00039220,1651.01000000
2018-02-25 17:43:37,0.00039230,138.01000000
2018-02-25 17:43:37,0.00039220,89.74000000
2018-02-25 17:43:40,0.00039220,350.00000000
2018-02-25 17:43:45,0.00039230,308.14000000
2018-02-25 17:43:48,0.00039220,185.00000000
2018-02-25 17:44:11,0.00039220,18.03000000
2018-02-25 17:44:11,0.00039210,193.10000000
2018-02-25 17:44:20,0.00039220,7.50000000
2018-02-25 17:44:20,0.00039220,20.01000000
2018-02-25 17:44:34,0.00039210,153.68000000
2018-02-25 17:44:40,0.00039210,0.16000000
2018-02-25 17:44:48,0.00039210,294.84000000
2018-02-25 17:44:51,0.00039220,12.77000000
2018-02-25 17:44:53,0.00039210,10.00000000
2018-02-25 17:45:06,0.00039210,634.66000000
2018-02-25 17:45:09,0.00039220,1065.36000000
2018-02-25 17:45:12,0.00039250,7.64000000
2018-02-25 17:45:20,0.00039230,33.69000000
2018-02-25 17:45:20,0.00039210,515.94000000
2018-02-25 17:45:25,0.00039250,499.95000000
2018-02-25 17:45:59,0.00039250,30.27000000
2018-02-25 17:46:01,0.00039250,20.00000000
2018-02-25 17:46:02,0.00039250,297.43000000
2018-02-25 17:46:03,0.00039250,363.49000000
2018-02-25 17:46:04,0.00039270,21.05000000
2018-02-25 17:46:04,0.00039270,4.70000000
2018-02-25 17:46:05,0.00039270,16.78000000
2018-02-25 17:46:13,0.00039250,39.00000000
2018-02-25 17:46:16,0.00039250,11.27000000
2018-02-25 17:46:16,0.00039220,13.45000000
2018-02-25 17:46:16,0.00039210,1150.07000000
2018-02-25 17:46:42,0.00039280,20.05000000
2018-02-25 17:46:42,0.00039290,197.83000000
2018-02-25 17:47:05,0.00039290,148.83000000
2018-02-25 17:47:14,0.00039260,16.35000000
2018-02-25 17:47:14,0.00039260,9.40000000
2018-02-25 17:47:27,0.00039260,4.30000000
2018-02-25 17:47:28,0.00039260,6.19000000
2018-02-25 17:47:31,0.00039260,60.00000000
2018-02-25 17:48:06,0.00039260,186.89000000
2018-02-25 17:48:08,0.00039260,52.94000000
2018-02-25 17:48:09,0.00039290,334.19000000
2018-02-25 17:48:09,0.00039300,15.81000000
2018-02-25 17:48:17,0.00039270,7.37000000
2018-02-25 17:48:18,0.00039270,5.15000000
2018-02-25 17:48:18,0.00039270,4.48000000
2018-02-25 17:48:18,0.00039270,6.94000000
2018-02-25 17:48:18,0.00039270,4.70000000
2018-02-25 17:48:19,0.00039300,20.59000000
2018-02-25 17:48:19,0.00039270,5.15000000
2018-02-25 17:48:20,0.00039270,24.19000000
2018-02-25 17:48:21,0.00039270,5.15000000
2018-02-25 17:48:21,0.00039270,109.89000000
2018-02-25 17:48:22,0.00039270,47.03000000
2018-02-25 17:48:26,0.00039270,23.28000000
2018-02-25 17:48:26,0.00039300,2.70000000
2018-02-25 17:48:32,0.00039260,20.00000000
2018-02-25 17:48:36,0.00039300,25.44000000
2018-02-25 17:48:48,0.00039260,11.00000000
2018-02-25 17:48:57,0.00039260,4.66000000
2018-02-25 17:48:58,0.00039260,24.99000000
2018-02-25 17:48:59,0.00039270,6.58000000
2018-02-25 17:49:06,0.00039300,1208.81000000
2018-02-25 17:49:11,0.00039270,29.45000000
2018-02-25 17:49:13,0.00039270,34.77000000
2018-02-25 17:49:13,0.00039300,8.46000000
2018-02-25 17:49:13,0.00039260,19.98000000
2018-02-25 17:49:18,0.00039300,10.80000000
2018-02-25 17:49:22,0.00039300,3.59000000
2018-02-25 17:49:25,0.00039300,2186.50000000
2018-02-25 17:49:26,0.00039270,70.00000000
2018-02-25 17:49:26,0.00039300,90.38000000
2018-02-25 17:49:27,0.00039300,239.53000000
2018-02-25 17:49:27,0.00039300,30.68000000
2018-02-25 17:49:30,0.00039290,9.99000000
2018-02-25 17:49:30,0.00039300,40.96000000
2018-02-25 17:49:31,0.00039300,384.41000000
2018-02-25 17:49:40,0.00039300,21.58000000
2018-02-25 17:49:44,0.00039300,200.00000000
2018-02-25 17:49:45,0.00039300,200.00000000
2018-02-25 17:50:08,0.00039300,102.13000000
2018-02-25 17:50:15,0.00039300,132.09000000
2018-02-25 17:50:27,0.00039300,10.79000000
2018-02-25 17:50:31,0.00039300,143.00000000
2018-02-25 17:50:33,0.00039300,39.00000000
2018-02-25 17:50:35,0.00039290,36.75000000
2018-02-25 17:50:35,0.00039290,8.50000000
2018-02-25 17:50:35,0.00039290,10.47000000
2018-02-25 17:50:42,0.00039300,26.57000000
2018-02-25 17:50:46,0.00039290,58.00000000
2018-02-25 17:50:47,0.00039300,51.02000000
2018-02-25 17:50:56,0.00039300,8.00000000
2018-02-25 17:50:57,0.00039300,24.66000000
2018-02-25 17:50:59,0.00039290,0.33000000
2018-02-25 17:51:05,0.00039290,791.37000000
2018-02-25 17:51:12,0.00039300,20.00000000
2018-02-25 17:51:13,0.00039300,25.44000000
2018-02-25 17:51:25,0.00039300,46.00000000
2018-02-25 17:51:27,0.00039300,27.40000000
2018-02-25 17:51:28,0.00039290,330.27000000
2018-02-25 17:51:46,0.00039290,1647.67000000
2018-02-25 17:51:58,0.00039300,6.46000000
2018-02-25 17:52:00,0.00039320,0.09000000
2018-02-25 17:52:08,0.00039320,568.79000000
2018-02-25 17:52:11,0.00039360,26.14000000
2018-02-25 17:52:12,0.00039360,3.20000000
2018-02-25 17:52:15,0.00039360,58.24000000
2018-02-25 17:52:26,0.00039350,58.97000000
2018-02-25 17:52:37,0.00039360,143.83000000
2018-02-25 17:52:38,0.00039360,185.05000000
2018-02-25 17:52:46,0.00039360,7.00000000
2018-02-25 17:52:47,0.00039360,424.87000000
2018-02-25 17:52:52,0.00039380,169.56000000
2018-02-25 17:52:56,0.00039380,5.00000000
2018-02-25 17:52:57,0.00039380,268.16000000
2018-02-25 17:53:01,0.00039360,19.91000000
2018-02-25 17:53:04,0.00039380,31.14000000
2018-02-25 17:53:11,0.00039380,102.75000000
2018-02-25 17:53:12,0.00039380,4.45000000
2018-02-25 17:53:12,0.00039380,6.70000000
2018-02-25 17:53:13,0.00039380,4.11000000
2018-02-25 17:53:13,0.00039380,144.62000000
2018-02-25 17:53:20,0.00039380,351.83000000
2018-02-25 17:53:33,0.00039390,177.46000000
2018-02-25 17:53:35,0.00039380,259.61000000
2018-02-25 17:53:40,0.00039380,80.78000000
2018-02-25 17:53:41,0.00039390,195.61000000
2018-02-25 17:53:43,0.00039390,12.77000000
2018-02-25 17:53:43,0.00039380,50.29000000
2018-02-25 17:53:43,0.00039350,7.95000000
2018-02-25 17:53:44,0.00039390,20.00000000
2018-02-25 17:53:44,0.00039390,74.78000000
2018-02-25 17:53:46,0.00039350,5.11000000
2018-02-25 17:53:49,0.00039390,25.48000000
2018-02-25 17:53:55,0.00039390,6.08000000
2018-02-25 17:53:56,0.00039390,1478.44000000
2018-02-25 17:53:56,0.00039400,300.30000000
2018-02-25 17:54:01,0.00039420,169.39000000
2018-02-25 17:54:16,0.00039420,57.61000000
2018-02-25 17:54:16,0.00039430,249.86000000
2018-02-25 17:54:16,0.00039430,151.95000000
2018-02-25 17:54:16,0.00039440,208.05000000
2018-02-25 17:54:29,0.00039380,8.00000000
2018-02-25 17:54:31,0.00039370,7.37000000
2018-02-25 17:54:36,0.00039430,143.43000000
2018-02-25 17:54:44,0.00039430,105.87000000
2018-02-25 17:54:47,0.00039430,586.94000000
2018-02-25 17:54:54,0.00039440,59.18000000
2018-02-25 17:54:56,0.00039430,100.00000000
2018-02-25 17:54:58,0.00039430,50.00000000
2018-02-25 17:54:59,0.00039430,167.32000000
2018-02-25 17:55:00,0.00039430,200.55000000
2018-02-25 17:55:00,0.00039440,503.54000000
2018-02-25 17:55:02,0.00039410,71.14000000
2018-02-25 17:55:03,0.00039440,22.06000000
2018-02-25 17:55:04,0.00039410,20.51000000
2018-02-25 17:55:04,0.00039410,0.35000000
2018-02-25 17:55:05,0.00039410,4.45000000
2018-02-25 17:55:06,0.00039410,25.39000000
2018-02-25 17:55:06,0.00039410,54.31000000
2018-02-25 17:55:07,0.00039410,4.45000000
2018-02-25 17:55:11,0.00039370,7.59000000
2018-02-25 17:55:34,0.00039370,112.54000000
2018-02-25 17:55:35,0.00039370,10.74000000
2018-02-25 17:55:40,0.00039330,14.96000000
2018-02-25 17:55:40,0.00039320,210.37000000
2018-02-25 17:55:45,0.00039370,210.12000000
2018-02-25 17:55:45,0.00039410,52.51000000
2018-02-25 17:55:45,0.00039430,241.05000000
2018-02-25 17:55:45,0.00039430,12.77000000
2018-02-25 17:55:46,0.00039430,47.65000000
2018-02-25 17:55:50,0.00039430,210.05000000
2018-02-25 17:55:55,0.00039440,6.35000000
2018-02-25 17:55:56,0.00039430,559.50000000
2018-02-25 17:56:00,0.00039430,98.89000000
2018-02-25 17:56:09,0.00039430,527.62000000
2018-02-25 17:56:18,0.00039430,13.43000000
2018-02-25 17:56:21,0.00039440,17.30000000
2018-02-25 17:56:22,0.00039430,239.00000000
2018-02-25 17:56:26,0.00039430,338.89000000
2018-02-25 17:56:34,0.00039430,80.00000000
2018-02-25 17:56:34,0.00039430,1178.00000000
2018-02-25 17:56:34,0.00039410,4.71000000
2018-02-25 17:56:34,0.00039350,27.00000000
2018-02-25 17:56:34,0.00039340,244.00000000
2018-02-25 17:56:34,0.00039330,838.09000000
2018-02-25 17:56:34,0.00039320,65.18000000
2018-02-25 17:56:35,0.00039330,15.02000000
2018-02-25 17:56:35,0.00039320,97.58000000
2018-02-25 17:56:36,0.00039320,5.57000000
2018-02-25 17:56:38,0.00039320,6.78000000
2018-02-25 17:56:38,0.00039320,11.24000000
2018-02-25 17:56:40,0.00039320,67.64000000
2018-02-25 17:56:42,0.00039320,44.28000000
2018-02-25 17:56:42,0.00039350,20.00000000
2018-02-25 17:56:42,0.00039350,69.24000000
2018-02-25 17:56:42,0.00039350,50.97000000
2018-02-25 17:56:42,0.00039350,66.10000000
2018-02-25 17:56:43,0.00039300,141.84000000
2018-02-25 17:56:44,0.00039300,25.37000000
2018-02-25 17:56:44,0.00039300,0.01000000
2018-02-25 17:56:44,0.00039290,464.41000000
2018-02-25 17:56:44,0.00039290,3.94000000
2018-02-25 17:56:44,0.00039300,6.57000000
2018-02-25 17:56:45,0.00039290,15.00000000
2018-02-25 17:56:45,0.00039290,20.00000000
2018-02-25 17:56:45,0.00039290,44.03000000
2018-02-25 17:56:45,0.00039290,20.00000000
2018-02-25 17:56:45,0.00039290,20.00000000
2018-02-25 17:56:46,0.00039290,20.00000000
2018-02-25 17:56:46,0.00039290,83.34000000
2018-02-25 17:56:47,0.00039300,8.01000000
2018-02-25 17:56:54,0.00039300,6.75000000
2018-02-25 17:57:07,0.00039300,10.12000000
2018-02-25 17:57:12,0.00039300,39.64000000
2018-02-25 17:57:17,0.00039300,18.16000000
2018-02-25 17:57:20,0.00039300,12.73000000
2018-02-25 17:57:21,0.00039310,108.07000000
2018-02-25 17:57:23,0.00039310,148.68000000
2018-02-25 17:57:36,0.00039320,487.61000000
2018-02-25 17:57:42,0.00039320,593.52000000
2018-02-25 17:57:44,0.00039310,196.19000000
2018-02-25 17:57:44,0.00039300,416.81000000
2018-02-25 17:57:45,0.00039300,4.00000000
2018-02-25 17:58:06,0.00039320,518.53000000
2018-02-25 17:58:16,0.00039300,12.77000000
2018-02-25 17:58:16,0.00039320,28.88000000
2018-02-25 17:58:17,0.00039320,5.16000000
2018-02-25 17:58:18,0.00039320,22.12000000
2018-02-25 17:58:19,0.00039320,67.00000000
2018-02-25 17:58:34,0.00039330,256.62000000
2018-02-25 17:58:37,0.00039400,0.84000000
2018-02-25 17:58:41,0.00039340,11.22000000
2018-02-25 17:58:41,0.00039340,15.67000000
2018-02-25 17:58:49,0.00039340,13.23000000
2018-02-25 17:58:52,0.00039340,22.15000000
2018-02-25 17:59:08,0.00039340,6.77000000
2018-02-25 17:59:11,0.00039340,12.83000000
2018-02-25 17:59:14,0.00039350,34.34000000
2018-02-25 17:59:14,0.00039340,580.37000000
2018-02-25 17:59:17,0.00039340,2.70000000
2018-02-25 17:59:21,0.00039340,716.07000000
2018-02-25 17:59:21,0.00039340,105.40000000
2018-02-25 17:59:23,0.00039340,6.04000000
2018-02-25 17:59:30,0.00039340,244.81000000
2018-02-25 17:59:34,0.00039340,248.89000000
2018-02-25 17:59:37,0.00039400,243.16000000
2018-02-25 17:59:42,0.00039400,1.84000000
2018-02-25 17:59:42,0.00039340,3.20000000
2018-02-25 17:59:47,0.00039400,15.75000000
2018-02-25 17:59:50,0.00039410,25.37000000
2018-02-25 17:59:51,0.00039400,47.28000000
2018-02-25 17:59:58,0.00039400,16.94000000
