DATE,PRICE,VOLUME
2018-03-01 01:00:01,0.00034400,0.01000000
2018-03-01 01:00:13,0.00034480,138.17000000
2018-03-01 01:00:17,0.00034480,7.25000000
2018-03-01 01:00:25,0.00034480,4.67000000
2018-03-01 01:00:54,0.00034480,485.42000000
2018-03-01 01:01:07,0.00034490,2.90000000
2018-03-01 01:01:11,0.00034490,1.10000000
2018-03-01 01:01:12,0.00034500,541.92000000
2018-03-01 01:01:12,0.00034500,1140.87000000
2018-03-01 01:01:22,0.00034500,7.54000000
2018-03-01 01:01:48,0.00034490,4.70000000
2018-03-01 01:01:49,0.00034440,97.04000000
2018-03-01 01:01:49,0.00034430,122.96000000
2018-03-01 01:01:50,0.00034490,20.00000000
2018-03-01 01:01:51,0.00034490,0.35000000
2018-03-01 01:01:51,0.00034450,8.80000000
2018-03-01 01:01:54,0.00034490,74.95000000
2018-03-01 01:01:54,0.00034500,175.05000000
2018-03-01 01:01:57,0.00034500,46.00000000
2018-03-01 01:02:15,0.00034500,887.12000000
2018-03-01 01:02:25,0.00034500,0.02000000
2018-03-01 01:02:36,0.00034500,19.94000000
2018-03-01 01:02:52,0.00034500,100.04000000
2018-03-01 01:02:59,0.00034470,20.00000000
2018-03-01 01:02:59,0.00034440,198.44000000
2018-03-01 01:02:59,0.00034410,32.56000000
2018-03-01 01:03:02,0.00034500,194.82000000
2018-03-01 01:03:02,0.00034550,20.00000000
2018-03-01 01:03:04,0.00034570,15.26000000
2018-03-01 01:03:13,0.00034570,174.46000000
2018-03-01 01:03:19,0.00034550,85.18000000
2018-03-01 01:03:24,0.00034460,18.21000000
2018-03-01 01:03:26,0.00034540,81.50000000
2018-03-01 01:03:26,0.00034540,28.88000000
2018-03-01 01:03:26,0.00034540,7.83000000
2018-03-01 01:03:28,0.00034540,15.00000000
2018-03-01 01:03:28,0.00034550,52.00000000
2018-03-01 01:03:33,0.00034540,27.00000000
2018-03-01 01:03:33,0.00034550,58.88000000
2018-03-01 01:03:33,0.00034560,102.90000000
2018-03-01 01:03:33,0.00034570,412.43000000
2018-03-01 01:03:39,0.00034560,98.12000000
2018-03-01 01:03:40,0.00034560,34.42000000
2018-03-01 01:03:45,0.00034550,9.48000000
2018-03-01 01:03:46,0.00034530,14.54000000
2018-03-01 01:03:46,0.00034550,20.00000000
2018-03-01 01:03:52,0.00034550,21.47000000
2018-03-01 01:03:52,0.00034550,21.47000000
2018-03-01 01:03:52,0.00034520,12.53000000
2018-03-01 01:03:52,0.00034490,14.24000000
2018-03-01 01:03:52,0.00034460,47.00000000
2018-03-01 01:03:52,0.00034430,4.54000000
2018-03-01 01:03:52,0.00034550,5.79000000
2018-03-01 01:04:15,0.00034550,100.10000000
2018-03-01 01:04:22,0.00034550,25.96000000
2018-03-01 01:04:26,0.00034550,16.17000000
2018-03-01 01:04:36,0.00034560,100.00000000
2018-03-01 01:04:37,0.00034560,29.14000000
2018-03-01 01:04:37,0.00034570,71.81000000
2018-03-01 01:04:51,0.00034570,66.77000000
2018-03-01 01:04:52,0.00034570,23.81000000
2018-03-01 01:04:54,0.00034570,49.57000000
2018-03-01 01:04:55,0.00034570,14.24000000
2018-03-01 01:04:56,0.00034560,15.82000000
2018-03-01 01:04:56,0.00034550,4.18000000
2018-03-01 01:04:57,0.00034570,104.04000000
2018-03-01 01:04:58,0.00034560,20.00000000
2018-03-01 01:04:58,0.00034560,2.37000000
2018-03-01 01:04:58,0.00034560,6.16000000
2018-03-01 01:04:58,0.00034560,2.93000000
2018-03-01 01:04:58,0.00034560,2.93000000
2018-03-01 01:05:00,0.00034550,7.32000000
2018-03-01 01:05:05,0.00034560,186.75000000
2018-03-01 01:05:05,0.00034570,202.25000000
2018-03-01 01:05:07,0.00034550,165.86000000
2018-03-01 01:05:07,0.00034550,50.00000000
2018-03-01 01:05:16,0.00034570,77.52000000
2018-03-01 01:05:28,0.00034570,256.00000000
2018-03-01 01:05:52,0.00034570,231.54000000
2018-03-01 01:06:05,0.00034570,80.61000000
2018-03-01 01:06:05,0.00034580,138.23000000
2018-03-01 01:06:05,0.00034640,219.71000000
2018-03-01 01:06:05,0.00034650,61.45000000
2018-03-01 01:06:10,0.00034580,20.00000000
2018-03-01 01:06:10,0.00034650,6.37000000
2018-03-01 01:07:12,0.00034640,490.29000000
2018-03-01 01:07:12,0.00034650,9.71000000
2018-03-01 01:07:14,0.00034650,15.46000000
2018-03-01 01:07:14,0.00034670,84.54000000
2018-03-01 01:07:20,0.00034670,14.78000000
2018-03-01 01:07:26,0.00034660,79.64000000
2018-03-01 01:07:36,0.00034660,2.89000000
2018-03-01 01:07:37,0.00034660,4.80000000
2018-03-01 01:08:23,0.00034640,3.80000000
2018-03-01 01:08:36,0.00034640,14.24000000
2018-03-01 01:08:39,0.00034640,20.00000000
2018-03-01 01:08:39,0.00034600,7.00000000
2018-03-01 01:08:40,0.00034640,29.76000000
2018-03-01 01:08:40,0.00034640,6.16000000
2018-03-01 01:08:42,0.00034600,88.71000000
2018-03-01 01:08:43,0.00034630,20.00000000
2018-03-01 01:08:50,0.00034620,6.37000000
2018-03-01 01:08:50,0.00034640,478.76000000
2018-03-01 01:08:50,0.00034660,392.91000000
2018-03-01 01:08:51,0.00034660,66.71000000
2018-03-01 01:08:54,0.00034660,12.94000000
2018-03-01 01:08:58,0.00034660,830.82000000
2018-03-01 01:09:06,0.00034660,38.97000000
2018-03-01 01:09:18,0.00034660,87.31000000
2018-03-01 01:09:23,0.00034660,1373.76000000
2018-03-01 01:09:25,0.00034630,3.65000000
2018-03-01 01:09:26,0.00034650,195.00000000
2018-03-01 01:09:28,0.00034650,21.00000000
2018-03-01 01:09:29,0.00034650,20.00000000
2018-03-01 01:09:32,0.00034630,20.59000000
2018-03-01 01:09:34,0.00034600,14.60000000
2018-03-01 01:09:38,0.00034590,5.83000000
2018-03-01 01:09:44,0.00034590,14.57000000
2018-03-01 01:09:47,0.00034590,9.86000000
2018-03-01 01:09:49,0.00034570,2.91000000
2018-03-01 01:09:49,0.00034570,3.22000000
2018-03-01 01:09:49,0.00034570,4.98000000
2018-03-01 01:09:50,0.00034630,14.24000000
2018-03-01 01:09:58,0.00034570,18.00000000
2018-03-01 01:09:59,0.00034630,31.12000000
2018-03-01 01:09:59,0.00034570,9.52000000
2018-03-01 01:10:02,0.00034630,45.22000000
2018-03-01 01:10:13,0.00034620,13.75000000
2018-03-01 01:10:13,0.00034570,10.29000000
2018-03-01 01:10:15,0.00034620,65.31000000
2018-03-01 01:10:20,0.00034620,14.24000000
2018-03-01 01:10:20,0.00034620,11.85000000
2018-03-01 01:10:22,0.00034620,37.02000000
2018-03-01 01:11:08,0.00034580,36.51000000
2018-03-01 01:11:20,0.00034620,5.00000000
2018-03-01 01:11:26,0.00034580,29.07000000
2018-03-01 01:11:26,0.00034580,12.38000000
2018-03-01 01:11:26,0.00034580,361.06000000
2018-03-01 01:11:26,0.00034570,14.71000000
2018-03-01 01:11:33,0.00034560,20.00000000
2018-03-01 01:11:42,0.00034560,100.00000000
2018-03-01 01:11:43,0.00034560,25.73000000
2018-03-01 01:11:43,0.00034560,262.16000000
2018-03-01 01:11:48,0.00034560,5.96000000
2018-03-01 01:11:48,0.00034560,28.93000000
2018-03-01 01:11:48,0.00034560,73.84000000
2018-03-01 01:11:49,0.00034560,859.73000000
2018-03-01 01:11:52,0.00034550,14.67000000
2018-03-01 01:11:52,0.00034550,97.55000000
2018-03-01 01:11:52,0.00034550,7.88000000
2018-03-01 01:11:52,0.00034550,12.62000000
2018-03-01 01:11:53,0.00034550,14.24000000
2018-03-01 01:11:54,0.00034550,7.54000000
2018-03-01 01:11:56,0.00034550,703.87000000
2018-03-01 01:12:05,0.00034550,10.00000000
2018-03-01 01:12:05,0.00034550,25.84000000
2018-03-01 01:12:17,0.00034480,2.91000000
2018-03-01 01:12:17,0.00034450,469.25000000
2018-03-01 01:12:21,0.00034450,152.00000000
2018-03-01 01:12:24,0.00034460,33.78000000
2018-03-01 01:12:25,0.00034460,0.02000000
2018-03-01 01:12:26,0.00034460,14.24000000
2018-03-01 01:12:28,0.00034460,20.55000000
2018-03-01 01:12:34,0.00034520,56.57000000
2018-03-01 01:12:34,0.00034540,56.42000000
2018-03-01 01:12:39,0.00034450,14.24000000
2018-03-01 01:12:39,0.00034440,21.84000000
2018-03-01 01:12:39,0.00034410,197.58000000
2018-03-01 01:12:44,0.00034520,13.54000000
2018-03-01 01:12:52,0.00034440,190.14000000
2018-03-01 01:12:52,0.00034440,28.98000000
2018-03-01 01:12:53,0.00034430,14.24000000
2018-03-01 01:12:53,0.00034430,125.67000000
2018-03-01 01:12:53,0.00034440,0.81000000
2018-03-01 01:12:53,0.00034510,10.20000000
2018-03-01 01:12:56,0.00034450,7.06000000
2018-03-01 01:13:01,0.00034520,5.79000000
2018-03-01 01:13:03,0.00034460,152.00000000
2018-03-01 01:13:16,0.00034520,20.00000000
2018-03-01 01:13:18,0.00034520,6.39000000
2018-03-01 01:13:24,0.00034450,5.78000000
2018-03-01 01:13:24,0.00034450,22.97000000
2018-03-01 01:13:24,0.00034450,5.37000000
2018-03-01 01:13:24,0.00034510,6.39000000
2018-03-01 01:13:24,0.00034520,33.61000000
2018-03-01 01:13:29,0.00034460,14.24000000
2018-03-01 01:13:29,0.00034450,139.91000000
2018-03-01 01:13:29,0.00034440,19.98000000
2018-03-01 01:13:29,0.00034430,129.14000000
2018-03-01 01:13:29,0.00034400,11.43000000
2018-03-01 01:13:29,0.00034360,64.00000000
2018-03-01 01:13:29,0.00034350,14.73000000
2018-03-01 01:13:29,0.00034340,26.57000000
2018-03-01 01:13:33,0.00034500,116.48000000
2018-03-01 01:13:36,0.00034500,23.43000000
2018-03-01 01:13:36,0.00034510,26.57000000
2018-03-01 01:13:47,0.00034500,14.73000000
2018-03-01 01:13:55,0.00034510,7.16000000
2018-03-01 01:13:55,0.00034510,23.94000000
2018-03-01 01:13:58,0.00034510,9.31000000
2018-03-01 01:13:59,0.00034510,10.67000000
2018-03-01 01:14:21,0.00034500,17.67000000
2018-03-01 01:14:23,0.00034440,14.24000000
2018-03-01 01:14:23,0.00034430,140.34000000
2018-03-01 01:14:23,0.00034420,20.00000000
2018-03-01 01:14:23,0.00034380,199.94000000
2018-03-01 01:14:23,0.00034360,698.34000000
2018-03-01 01:14:23,0.00034360,88.74000000
2018-03-01 01:14:24,0.00034490,20.05000000
2018-03-01 01:14:24,0.00034480,14.52000000
2018-03-01 01:14:25,0.00034470,120.29000000
2018-03-01 01:14:25,0.00034500,150.15000000
2018-03-01 01:14:27,0.00034490,14.98000000
2018-03-01 01:14:27,0.00034480,5.02000000
2018-03-01 01:14:41,0.00034480,0.78000000
2018-03-01 01:14:41,0.00034480,28.57000000
2018-03-01 01:15:24,0.00034480,0.02000000
2018-03-01 01:15:24,0.00034520,6.37000000
2018-03-01 01:15:26,0.00034510,6.39000000
2018-03-01 01:15:28,0.00034500,6.37000000
2018-03-01 01:15:28,0.00034500,0.02000000
2018-03-01 01:15:28,0.00034520,6.37000000
2018-03-01 01:15:30,0.00034510,6.39000000
2018-03-01 01:15:31,0.00034510,6.37000000
2018-03-01 01:15:32,0.00034520,6.39000000
2018-03-01 01:15:39,0.00034480,7.37000000
2018-03-01 01:15:39,0.00034460,13.12000000
2018-03-01 01:15:40,0.00034510,4.12000000
2018-03-01 01:15:40,0.00034510,2.29000000
2018-03-01 01:15:40,0.00034520,4.10000000
2018-03-01 01:15:42,0.00034510,6.37000000
2018-03-01 01:16:05,0.00034510,55.32000000
2018-03-01 01:16:17,0.00034510,35.21000000
2018-03-01 01:16:21,0.00034520,60.75000000
2018-03-01 01:16:28,0.00034510,73.04000000
2018-03-01 01:16:33,0.00034510,0.01000000
2018-03-01 01:16:42,0.00034480,5.57000000
2018-03-01 01:17:17,0.00034480,172.12000000
2018-03-01 01:17:17,0.00034450,10.16000000
2018-03-01 01:17:17,0.00034430,50.00000000
2018-03-01 01:17:17,0.00034400,19.99000000
2018-03-01 01:17:17,0.00034360,112.80000000
2018-03-01 01:17:17,0.00034350,145.97000000
2018-03-01 01:17:17,0.00034340,644.79000000
2018-03-01 01:17:17,0.00034340,14.01000000
2018-03-01 01:17:19,0.00034480,15.00000000
2018-03-01 01:17:20,0.00034490,20.00000000
2018-03-01 01:17:21,0.00034490,6.38000000
2018-03-01 01:17:24,0.00034380,12.57000000
2018-03-01 01:17:24,0.00034480,36.03000000
2018-03-01 01:17:25,0.00034480,6.19000000
2018-03-01 01:17:31,0.00034480,6.38000000
2018-03-01 01:17:33,0.00034460,12.75000000
2018-03-01 01:17:46,0.00034450,33.21000000
2018-03-01 01:17:48,0.00034450,21.30000000
2018-03-01 01:17:49,0.00034450,40.83000000
2018-03-01 01:17:49,0.00034450,40.82000000
2018-03-01 01:17:49,0.00034450,28.92000000
2018-03-01 01:17:49,0.00034450,41.00000000
2018-03-01 01:17:49,0.00034450,40.97000000
2018-03-01 01:17:49,0.00034390,28.92000000
2018-03-01 01:17:50,0.00034450,8.58000000
2018-03-01 01:17:51,0.00034450,12.17000000
2018-03-01 01:18:02,0.00034450,63.93000000
2018-03-01 01:18:02,0.00034460,5.01000000
2018-03-01 01:18:02,0.00034470,97.37000000
2018-03-01 01:18:02,0.00034490,604.10000000
2018-03-01 01:18:04,0.00034490,6.54000000
2018-03-01 01:18:04,0.00034490,149.78000000
2018-03-01 01:18:04,0.00034490,38.03000000
2018-03-01 01:18:04,0.00034490,855.77000000
2018-03-01 01:18:05,0.00034490,5.90000000
2018-03-01 01:18:07,0.00034490,615.48000000
2018-03-01 01:18:11,0.00034490,20.00000000
2018-03-01 01:18:11,0.00034490,12.30000000
2018-03-01 01:18:12,0.00034490,20.00000000
2018-03-01 01:18:12,0.00034490,5.00000000
2018-03-01 01:18:13,0.00034490,33.00000000
2018-03-01 01:18:13,0.00034490,4.99000000
2018-03-01 01:18:13,0.00034490,17.96000000
2018-03-01 01:18:17,0.00034490,50.06000000
2018-03-01 01:18:19,0.00034490,45.89000000
2018-03-01 01:18:28,0.00034490,461.41000000
2018-03-01 01:18:47,0.00034490,52.83000000
2018-03-01 01:18:56,0.00034480,21.00000000
2018-03-01 01:18:56,0.00034490,312.00000000
2018-03-01 01:18:58,0.00034490,6.38000000
2018-03-01 01:19:29,0.00034410,32.00000000
2018-03-01 01:19:36,0.00034450,4.70000000
2018-03-01 01:19:50,0.00034450,13.25000000
2018-03-01 01:19:55,0.00034430,20.43000000
2018-03-01 01:19:55,0.00034440,51.57000000
2018-03-01 01:19:59,0.00034440,2.91000000
2018-03-01 01:20:02,0.00034430,6.87000000
2018-03-01 01:20:03,0.00034400,140.00000000
2018-03-01 01:20:03,0.00034380,20.00000000
2018-03-01 01:20:03,0.00034360,40.60000000
2018-03-01 01:20:03,0.00034330,200.00000000
2018-03-01 01:20:03,0.00034320,182.84000000
2018-03-01 01:20:03,0.00034310,383.56000000
2018-03-01 01:20:03,0.00034280,130.71000000
2018-03-01 01:20:03,0.00034270,712.90000000
2018-03-01 01:20:03,0.00034260,3000.00000000
2018-03-01 01:20:03,0.00034260,267.36000000
2018-03-01 01:20:03,0.00034430,6.27000000
2018-03-01 01:20:03,0.00034440,259.84000000
2018-03-01 01:20:03,0.00034490,1.25000000
2018-03-01 01:20:11,0.00034450,29.91000000
2018-03-01 01:20:11,0.00034460,20.09000000
2018-03-01 01:20:19,0.00034450,20.00000000
2018-03-01 01:20:19,0.00034480,50.00000000
2018-03-01 01:20:21,0.00034470,9.32000000
2018-03-01 01:20:22,0.00034470,5.24000000
2018-03-01 01:20:33,0.00034480,146.04000000
2018-03-01 01:20:37,0.00034490,30.00000000
2018-03-01 01:20:45,0.00034480,6.20000000
2018-03-01 01:20:46,0.00034480,138.05000000
2018-03-01 01:20:51,0.00034480,30.00000000
2018-03-01 01:20:53,0.00034480,9.00000000
2018-03-01 01:20:59,0.00034480,5.00000000
2018-03-01 01:21:00,0.00034450,21.01000000
2018-03-01 01:21:00,0.00034490,2520.69000000
2018-03-01 01:21:06,0.00034490,30.00000000
2018-03-01 01:21:16,0.00034490,20.00000000
2018-03-01 01:21:20,0.00034490,2.90000000
2018-03-01 01:21:27,0.00034490,20.00000000
2018-03-01 01:21:29,0.00034490,120.00000000
2018-03-01 01:21:33,0.00034490,73.22000000
2018-03-01 01:21:38,0.00034490,163.17000000
2018-03-01 01:21:38,0.00034540,64.00000000
2018-03-01 01:21:38,0.00034550,8.21000000
2018-03-01 01:21:38,0.00034560,200.00000000
2018-03-01 01:21:38,0.00034600,8.55000000
2018-03-01 01:21:38,0.00034630,2.90000000
2018-03-01 01:21:38,0.00034640,27.04000000
2018-03-01 01:21:38,0.00034640,20.06000000
2018-03-01 01:21:39,0.00034640,5.97000000
2018-03-01 01:21:39,0.00034640,33.00000000
2018-03-01 01:21:39,0.00034640,22.21000000
2018-03-01 01:21:39,0.00034640,23.87000000
2018-03-01 01:21:40,0.00034640,48.46000000
2018-03-01 01:21:43,0.00034660,15.64000000
2018-03-01 01:21:50,0.00034670,20.00000000
2018-03-01 01:21:52,0.00034670,155.00000000
2018-03-01 01:21:52,0.00034680,36.02000000
2018-03-01 01:21:52,0.00034690,324.96000000
2018-03-01 01:21:52,0.00034700,1105.69000000
2018-03-01 01:22:00,0.00034690,90.88000000
2018-03-01 01:22:01,0.00034690,20.00000000
2018-03-01 01:22:05,0.00034690,5.75000000
2018-03-01 01:22:11,0.00034690,10.00000000
2018-03-01 01:22:15,0.00034680,38.29000000
2018-03-01 01:22:18,0.00034680,10.00000000
2018-03-01 01:22:23,0.00034600,90.00000000
2018-03-01 01:22:33,0.00034670,0.01000000
2018-03-01 01:22:34,0.00034670,10.00000000
2018-03-01 01:22:35,0.00034670,5.94000000
2018-03-01 01:22:36,0.00034670,53.97000000
2018-03-01 01:22:47,0.00034670,20.08000000
2018-03-01 01:22:48,0.00034600,20.00000000
2018-03-01 01:22:48,0.00034590,119.61000000
2018-03-01 01:22:48,0.00034550,199.94000000
2018-03-01 01:22:48,0.00034510,61.66000000
2018-03-01 01:22:48,0.00034680,10.00000000
2018-03-01 01:22:51,0.00034540,5.29000000
2018-03-01 01:22:59,0.00034660,10.00000000
2018-03-01 01:22:59,0.00034660,75.00000000
2018-03-01 01:23:00,0.00034550,58.41000000
2018-03-01 01:23:11,0.00034630,6.37000000
2018-03-01 01:23:12,0.00034620,10.00000000
2018-03-01 01:23:23,0.00034620,50.00000000
2018-03-01 01:23:26,0.00034620,33.02000000
2018-03-01 01:23:28,0.00034640,5.12000000
2018-03-01 01:23:29,0.00034640,14.88000000
2018-03-01 01:23:29,0.00034660,200.00000000
2018-03-01 01:23:29,0.00034670,399.94000000
2018-03-01 01:23:29,0.00034680,464.85000000
2018-03-01 01:23:29,0.00034690,329.26000000
2018-03-01 01:23:29,0.00034700,100.07000000
2018-03-01 01:23:32,0.00034700,1.93000000
2018-03-01 01:23:32,0.00034710,0.96000000
2018-03-01 01:23:42,0.00034620,18.12000000
2018-03-01 01:23:45,0.00034700,5.00000000
2018-03-01 01:23:59,0.00034690,2.89000000
2018-03-01 01:23:59,0.00034700,18.65000000
2018-03-01 01:24:03,0.00034680,5.39000000
2018-03-01 01:24:04,0.00034680,82.78000000
2018-03-01 01:24:16,0.00034670,100.00000000
2018-03-01 01:24:16,0.00034680,162.44000000
2018-03-01 01:24:16,0.00034680,24.88000000
2018-03-01 01:24:16,0.00034680,68.20000000
2018-03-01 01:24:16,0.00034640,24.86000000
2018-03-01 01:24:23,0.00034640,5.12000000
2018-03-01 01:24:24,0.00034640,0.02000000
2018-03-01 01:24:28,0.00034640,5.93000000
2018-03-01 01:24:28,0.00034680,5.00000000
2018-03-01 01:24:29,0.00034640,8.88000000
2018-03-01 01:24:33,0.00034680,2.92000000
2018-03-01 01:24:35,0.00034640,53.07000000
2018-03-01 01:24:37,0.00034680,5.00000000
2018-03-01 01:24:48,0.00034680,5.00000000
2018-03-01 01:24:55,0.00034640,49.66000000
2018-03-01 01:25:10,0.00034640,50.00000000
2018-03-01 01:25:21,0.00034640,70.00000000
2018-03-01 01:25:25,0.00034640,7.00000000
2018-03-01 01:25:26,0.00034630,14.24000000
2018-03-01 01:25:27,0.00034640,200.00000000
2018-03-01 01:25:32,0.00034630,5.75000000
2018-03-01 01:25:33,0.00034640,28.86000000
2018-03-01 01:25:37,0.00034640,50.00000000
2018-03-01 01:25:37,0.00034640,0.90000000
2018-03-01 01:25:37,0.00034640,94.37000000
2018-03-01 01:25:46,0.00034660,20.00000000
2018-03-01 01:25:47,0.00034640,0.01000000
2018-03-01 01:25:53,0.00034640,7.64000000
2018-03-01 01:25:53,0.00034670,185.64000000
2018-03-01 01:26:08,0.00034640,5.00000000
2018-03-01 01:26:09,0.00034640,72.51000000
2018-03-01 01:26:09,0.00034670,1.16000000
2018-03-01 01:26:13,0.00034680,30.34000000
2018-03-01 01:26:15,0.00034620,9.26000000
2018-03-01 01:26:16,0.00034640,5.00000000
2018-03-01 01:26:21,0.00034640,5.00000000
2018-03-01 01:26:25,0.00034620,193.16000000
2018-03-01 01:26:29,0.00034620,1062.62000000
2018-03-01 01:26:29,0.00034610,62.00000000
2018-03-01 01:26:29,0.00034600,57.18000000
2018-03-01 01:26:30,0.00034600,5.00000000
2018-03-01 01:26:39,0.00034600,50.00000000
2018-03-01 01:26:39,0.00034600,31.06000000
2018-03-01 01:27:22,0.00034570,9.94000000
2018-03-01 01:27:22,0.00034570,6.77000000
2018-03-01 01:27:26,0.00034540,2.00000000
2018-03-01 01:27:29,0.00034570,18.29000000
2018-03-01 01:27:29,0.00034600,286.71000000
2018-03-01 01:27:31,0.00034540,76.37000000
2018-03-01 01:27:34,0.00034510,7.32000000
2018-03-01 01:27:45,0.00034540,3.50000000
2018-03-01 01:27:51,0.00034510,418.39000000
2018-03-01 01:27:52,0.00034540,0.04000000
2018-03-01 01:28:01,0.00034600,5.00000000
2018-03-01 01:28:06,0.00034600,5.19000000
2018-03-01 01:28:11,0.00034570,15.63000000
2018-03-01 01:28:13,0.00034600,78.27000000
2018-03-01 01:28:13,0.00034600,110.04000000
2018-03-01 01:28:13,0.00034600,5.78000000
2018-03-01 01:28:17,0.00034600,851.15000000
2018-03-01 01:28:19,0.00034600,0.01000000
2018-03-01 01:28:22,0.00034600,107.98000000
2018-03-01 01:28:24,0.00034580,29.23000000
2018-03-01 01:28:28,0.00034580,0.77000000
2018-03-01 01:28:28,0.00034570,86.35000000
2018-03-01 01:28:31,0.00034580,20.00000000
2018-03-01 01:28:34,0.00034600,53.25000000
2018-03-01 01:28:44,0.00034580,12.60000000
2018-03-01 01:28:44,0.00034570,42.08000000
2018-03-01 01:28:44,0.00034540,116.65000000
2018-03-01 01:28:44,0.00034510,443.52000000
2018-03-01 01:28:44,0.00034500,897.96000000
2018-03-01 01:28:46,0.00034580,237.34000000
2018-03-01 01:28:52,0.00034520,13.93000000
2018-03-01 01:28:52,0.00034510,6.07000000
2018-03-01 01:29:06,0.00034510,139.23000000
2018-03-01 01:29:06,0.00034510,4.83000000
2018-03-01 01:29:07,0.00034510,73.81000000
2018-03-01 01:29:07,0.00034500,139.23000000
2018-03-01 01:29:12,0.00034510,5.80000000
2018-03-01 01:29:12,0.00034500,5.79000000
2018-03-01 01:29:17,0.00034510,476.30000000
2018-03-01 01:29:26,0.00034510,18.00000000
2018-03-01 01:29:41,0.00034520,14.10000000
2018-03-01 01:29:41,0.00034570,0.01000000
2018-03-01 01:29:51,0.00034570,5.00000000
2018-03-01 01:29:58,0.00034530,403.97000000
2018-03-01 01:29:58,0.00034520,196.03000000
2018-03-01 01:30:02,0.00034570,5.00000000
2018-03-01 01:30:17,0.00034560,14.24000000
2018-03-01 01:30:17,0.00034570,82.59000000
2018-03-01 01:30:18,0.00034520,16.50000000
2018-03-01 01:30:18,0.00034570,5.00000000
2018-03-01 01:30:19,0.00034520,13.10000000
2018-03-01 01:30:19,0.00034520,212.93000000
2018-03-01 01:30:20,0.00034560,14.24000000
2018-03-01 01:30:20,0.00034560,238.23000000
2018-03-01 01:30:20,0.00034520,0.02000000
2018-03-01 01:30:20,0.00034510,238.21000000
2018-03-01 01:30:21,0.00034510,92.12000000
2018-03-01 01:30:21,0.00034510,62.52000000
2018-03-01 01:30:21,0.00034510,7.15000000
2018-03-01 01:30:23,0.00034510,541.95000000
2018-03-01 01:30:25,0.00034510,1843.75000000
2018-03-01 01:30:28,0.00034500,49.92000000
2018-03-01 01:30:32,0.00034500,56.30000000
2018-03-01 01:30:35,0.00034500,5.00000000
2018-03-01 01:30:38,0.00034500,5.00000000
2018-03-01 01:30:42,0.00034500,5.00000000
2018-03-01 01:30:48,0.00034500,5.00000000
2018-03-01 01:30:51,0.00034490,5.00000000
2018-03-01 01:30:55,0.00034500,5.00000000
2018-03-01 01:31:05,0.00034500,5.00000000
2018-03-01 01:31:08,0.00034500,54.77000000
2018-03-01 01:31:12,0.00034500,5.00000000
2018-03-01 01:31:26,0.00034460,29.01000000
2018-03-01 01:31:26,0.00034460,13.00000000
2018-03-01 01:31:26,0.00034450,13.71000000
2018-03-01 01:31:37,0.00034510,5.00000000
2018-03-01 01:31:43,0.00034510,235.00000000
2018-03-01 01:31:43,0.00034500,5.67000000
2018-03-01 01:31:44,0.00034500,23.00000000
2018-03-01 01:31:46,0.00034490,3.11000000
2018-03-01 01:31:50,0.00034490,5.00000000
2018-03-01 01:31:55,0.00034490,8.00000000
2018-03-01 01:32:09,0.00034490,68.94000000
2018-03-01 01:32:15,0.00034490,9.76000000
2018-03-01 01:32:24,0.00034500,32.17000000
2018-03-01 01:32:50,0.00034490,50.27000000
2018-03-01 01:33:01,0.00034490,93.46000000
2018-03-01 01:33:01,0.00034500,354.94000000
2018-03-01 01:33:22,0.00034450,35.96000000
2018-03-01 01:33:34,0.00034450,13.72000000
2018-03-01 01:33:36,0.00034450,36.60000000
2018-03-01 01:33:39,0.00034450,3.96000000
2018-03-01 01:33:45,0.00034450,15.76000000
2018-03-01 01:33:46,0.00034450,13.28000000
2018-03-01 01:33:48,0.00034450,6.91000000
2018-03-01 01:33:48,0.00034450,3.00000000
2018-03-01 01:34:19,0.00034430,14.53000000
2018-03-01 01:34:19,0.00034420,61.64000000
2018-03-01 01:34:19,0.00034400,73.83000000
2018-03-01 01:34:24,0.00034450,20.64000000
2018-03-01 01:34:30,0.00034400,16.88000000
2018-03-01 01:34:35,0.00034400,7.27000000
2018-03-01 01:34:35,0.00034330,44.05000000
2018-03-01 01:34:45,0.00034340,139.52000000
2018-03-01 01:34:45,0.00034330,166.12000000
2018-03-01 01:34:45,0.00034320,140.00000000
2018-03-01 01:34:45,0.00034320,95.65000000
2018-03-01 01:34:55,0.00034410,8.01000000
2018-03-01 01:35:11,0.00034320,14.24000000
2018-03-01 01:35:11,0.00034310,4.47000000
2018-03-01 01:35:11,0.00034310,17.59000000
2018-03-01 01:35:17,0.00034410,41.54000000
2018-03-01 01:35:17,0.00034410,6.41000000
2018-03-01 01:35:18,0.00034320,4.00000000
2018-03-01 01:35:19,0.00034410,6.41000000
2018-03-01 01:35:22,0.00034410,67.22000000
2018-03-01 01:35:25,0.00034410,9.93000000
2018-03-01 01:35:27,0.00034430,5.00000000
2018-03-01 01:35:30,0.00034430,2.91000000
2018-03-01 01:35:30,0.00034430,4.91000000
2018-03-01 01:35:30,0.00034440,0.09000000
2018-03-01 01:35:34,0.00034440,5.00000000
2018-03-01 01:35:34,0.00034440,238.86000000
2018-03-01 01:35:37,0.00034410,14.86000000
2018-03-01 01:35:37,0.00034410,5.12000000
2018-03-01 01:35:38,0.00034340,4.22000000
2018-03-01 01:35:44,0.00034440,100.00000000
2018-03-01 01:36:01,0.00034440,4.15000000
2018-03-01 01:36:01,0.00034450,0.85000000
2018-03-01 01:36:08,0.00034370,140.30000000
2018-03-01 01:36:08,0.00034360,14.24000000
2018-03-01 01:36:08,0.00034350,20.00000000
2018-03-01 01:36:08,0.00034350,248.49000000
2018-03-01 01:36:08,0.00034350,1793.48000000
2018-03-01 01:36:08,0.00034350,29.05000000
2018-03-01 01:36:08,0.00034350,3.58000000
2018-03-01 01:36:08,0.00034350,129.21000000
2018-03-01 01:36:09,0.00034350,38.75000000
2018-03-01 01:36:13,0.00034320,37.00000000
2018-03-01 01:36:15,0.00034350,20.00000000
2018-03-01 01:36:15,0.00034350,100.00000000
2018-03-01 01:36:23,0.00034350,2.92000000
2018-03-01 01:36:26,0.00034350,6.20000000
2018-03-01 01:36:28,0.00034320,8.37000000
2018-03-01 01:36:28,0.00034310,291.63000000
2018-03-01 01:36:38,0.00034340,100.00000000
2018-03-01 01:36:41,0.00034340,40.30000000
2018-03-01 01:36:49,0.00034350,5.00000000
2018-03-01 01:36:55,0.00034300,625.00000000
2018-03-01 01:36:59,0.00034300,50.00000000
2018-03-01 01:37:09,0.00034300,5.00000000
2018-03-01 01:37:11,0.00034300,28.00000000
2018-03-01 01:37:11,0.00034300,185.25000000
2018-03-01 01:37:14,0.00034300,0.01000000
2018-03-01 01:37:16,0.00034350,2.92000000
2018-03-01 01:37:16,0.00034340,2.92000000
2018-03-01 01:37:17,0.00034340,26.15000000
2018-03-01 01:37:20,0.00034340,4.47000000
2018-03-01 01:37:22,0.00034340,423.86000000
2018-03-01 01:37:30,0.00034340,30.00000000
2018-03-01 01:37:36,0.00034280,32.02000000
2018-03-01 01:37:44,0.00034340,2.92000000
2018-03-01 01:38:00,0.00034290,7.42000000
2018-03-01 01:38:06,0.00034340,25.00000000
2018-03-01 01:38:06,0.00034340,5.00000000
2018-03-01 01:38:17,0.00034340,5.00000000
2018-03-01 01:38:21,0.00034340,291.20000000
2018-03-01 01:38:32,0.00034340,552.09000000
2018-03-01 01:38:37,0.00034320,40.68000000
2018-03-01 01:38:37,0.00034300,137.02000000
2018-03-01 01:38:37,0.00034290,70.49000000
2018-03-01 01:38:42,0.00034340,5.00000000
2018-03-01 01:38:50,0.00034340,5.00000000
2018-03-01 01:38:54,0.00034340,5.00000000
2018-03-01 01:39:08,0.00034340,5.00000000
2018-03-01 01:39:11,0.00034340,5.82000000
2018-03-01 01:39:13,0.00034340,31.45000000
2018-03-01 01:39:19,0.00034340,5.00000000
2018-03-01 01:39:40,0.00034340,42.40000000
2018-03-01 01:39:45,0.00034340,5.00000000
2018-03-01 01:39:48,0.00034340,21.00000000
2018-03-01 01:39:49,0.00034340,5.00000000
2018-03-01 01:39:57,0.00034340,5.00000000
2018-03-01 01:40:01,0.00034290,11.88000000
2018-03-01 01:40:20,0.00034300,116.01000000
2018-03-01 01:40:21,0.00034300,283.99000000
2018-03-01 01:40:21,0.00034290,806.21000000
2018-03-01 01:40:42,0.00034290,79.95000000
2018-03-01 01:41:14,0.00034340,100.00000000
2018-03-01 01:41:19,0.00034340,79.68000000
2018-03-01 01:41:27,0.00034340,27.40000000
2018-03-01 01:41:37,0.00034300,50.00000000
2018-03-01 01:41:37,0.00034290,899.04000000
2018-03-01 01:41:37,0.00034280,101.29000000
2018-03-01 01:41:37,0.00034260,287.37000000
2018-03-01 01:41:37,0.00034250,50.00000000
2018-03-01 01:41:37,0.00034240,291.98000000
2018-03-01 01:41:37,0.00034230,129.60000000
2018-03-01 01:41:37,0.00034220,100.50000000
2018-03-01 01:41:37,0.00034210,129.44000000
2018-03-01 01:41:37,0.00034200,86.54000000
2018-03-01 01:41:48,0.00034240,12.14000000
2018-03-01 01:41:48,0.00034230,12.69000000
2018-03-01 01:41:48,0.00034220,14.24000000
2018-03-01 01:41:48,0.00034200,254.89000000
2018-03-01 01:41:48,0.00034190,248.04000000
2018-03-01 01:41:52,0.00034310,5.00000000
2018-03-01 01:41:56,0.00034330,5.00000000
2018-03-01 01:42:02,0.00034240,2.93000000
2018-03-01 01:42:04,0.00034330,2.98000000
2018-03-01 01:42:08,0.00034330,10.81000000
2018-03-01 01:42:09,0.00034330,8.04000000
2018-03-01 01:42:27,0.00034320,64.99000000
2018-03-01 01:42:29,0.00034320,62.69000000
2018-03-01 01:42:35,0.00034320,1.02000000
2018-03-01 01:42:40,0.00034310,98.54000000
2018-03-01 01:42:41,0.00034310,265.92000000
2018-03-01 01:42:42,0.00034310,20.00000000
2018-03-01 01:42:44,0.00034330,6.42000000
2018-03-01 01:42:44,0.00034330,6.42000000
2018-03-01 01:43:00,0.00034320,26.98000000
2018-03-01 01:43:00,0.00034330,73.88000000
2018-03-01 01:43:04,0.00034330,474.73000000
2018-03-01 01:43:37,0.00034290,13.69000000
2018-03-01 01:43:37,0.00034250,127.88000000
2018-03-01 01:43:37,0.00034220,20.00000000
2018-03-01 01:43:37,0.00034200,20.26000000
2018-03-01 01:43:38,0.00034310,41.82000000
2018-03-01 01:43:39,0.00034300,127.87000000
2018-03-01 01:43:41,0.00034300,20.01000000
2018-03-01 01:43:48,0.00034320,79.00000000
2018-03-01 01:43:52,0.00034320,64.18000000
2018-03-01 01:43:56,0.00034320,900.00000000
2018-03-01 01:44:03,0.00034320,56.13000000
2018-03-01 01:44:03,0.00034310,82.59000000
2018-03-01 01:44:07,0.00034310,12.00000000
2018-03-01 01:44:12,0.00034300,20.00000000
2018-03-01 01:44:26,0.00034300,260.31000000
2018-03-01 01:44:26,0.00034300,291.23000000
2018-03-01 01:44:27,0.00034310,426.75000000
2018-03-01 01:44:28,0.00034310,117.48000000
2018-03-01 01:44:38,0.00034310,168.30000000
2018-03-01 01:44:43,0.00034310,3.89000000
2018-03-01 01:45:24,0.00034280,32.85000000
2018-03-01 01:45:32,0.00034280,2.15000000
2018-03-01 01:45:33,0.00034280,134.93000000
2018-03-01 01:45:39,0.00034280,20.44000000
2018-03-01 01:45:43,0.00034280,736.22000000
2018-03-01 01:45:48,0.00034280,11.00000000
2018-03-01 01:45:52,0.00034280,980.14000000
2018-03-01 01:45:52,0.00034290,20.00000000
2018-03-01 01:45:52,0.00034310,79.90000000
2018-03-01 01:45:52,0.00034320,84.49000000
2018-03-01 01:46:07,0.00034320,4.20000000
2018-03-01 01:46:31,0.00034330,244.49000000
2018-03-01 01:46:40,0.00034330,168.90000000
2018-03-01 01:46:45,0.00034330,55.75000000
2018-03-01 01:46:47,0.00034340,276.20000000
2018-03-01 01:46:49,0.00034340,546.24000000
2018-03-01 01:46:58,0.00034340,6.41000000
2018-03-01 01:46:59,0.00034340,35.87000000
2018-03-01 01:47:10,0.00034340,477.02000000
2018-03-01 01:47:13,0.00034340,100.00000000
2018-03-01 01:47:14,0.00034340,6.00000000
2018-03-01 01:47:40,0.00034330,0.98000000
2018-03-01 01:47:41,0.00034330,36.63000000
2018-03-01 01:47:44,0.00034330,36.56000000
2018-03-01 01:47:44,0.00034280,16.34000000
2018-03-01 01:47:46,0.00034320,6.41000000
2018-03-01 01:47:53,0.00034330,2.92000000
2018-03-01 01:48:28,0.00034320,6.42000000
2018-03-01 01:48:41,0.00034280,21.19000000
2018-03-01 01:48:41,0.00034270,93.28000000
2018-03-01 01:48:41,0.00034250,50.00000000
2018-03-01 01:48:41,0.00034240,20.00000000
2018-03-01 01:48:41,0.00034200,204.53000000
2018-03-01 01:48:41,0.00034190,1047.44000000
2018-03-01 01:48:41,0.00034180,63.77000000
2018-03-01 01:48:43,0.00034290,6.42000000
2018-03-01 01:49:03,0.00034240,29.10000000
2018-03-01 01:49:03,0.00034230,3.20000000
2018-03-01 01:49:08,0.00034290,3.49000000
2018-03-01 01:49:08,0.00034310,2.92000000
2018-03-01 01:49:08,0.00034320,0.01000000
2018-03-01 01:49:29,0.00034260,14.60000000
2018-03-01 01:49:29,0.00034250,21.94000000
2018-03-01 01:49:29,0.00034230,11.39000000
2018-03-01 01:49:48,0.00034230,98.03000000
2018-03-01 01:49:49,0.00034310,4.00000000
2018-03-01 01:49:59,0.00034310,24.38000000
2018-03-01 01:49:59,0.00034310,3.08000000
2018-03-01 01:50:04,0.00034310,2.75000000
2018-03-01 01:50:05,0.00034290,19.55000000
2018-03-01 01:50:05,0.00034290,6.29000000
2018-03-01 01:50:12,0.00034320,20.00000000
2018-03-01 01:50:22,0.00034330,36.63000000
2018-03-01 01:50:36,0.00034330,8.00000000
2018-03-01 01:50:40,0.00034330,20.00000000
2018-03-01 01:50:47,0.00034330,17.09000000
2018-03-01 01:50:53,0.00034340,204.27000000
2018-03-01 01:50:54,0.00034340,20.00000000
2018-03-01 01:51:12,0.00034340,150.71000000
2018-03-01 01:51:22,0.00034340,63.17000000
2018-03-01 01:51:33,0.00034330,165.72000000
2018-03-01 01:51:34,0.00034330,699.41000000
2018-03-01 01:51:34,0.00034330,118.81000000
2018-03-01 01:51:36,0.00034320,177.06000000
2018-03-01 01:51:40,0.00034320,236.53000000
2018-03-01 01:51:47,0.00034320,0.01000000
2018-03-01 01:51:47,0.00034310,144.58000000
2018-03-01 01:51:48,0.00034310,728.59000000
2018-03-01 01:51:49,0.00034320,11.00000000
2018-03-01 01:51:49,0.00034310,35.15000000
2018-03-01 01:51:59,0.00034270,50.00000000
2018-03-01 01:52:21,0.00034310,20.00000000
2018-03-01 01:52:28,0.00034310,6.00000000
2018-03-01 01:52:32,0.00034310,58.74000000
2018-03-01 01:52:32,0.00034270,6.65000000
2018-03-01 01:52:35,0.00034310,5.40000000
2018-03-01 01:52:41,0.00034270,6.03000000
2018-03-01 01:53:02,0.00034300,5.00000000
2018-03-01 01:53:13,0.00034270,8.41000000
2018-03-01 01:53:32,0.00034280,77.45000000
2018-03-01 01:53:43,0.00034280,0.02000000
2018-03-01 01:53:44,0.00034270,32.32000000
2018-03-01 01:53:49,0.00034280,21.00000000
2018-03-01 01:53:50,0.00034280,4.38000000
2018-03-01 01:53:59,0.00034280,5.77000000
2018-03-01 01:53:59,0.00034300,1.27000000
2018-03-01 01:54:12,0.00034270,17.68000000
2018-03-01 01:54:14,0.00034270,5.54000000
2018-03-01 01:54:23,0.00034270,170.86000000
2018-03-01 01:54:45,0.00034270,174.89000000
2018-03-01 01:54:47,0.00034270,56.89000000
2018-03-01 01:54:53,0.00034270,3.50000000
2018-03-01 01:55:13,0.00034270,36.92000000
2018-03-01 01:55:13,0.00034270,63.07000000
2018-03-01 01:55:17,0.00034320,6.42000000
2018-03-01 01:55:19,0.00034300,6.42000000
2018-03-01 01:55:33,0.00034300,51.88000000
2018-03-01 01:55:34,0.00034310,6.41000000
2018-03-01 01:55:37,0.00034310,0.01000000
2018-03-01 01:55:43,0.00034320,2.57000000
2018-03-01 01:55:45,0.00034330,27.76000000
2018-03-01 01:55:54,0.00034330,14.57000000
2018-03-01 01:56:04,0.00034320,3.26000000
2018-03-01 01:56:08,0.00034300,64.94000000
2018-03-01 01:56:25,0.00034300,8.58000000
2018-03-01 01:56:29,0.00034280,121.00000000
2018-03-01 01:56:34,0.00034330,741.02000000
2018-03-01 01:56:34,0.00034340,1516.88000000
2018-03-01 01:56:34,0.00034350,1661.78000000
2018-03-01 01:56:36,0.00034350,11.24000000
2018-03-01 01:56:41,0.00034350,9.20000000
2018-03-01 01:56:41,0.00034290,57.38000000
2018-03-01 01:56:55,0.00034350,25.00000000
2018-03-01 01:56:55,0.00034420,143.27000000
2018-03-01 01:56:55,0.00034430,196.43000000
2018-03-01 01:56:56,0.00034430,6.01000000
2018-03-01 01:57:06,0.00034440,57.38000000
2018-03-01 01:57:06,0.00034450,30.62000000
2018-03-01 01:57:27,0.00034340,140.31000000
2018-03-01 01:57:43,0.00034410,25.00000000
2018-03-01 01:57:46,0.00034310,17.64000000
2018-03-01 01:57:48,0.00034390,115.31000000
2018-03-01 01:57:48,0.00034410,44.84000000
2018-03-01 01:57:48,0.00034440,185.85000000
2018-03-01 01:57:49,0.00034400,19.00000000
2018-03-01 01:57:53,0.00034440,2.91000000
2018-03-01 01:57:58,0.00034320,47.77000000
2018-03-01 01:58:06,0.00034320,64.00000000
2018-03-01 01:58:07,0.00034320,76.23000000
2018-03-01 01:58:16,0.00034310,20.00000000
2018-03-01 01:58:35,0.00034290,252.00000000
2018-03-01 01:58:42,0.00034270,189.51000000
2018-03-01 01:58:46,0.00034280,2.92000000
2018-03-01 01:58:47,0.00034280,9.16000000
2018-03-01 01:58:50,0.00034250,8.72000000
2018-03-01 01:58:55,0.00034250,9.68000000
2018-03-01 01:59:00,0.00034260,20.00000000
2018-03-01 01:59:05,0.00034250,155.69000000
2018-03-01 01:59:11,0.00034250,164.12000000
2018-03-01 01:59:21,0.00034290,19.98000000
2018-03-01 01:59:21,0.00034250,674.41000000
2018-03-01 01:59:22,0.00034250,11.97000000
2018-03-01 01:59:22,0.00034250,11.97000000
2018-03-01 01:59:22,0.00034250,11.97000000
2018-03-01 01:59:22,0.00034250,11.97000000
2018-03-01 01:59:22,0.00034250,140.19000000
2018-03-01 01:59:25,0.00034250,6.19000000
2018-03-01 01:59:27,0.00034240,114.11000000
2018-03-01 01:59:30,0.00034250,3.00000000
2018-03-01 01:59:31,0.00034250,490.00000000
2018-03-01 01:59:34,0.00034250,1031.22000000
2018-03-01 01:59:40,0.00034250,23.69000000
