DATE,PRICE,VOLUME
2018-03-01 07:00:52,0.00034390,29.07000000
2018-03-01 07:00:53,0.00034390,163.09000000
2018-03-01 07:00:54,0.00034390,5.83000000
2018-03-01 07:01:31,0.00034400,749.31000000
2018-03-01 07:01:31,0.00034390,200.00000000
2018-03-01 07:01:41,0.00034400,421.55000000
2018-03-01 07:01:53,0.00034420,64.40000000
2018-03-01 07:01:53,0.00034440,473.72000000
2018-03-01 07:01:53,0.00034490,51.93000000
2018-03-01 07:01:53,0.00034500,365.05000000
2018-03-01 07:02:04,0.00034400,60.35000000
2018-03-01 07:02:06,0.00034400,151.83000000
2018-03-01 07:02:08,0.00034400,247.76000000
2018-03-01 07:02:16,0.00034400,108.93000000
2018-03-01 07:02:26,0.00034400,9.62000000
2018-03-01 07:02:27,0.00034400,180.00000000
2018-03-01 07:02:42,0.00034480,46.53000000
2018-03-01 07:02:42,0.00034490,17.23000000
2018-03-01 07:02:42,0.00034500,10.24000000
2018-03-01 07:02:44,0.00034500,0.52000000
2018-03-01 07:02:47,0.00034410,34.14000000
2018-03-01 07:02:47,0.00034400,95.10000000
2018-03-01 07:02:52,0.00034490,1.00000000
2018-03-01 07:02:55,0.00034490,3.00000000
2018-03-01 07:03:12,0.00034490,17.23000000
2018-03-01 07:03:12,0.00034490,6.37000000
2018-03-01 07:03:12,0.00034490,132.05000000
2018-03-01 07:03:12,0.00034490,28.99000000
2018-03-01 07:03:12,0.00034490,6.99000000
2018-03-01 07:03:12,0.00034490,18.92000000
2018-03-01 07:03:12,0.00034490,43.13000000
2018-03-01 07:03:13,0.00034490,28.75000000
2018-03-01 07:03:13,0.00034490,4.75000000
2018-03-01 07:03:20,0.00034490,17.23000000
2018-03-01 07:03:29,0.00034490,200.00000000
2018-03-01 07:04:00,0.00034500,7.47000000
2018-03-01 07:04:01,0.00034490,5.99000000
2018-03-01 07:04:01,0.00034490,620.15000000
2018-03-01 07:04:01,0.00034490,4.79000000
2018-03-01 07:04:02,0.00034490,380.30000000
2018-03-01 07:04:35,0.00034490,10.31000000
2018-03-01 07:04:42,0.00034430,2.00000000
2018-03-01 07:05:00,0.00034430,393.46000000
2018-03-01 07:05:00,0.00034420,20.00000000
2018-03-01 07:05:00,0.00034400,16.61000000
2018-03-01 07:05:16,0.00034500,86.16000000
2018-03-01 07:05:22,0.00034430,9.12000000
2018-03-01 07:05:28,0.00034430,14.53000000
2018-03-01 07:05:30,0.00034430,5.39000000
2018-03-01 07:05:39,0.00034410,5.75000000
2018-03-01 07:05:39,0.00034410,9.25000000
2018-03-01 07:05:39,0.00034400,29.05000000
2018-03-01 07:05:39,0.00034400,259.42000000
2018-03-01 07:05:39,0.00034400,10.80000000
2018-03-01 07:05:40,0.00034480,20.75000000
2018-03-01 07:05:40,0.00034490,19.25000000
2018-03-01 07:05:41,0.00034410,5.75000000
2018-03-01 07:05:41,0.00034410,15.00000000
2018-03-01 07:05:43,0.00034400,12.05000000
2018-03-01 07:05:49,0.00034450,2.00000000
2018-03-01 07:05:50,0.00034400,403.23000000
2018-03-01 07:05:50,0.00034400,346.74000000
2018-03-01 07:05:50,0.00034390,483.30000000
2018-03-01 07:05:50,0.00034350,412.82000000
2018-03-01 07:05:50,0.00034350,193.09000000
2018-03-01 07:05:50,0.00034350,749.92000000
2018-03-01 07:05:50,0.00034350,809.63000000
2018-03-01 07:05:50,0.00034330,150.56000000
2018-03-01 07:05:50,0.00034300,528.23000000
2018-03-01 07:05:50,0.00034290,84.29000000
2018-03-01 07:05:50,0.00034280,1806.63000000
2018-03-01 07:05:53,0.00034340,13.00000000
2018-03-01 07:05:53,0.00034350,46.03000000
2018-03-01 07:06:00,0.00034340,2.00000000
2018-03-01 07:06:04,0.00034290,20.75000000
2018-03-01 07:06:06,0.00034330,7.42000000
2018-03-01 07:06:15,0.00034290,1.60000000
2018-03-01 07:06:19,0.00034310,28.94000000
2018-03-01 07:06:25,0.00034300,16.55000000
2018-03-01 07:06:33,0.00034300,5.20000000
2018-03-01 07:06:36,0.00034300,0.01000000
2018-03-01 07:06:36,0.00034310,0.01000000
2018-03-01 07:06:36,0.00034350,24.25000000
2018-03-01 07:06:38,0.00034340,7.04000000
2018-03-01 07:06:44,0.00034340,41.16000000
2018-03-01 07:07:17,0.00034330,5.58000000
2018-03-01 07:07:18,0.00034330,20.01000000
2018-03-01 07:07:18,0.00034330,3.00000000
2018-03-01 07:07:18,0.00034340,0.79000000
2018-03-01 07:07:19,0.00034340,0.18000000
2018-03-01 07:08:06,0.00034330,4.50000000
2018-03-01 07:08:06,0.00034290,28.35000000
2018-03-01 07:08:06,0.00034280,271.08000000
2018-03-01 07:08:06,0.00034270,489.16000000
2018-03-01 07:08:06,0.00034250,108.91000000
2018-03-01 07:08:11,0.00034340,34.76000000
2018-03-01 07:08:16,0.00034340,9.61000000
2018-03-01 07:08:22,0.00034340,1019.21000000
2018-03-01 07:09:25,0.00034340,29.00000000
2018-03-01 07:09:32,0.00034280,14.59000000
2018-03-01 07:09:32,0.00034250,70.57000000
2018-03-01 07:09:41,0.00034340,8.74000000
2018-03-01 07:09:44,0.00034280,19.00000000
2018-03-01 07:10:03,0.00034290,34.59000000
2018-03-01 07:10:03,0.00034280,6.78000000
2018-03-01 07:10:03,0.00034250,533.79000000
2018-03-01 07:10:03,0.00034230,38.74000000
2018-03-01 07:10:03,0.00034220,408.10000000
2018-03-01 07:10:05,0.00034300,28.79000000
2018-03-01 07:10:15,0.00034230,14.61000000
2018-03-01 07:10:15,0.00034220,62.23000000
2018-03-01 07:10:21,0.00034220,5.04000000
2018-03-01 07:10:31,0.00034220,33.48000000
2018-03-01 07:10:31,0.00034220,37.04000000
2018-03-01 07:10:34,0.00034300,55.48000000
2018-03-01 07:10:37,0.00034330,246.00000000
2018-03-01 07:10:39,0.00034300,126.81000000
2018-03-01 07:10:39,0.00034320,5.82000000
2018-03-01 07:10:43,0.00034320,32.03000000
2018-03-01 07:10:54,0.00034320,5.94000000
2018-03-01 07:10:54,0.00034350,94.06000000
2018-03-01 07:10:55,0.00034300,1264.95000000
2018-03-01 07:10:56,0.00034280,27.78000000
2018-03-01 07:11:05,0.00034300,29.00000000
2018-03-01 07:11:05,0.00034300,6.20000000
2018-03-01 07:11:08,0.00034300,3.51000000
2018-03-01 07:11:09,0.00034300,29.09000000
2018-03-01 07:11:09,0.00034300,108.30000000
2018-03-01 07:11:09,0.00034300,6.94000000
2018-03-01 07:11:09,0.00034280,29.09000000
2018-03-01 07:11:18,0.00034300,0.08000000
2018-03-01 07:11:20,0.00034280,51.91000000
2018-03-01 07:11:20,0.00034220,957.94000000
2018-03-01 07:11:24,0.00034300,5.54000000
2018-03-01 07:11:25,0.00034300,11.80000000
2018-03-01 07:11:33,0.00034300,22.28000000
2018-03-01 07:11:56,0.00034290,5.83000000
2018-03-01 07:11:59,0.00034270,6.47000000
2018-03-01 07:12:02,0.00034270,20.50000000
2018-03-01 07:12:02,0.00034290,37.48000000
2018-03-01 07:12:36,0.00034240,34.61000000
2018-03-01 07:12:36,0.00034230,413.09000000
2018-03-01 07:12:36,0.00034220,592.35000000
2018-03-01 07:12:36,0.00034210,132.53000000
2018-03-01 07:12:43,0.00034280,10.00000000
2018-03-01 07:12:51,0.00034290,108.00000000
2018-03-01 07:12:51,0.00034280,100.00000000
2018-03-01 07:12:52,0.00034280,14.59000000
2018-03-01 07:12:52,0.00034280,22.17000000
2018-03-01 07:12:52,0.00034290,27.83000000
2018-03-01 07:13:07,0.00034290,29.16000000
2018-03-01 07:13:32,0.00034210,2.93000000
2018-03-01 07:13:45,0.00034210,112.59000000
2018-03-01 07:14:06,0.00034290,4.13000000
2018-03-01 07:14:13,0.00034290,7.93000000
2018-03-01 07:14:21,0.00034220,15.00000000
2018-03-01 07:14:21,0.00034210,93.80000000
2018-03-01 07:14:50,0.00034230,46.44000000
2018-03-01 07:14:50,0.00034210,42.25000000
2018-03-01 07:15:02,0.00034210,2.93000000
2018-03-01 07:15:20,0.00034260,5.61000000
2018-03-01 07:15:20,0.00034240,38.95000000
2018-03-01 07:15:21,0.00034270,6.05000000
2018-03-01 07:15:52,0.00034270,10.00000000
2018-03-01 07:15:54,0.00034240,9.33000000
2018-03-01 07:16:10,0.00034250,3.00000000
2018-03-01 07:16:34,0.00034240,3.00000000
2018-03-01 07:16:37,0.00034240,30.76000000
2018-03-01 07:16:42,0.00034240,355.88000000
2018-03-01 07:16:53,0.00034240,0.02000000
2018-03-01 07:16:54,0.00034220,19.44000000
2018-03-01 07:16:54,0.00034210,66.69000000
2018-03-01 07:16:56,0.00034240,43.82000000
2018-03-01 07:17:03,0.00034240,254.29000000
2018-03-01 07:17:05,0.00034240,43.82000000
2018-03-01 07:17:05,0.00034210,38.35000000
2018-03-01 07:17:10,0.00034240,32.61000000
2018-03-01 07:17:10,0.00034250,4.21000000
2018-03-01 07:17:10,0.00034270,52.65000000
2018-03-01 07:17:10,0.00034280,15.00000000
2018-03-01 07:17:10,0.00034300,513.21000000
2018-03-01 07:17:10,0.00034310,199.59000000
2018-03-01 07:17:10,0.00034340,199.41000000
2018-03-01 07:17:10,0.00034350,2501.42000000
2018-03-01 07:17:17,0.00034250,543.01000000
2018-03-01 07:17:36,0.00034340,155.49000000
2018-03-01 07:17:36,0.00034350,20.01000000
2018-03-01 07:17:36,0.00034390,13.80000000
2018-03-01 07:17:36,0.00034390,173.64000000
2018-03-01 07:17:36,0.00034390,69.03000000
2018-03-01 07:17:36,0.00034390,242.66000000
2018-03-01 07:17:36,0.00034390,7.01000000
2018-03-01 07:17:37,0.00034390,7.01000000
2018-03-01 07:17:37,0.00034390,13.91000000
2018-03-01 07:17:37,0.00034390,6.01000000
2018-03-01 07:17:37,0.00034390,12.81000000
2018-03-01 07:17:37,0.00034390,32.42000000
2018-03-01 07:17:38,0.00034390,129.65000000
2018-03-01 07:17:39,0.00034390,637.53000000
2018-03-01 07:17:41,0.00034400,7.00000000
2018-03-01 07:17:43,0.00034420,3.63000000
2018-03-01 07:17:48,0.00034400,7.54000000
2018-03-01 07:17:51,0.00034400,14.54000000
2018-03-01 07:17:55,0.00034390,39.39000000
2018-03-01 07:18:06,0.00034390,7.91000000
2018-03-01 07:18:06,0.00034390,125.79000000
2018-03-01 07:18:09,0.00034390,20.01000000
2018-03-01 07:18:09,0.00034380,13.80000000
2018-03-01 07:18:09,0.00034300,1.19000000
2018-03-01 07:18:10,0.00034300,2.92000000
2018-03-01 07:18:12,0.00034300,11.49000000
2018-03-01 07:18:21,0.00034400,9.32000000
2018-03-01 07:18:27,0.00034310,14.56000000
2018-03-01 07:18:31,0.00034360,560.24000000
2018-03-01 07:18:31,0.00034370,598.52000000
2018-03-01 07:18:31,0.00034380,20.00000000
2018-03-01 07:18:31,0.00034390,13.80000000
2018-03-01 07:18:31,0.00034400,22.71000000
2018-03-01 07:18:31,0.00034400,7.21000000
2018-03-01 07:18:31,0.00034400,235.47000000
2018-03-01 07:18:31,0.00034400,272.36000000
2018-03-01 07:18:31,0.00034460,13.80000000
2018-03-01 07:18:31,0.00034460,13.69000000
2018-03-01 07:18:32,0.00034460,195.77000000
2018-03-01 07:18:32,0.00034460,13.70000000
2018-03-01 07:18:32,0.00034460,408.47000000
2018-03-01 07:18:32,0.00034460,12.68000000
2018-03-01 07:18:32,0.00034460,16.52000000
2018-03-01 07:18:33,0.00034460,13.80000000
2018-03-01 07:18:33,0.00034460,30.19000000
2018-03-01 07:18:36,0.00034460,15.33000000
2018-03-01 07:18:41,0.00034480,29.08000000
2018-03-01 07:18:41,0.00034490,170.11000000
2018-03-01 07:18:55,0.00034490,1745.89000000
2018-03-01 07:18:55,0.00034490,20.00000000
2018-03-01 07:18:55,0.00034490,7.00000000
2018-03-01 07:19:08,0.00034500,122.86000000
2018-03-01 07:19:26,0.00034490,46.44000000
2018-03-01 07:19:42,0.00034490,500.00000000
2018-03-01 07:20:15,0.00034500,131.01000000
2018-03-01 07:20:16,0.00034500,263.05000000
2018-03-01 07:20:18,0.00034500,29.89000000
2018-03-01 07:20:19,0.00034500,20.00000000
2018-03-01 07:20:20,0.00034500,13.80000000
2018-03-01 07:20:21,0.00034500,20.00000000
2018-03-01 07:20:23,0.00034490,61.58000000
2018-03-01 07:20:41,0.00034490,365.76000000
2018-03-01 07:20:42,0.00034500,88.04000000
2018-03-01 07:20:44,0.00034500,40.95000000
2018-03-01 07:20:49,0.00034500,14.22000000
2018-03-01 07:20:52,0.00034490,676.34000000
2018-03-01 07:20:53,0.00034500,28.46000000
2018-03-01 07:20:58,0.00034500,173.75000000
2018-03-01 07:21:06,0.00034490,25.31000000
2018-03-01 07:21:11,0.00034500,4.03000000
2018-03-01 07:21:14,0.00034500,329.55000000
2018-03-01 07:21:16,0.00034500,39.44000000
2018-03-01 07:21:17,0.00034490,350.00000000
2018-03-01 07:21:17,0.00034500,115.27000000
2018-03-01 07:21:41,0.00034490,3.00000000
2018-03-01 07:21:41,0.00034500,15.87000000
2018-03-01 07:21:47,0.00034490,52.99000000
2018-03-01 07:21:49,0.00034490,5.77000000
2018-03-01 07:21:54,0.00034490,14.00000000
2018-03-01 07:22:00,0.00034490,122.09000000
2018-03-01 07:22:15,0.00034490,22.31000000
2018-03-01 07:22:16,0.00034490,22.31000000
2018-03-01 07:22:17,0.00034490,22.30000000
2018-03-01 07:22:26,0.00034500,207.00000000
2018-03-01 07:22:33,0.00034500,253.42000000
2018-03-01 07:22:39,0.00034500,25.00000000
2018-03-01 07:22:41,0.00034500,150.39000000
2018-03-01 07:22:43,0.00034500,355.60000000
2018-03-01 07:22:44,0.00034500,50.00000000
2018-03-01 07:22:48,0.00034500,545.44000000
2018-03-01 07:22:48,0.00034500,6.46000000
2018-03-01 07:22:56,0.00034510,78.79000000
2018-03-01 07:23:09,0.00034510,15.72000000
2018-03-01 07:23:14,0.00034510,15.15000000
2018-03-01 07:23:26,0.00034510,58.60000000
2018-03-01 07:23:35,0.00034500,20.00000000
2018-03-01 07:23:37,0.00034500,49.30000000
2018-03-01 07:23:46,0.00034510,35.28000000
2018-03-01 07:23:49,0.00034510,0.01000000
2018-03-01 07:23:49,0.00034500,101.95000000
2018-03-01 07:23:54,0.00034500,155.58000000
2018-03-01 07:24:10,0.00034500,16.00000000
2018-03-01 07:24:10,0.00034500,16.00000000
2018-03-01 07:24:10,0.00034500,458.47000000
2018-03-01 07:24:10,0.00034500,565.26000000
2018-03-01 07:24:10,0.00034500,195.26000000
2018-03-01 07:24:10,0.00034490,13.80000000
2018-03-01 07:24:10,0.00034450,698.34000000
2018-03-01 07:24:10,0.00034440,64.00000000
2018-03-01 07:24:10,0.00034430,198.61000000
2018-03-01 07:24:10,0.00034400,128.55000000
2018-03-01 07:24:10,0.00034370,14.63000000
2018-03-01 07:24:10,0.00034310,8.67000000
2018-03-01 07:24:10,0.00034300,96.06000000
2018-03-01 07:24:10,0.00034300,28.98000000
2018-03-01 07:24:11,0.00034450,13.80000000
2018-03-01 07:24:12,0.00034310,29.00000000
2018-03-01 07:24:16,0.00034470,30.00000000
2018-03-01 07:24:16,0.00034480,11.84000000
2018-03-01 07:24:30,0.00034410,15.00000000
2018-03-01 07:24:34,0.00034390,13.67000000
2018-03-01 07:24:35,0.00034380,14.00000000
2018-03-01 07:24:37,0.00034340,14.00000000
2018-03-01 07:24:37,0.00034310,7.28000000
2018-03-01 07:24:37,0.00034260,144.04000000
2018-03-01 07:24:37,0.00034250,94.42000000
2018-03-01 07:24:40,0.00034300,32.54000000
2018-03-01 07:24:40,0.00034290,82.95000000
2018-03-01 07:24:42,0.00034380,8.72000000
2018-03-01 07:24:46,0.00034380,0.29000000
2018-03-01 07:24:50,0.00034380,108.60000000
2018-03-01 07:24:51,0.00034370,78.79000000
2018-03-01 07:24:51,0.00034380,29.85000000
2018-03-01 07:25:06,0.00034300,11.82000000
2018-03-01 07:25:06,0.00034290,28.86000000
2018-03-01 07:25:06,0.00034260,59.51000000
2018-03-01 07:25:11,0.00034370,7.61000000
2018-03-01 07:25:21,0.00034290,128.42000000
2018-03-01 07:25:27,0.00034300,130.53000000
2018-03-01 07:25:30,0.00034300,31.48000000
2018-03-01 07:25:30,0.00034290,57.66000000
2018-03-01 07:26:15,0.00034310,20.41000000
2018-03-01 07:26:16,0.00034310,5.00000000
2018-03-01 07:26:18,0.00034310,21.07000000
2018-03-01 07:26:27,0.00034310,114.62000000
2018-03-01 07:26:27,0.00034310,0.01000000
2018-03-01 07:26:27,0.00034250,77.37000000
2018-03-01 07:26:27,0.00034250,99.36000000
2018-03-01 07:26:27,0.00034250,120.53000000
2018-03-01 07:26:27,0.00034220,5.39000000
2018-03-01 07:26:28,0.00034220,8.41000000
2018-03-01 07:26:28,0.00034210,5.61000000
2018-03-01 07:26:29,0.00034230,68.01000000
2018-03-01 07:26:36,0.00034230,108.72000000
2018-03-01 07:26:36,0.00034240,13.80000000
2018-03-01 07:26:36,0.00034300,5.68000000
2018-03-01 07:26:41,0.00034310,3.50000000
2018-03-01 07:26:48,0.00034310,14.00000000
2018-03-01 07:26:48,0.00034320,15.14000000
2018-03-01 07:26:49,0.00034230,4.79000000
2018-03-01 07:26:49,0.00034230,15.14000000
2018-03-01 07:26:50,0.00034230,14.00000000
2018-03-01 07:26:51,0.00034300,6.40000000
2018-03-01 07:26:52,0.00034230,14.59000000
2018-03-01 07:27:07,0.00034300,0.33000000
2018-03-01 07:27:26,0.00034280,71.74000000
2018-03-01 07:27:26,0.00034290,11.63000000
2018-03-01 07:27:45,0.00034230,0.02000000
2018-03-01 07:27:45,0.00034220,123.16000000
2018-03-01 07:27:45,0.00034210,200.58000000
2018-03-01 07:27:46,0.00034210,17.52000000
2018-03-01 07:27:49,0.00034220,14.60000000
2018-03-01 07:27:54,0.00034270,8.43000000
2018-03-01 07:27:54,0.00034280,17.64000000
2018-03-01 07:27:54,0.00034290,3.10000000
2018-03-01 07:27:57,0.00034250,4.79000000
2018-03-01 07:27:57,0.00034250,20.80000000
2018-03-01 07:28:02,0.00034250,0.02000000
2018-03-01 07:28:03,0.00034240,0.01000000
2018-03-01 07:28:10,0.00034220,0.02000000
2018-03-01 07:28:10,0.00034200,53.85000000
2018-03-01 07:28:11,0.00034220,30.03000000
2018-03-01 07:28:11,0.00034230,25.11000000
2018-03-01 07:28:11,0.00034240,8.36000000
2018-03-01 07:28:17,0.00034240,92.35000000
2018-03-01 07:28:19,0.00034240,8.75000000
2018-03-01 07:28:19,0.00034200,639.77000000
2018-03-01 07:28:20,0.00034200,101.39000000
2018-03-01 07:28:22,0.00034200,200.00000000
2018-03-01 07:28:32,0.00034200,6.99000000
2018-03-01 07:28:35,0.00034200,31.96000000
2018-03-01 07:28:36,0.00034200,82.01000000
2018-03-01 07:28:36,0.00034200,151.49000000
2018-03-01 07:28:36,0.00034190,9.84000000
2018-03-01 07:28:37,0.00034190,231.12000000
2018-03-01 07:28:37,0.00034190,168.22000000
2018-03-01 07:28:38,0.00034190,25.23000000
2018-03-01 07:28:44,0.00034200,6.01000000
2018-03-01 07:28:44,0.00034250,493.99000000
2018-03-01 07:28:53,0.00034190,21.00000000
2018-03-01 07:29:02,0.00034170,40.50000000
2018-03-01 07:29:02,0.00034160,60.71000000
2018-03-01 07:29:03,0.00034190,4.00000000
2018-03-01 07:29:04,0.00034160,161.84000000
2018-03-01 07:29:06,0.00034160,100.20000000
2018-03-01 07:29:11,0.00034160,12.47000000
2018-03-01 07:29:16,0.00034190,206.56000000
2018-03-01 07:29:17,0.00034190,82.25000000
2018-03-01 07:29:17,0.00034190,172.18000000
2018-03-01 07:29:20,0.00034190,5.53000000
2018-03-01 07:29:25,0.00034250,5.55000000
2018-03-01 07:29:28,0.00034190,8.19000000
2018-03-01 07:29:36,0.00034200,3.01000000
2018-03-01 07:29:40,0.00034250,0.01000000
2018-03-01 07:29:42,0.00034250,29.19000000
2018-03-01 07:29:45,0.00034210,45.00000000
2018-03-01 07:29:46,0.00034250,80.27000000
2018-03-01 07:29:46,0.00034250,742.02000000
2018-03-01 07:29:46,0.00034190,247.84000000
2018-03-01 07:29:47,0.00034190,29.19000000
2018-03-01 07:29:47,0.00034190,32.32000000
2018-03-01 07:30:01,0.00034210,87.61000000
2018-03-01 07:30:03,0.00034210,13.51000000
2018-03-01 07:30:09,0.00034260,21.89000000
2018-03-01 07:30:13,0.00034210,0.02000000
2018-03-01 07:30:13,0.00034190,15.29000000
2018-03-01 07:30:13,0.00034170,393.39000000
2018-03-01 07:30:13,0.00034160,311.85000000
2018-03-01 07:30:16,0.00034170,2.93000000
2018-03-01 07:30:17,0.00034170,12.07000000
2018-03-01 07:30:17,0.00034160,2868.00000000
2018-03-01 07:30:18,0.00034150,15.00000000
2018-03-01 07:30:18,0.00034160,42.84000000
2018-03-01 07:30:18,0.00034270,8.70000000
2018-03-01 07:30:23,0.00034180,15.00000000
2018-03-01 07:30:24,0.00034170,5.00000000
2018-03-01 07:30:25,0.00034170,14.66000000
2018-03-01 07:30:26,0.00034240,15.00000000
2018-03-01 07:30:26,0.00034250,17.52000000
2018-03-01 07:30:26,0.00034270,19.57000000
2018-03-01 07:30:33,0.00034250,35.03000000
2018-03-01 07:30:34,0.00034180,71.65000000
2018-03-01 07:30:35,0.00034180,77.45000000
2018-03-01 07:30:49,0.00034260,17.52000000
2018-03-01 07:30:49,0.00034270,14.00000000
2018-03-01 07:30:49,0.00034270,168.48000000
2018-03-01 07:30:49,0.00034190,3.02000000
2018-03-01 07:30:49,0.00034180,165.46000000
2018-03-01 07:30:49,0.00034180,69.95000000
2018-03-01 07:30:50,0.00034190,24.76000000
2018-03-01 07:30:51,0.00034200,50.00000000
2018-03-01 07:30:51,0.00034190,14.00000000
2018-03-01 07:30:53,0.00034250,30.00000000
2018-03-01 07:30:53,0.00034260,20.00000000
2018-03-01 07:30:53,0.00034260,19.76000000
2018-03-01 07:30:53,0.00034270,0.24000000
2018-03-01 07:30:59,0.00034270,10.00000000
2018-03-01 07:31:05,0.00034190,100.00000000
2018-03-01 07:31:12,0.00034260,216.32000000
2018-03-01 07:31:23,0.00034270,4.00000000
2018-03-01 07:31:27,0.00034290,7.31000000
2018-03-01 07:31:27,0.00034340,40.00000000
2018-03-01 07:31:27,0.00034350,13.80000000
2018-03-01 07:31:27,0.00034360,58.89000000
2018-03-01 07:31:34,0.00034310,3.10000000
2018-03-01 07:31:35,0.00034320,3.10000000
2018-03-01 07:31:39,0.00034360,6.95000000
2018-03-01 07:31:42,0.00034370,5.99000000
2018-03-01 07:31:42,0.00034370,6.95000000
2018-03-01 07:31:42,0.00034370,8.96000000
2018-03-01 07:31:42,0.00034360,11.88000000
2018-03-01 07:31:42,0.00034360,3.10000000
2018-03-01 07:31:42,0.00034360,15.58000000
2018-03-01 07:31:49,0.00034370,274.54000000
2018-03-01 07:31:49,0.00034360,171.04000000
2018-03-01 07:31:56,0.00034330,10.26000000
2018-03-01 07:31:59,0.00034330,28.44000000
2018-03-01 07:32:00,0.00034360,988.07000000
2018-03-01 07:32:04,0.00034330,4.98000000
2018-03-01 07:32:05,0.00034330,108.54000000
2018-03-01 07:32:09,0.00034330,139.93000000
2018-03-01 07:32:17,0.00034320,3.58000000
2018-03-01 07:32:17,0.00034320,25.78000000
2018-03-01 07:32:20,0.00034310,34.57000000
2018-03-01 07:32:25,0.00034310,81.82000000
2018-03-01 07:32:28,0.00034310,4.16000000
2018-03-01 07:32:33,0.00034240,44.69000000
2018-03-01 07:32:34,0.00034220,38.39000000
2018-03-01 07:32:34,0.00034190,87.34000000
2018-03-01 07:32:34,0.00034220,0.05000000
2018-03-01 07:32:52,0.00034300,78.18000000
2018-03-01 07:32:52,0.00034310,21.82000000
2018-03-01 07:32:55,0.00034310,1050.52000000
2018-03-01 07:33:05,0.00034220,5.79000000
2018-03-01 07:33:05,0.00034220,45.67000000
2018-03-01 07:33:05,0.00034220,6.19000000
2018-03-01 07:33:09,0.00034220,2.69000000
2018-03-01 07:33:10,0.00034220,405.79000000
2018-03-01 07:33:22,0.00034200,146.71000000
2018-03-01 07:33:22,0.00034190,47.39000000
2018-03-01 07:33:30,0.00034200,15.00000000
2018-03-01 07:33:30,0.00034190,128.79000000
2018-03-01 07:33:31,0.00034280,15.00000000
2018-03-01 07:33:31,0.00034290,14.15000000
2018-03-01 07:33:32,0.00034280,15.00000000
2018-03-01 07:33:37,0.00034200,30.00000000
2018-03-01 07:33:37,0.00034190,92.25000000
2018-03-01 07:33:39,0.00034280,27.23000000
2018-03-01 07:33:53,0.00034280,2.77000000
2018-03-01 07:33:54,0.00034280,1.23000000
2018-03-01 07:33:56,0.00034280,4.77000000
2018-03-01 07:33:56,0.00034290,7.43000000
2018-03-01 07:34:03,0.00034200,2.93000000
2018-03-01 07:34:22,0.00034200,27.07000000
2018-03-01 07:34:22,0.00034190,15.15000000
2018-03-01 07:34:22,0.00034190,547.40000000
2018-03-01 07:34:22,0.00034170,40.00000000
2018-03-01 07:34:22,0.00034160,254.71000000
2018-03-01 07:34:22,0.00034150,270.02000000
2018-03-01 07:34:22,0.00034150,624.21000000
2018-03-01 07:34:22,0.00034150,88.34000000
2018-03-01 07:34:23,0.00034150,67.71000000
2018-03-01 07:34:24,0.00034150,292.81000000
2018-03-01 07:34:24,0.00034150,785.41000000
2018-03-01 07:34:24,0.00034150,0.02000000
2018-03-01 07:34:24,0.00034130,2571.63000000
2018-03-01 07:34:25,0.00034120,293.06000000
2018-03-01 07:34:25,0.00034120,158.18000000
2018-03-01 07:34:27,0.00034140,15.00000000
2018-03-01 07:34:27,0.00034150,5.81000000
2018-03-01 07:34:27,0.00034190,27.69000000
2018-03-01 07:34:27,0.00034200,5.00000000
2018-03-01 07:34:27,0.00034200,684.48000000
2018-03-01 07:34:28,0.00034160,206.59000000
2018-03-01 07:34:29,0.00034160,42.81000000
2018-03-01 07:34:33,0.00034200,5.50000000
2018-03-01 07:34:33,0.00034200,5.15000000
2018-03-01 07:34:33,0.00034160,13.80000000
2018-03-01 07:34:34,0.00034160,7.00000000
2018-03-01 07:34:34,0.00034160,25.98000000
2018-03-01 07:34:34,0.00034160,25.98000000
2018-03-01 07:34:36,0.00034160,72.42000000
2018-03-01 07:34:38,0.00034160,2000.00000000
2018-03-01 07:34:38,0.00034160,185.18000000
2018-03-01 07:34:39,0.00034160,12.08000000
2018-03-01 07:34:39,0.00034160,20.00000000
2018-03-01 07:34:41,0.00034200,39.28000000
2018-03-01 07:34:46,0.00034160,20.01000000
2018-03-01 07:34:54,0.00034160,476.71000000
2018-03-01 07:34:54,0.00034120,235.29000000
2018-03-01 07:35:01,0.00034190,5.00000000
2018-03-01 07:35:01,0.00034200,62.00000000
2018-03-01 07:35:04,0.00034200,5.00000000
2018-03-01 07:35:08,0.00034200,2.96000000
2018-03-01 07:35:09,0.00034120,4.14000000
2018-03-01 07:35:19,0.00034120,71.14000000
2018-03-01 07:35:21,0.00034190,19.11000000
2018-03-01 07:35:23,0.00034190,5.26000000
2018-03-01 07:35:25,0.00034190,5.26000000
2018-03-01 07:35:29,0.00034130,65.00000000
2018-03-01 07:35:29,0.00034120,249.26000000
2018-03-01 07:35:29,0.00034110,500.21000000
2018-03-01 07:35:29,0.00034100,1646.80000000
2018-03-01 07:35:29,0.00034090,3603.65000000
2018-03-01 07:35:29,0.00034080,165.75000000
2018-03-01 07:35:29,0.00034070,549.25000000
2018-03-01 07:35:30,0.00034090,100.00000000
2018-03-01 07:35:32,0.00034090,62.00000000
2018-03-01 07:35:35,0.00034090,61.89000000
2018-03-01 07:35:37,0.00034090,121.96000000
2018-03-01 07:35:38,0.00034090,89.23000000
2018-03-01 07:35:44,0.00034190,25.01000000
2018-03-01 07:35:45,0.00034190,10.10000000
2018-03-01 07:35:46,0.00034180,3.86000000
2018-03-01 07:35:46,0.00034100,14.62000000
2018-03-01 07:35:46,0.00034190,11.60000000
2018-03-01 07:35:47,0.00034180,6.54000000
2018-03-01 07:35:54,0.00034180,3.46000000
2018-03-01 07:36:04,0.00034120,10.00000000
2018-03-01 07:36:24,0.00034130,6.84000000
2018-03-01 07:36:24,0.00034120,13.16000000
2018-03-01 07:36:31,0.00034130,14.65000000
2018-03-01 07:36:31,0.00034120,98.69000000
2018-03-01 07:36:31,0.00034110,249.00000000
2018-03-01 07:36:31,0.00034100,1137.65000000
2018-03-01 07:36:43,0.00034100,58.12000000
2018-03-01 07:36:43,0.00034140,3.51000000
2018-03-01 07:36:51,0.00034110,12.99000000
2018-03-01 07:36:51,0.00034110,13.02000000
2018-03-01 07:36:52,0.00034100,139.22000000
2018-03-01 07:36:52,0.00034110,23.32000000
2018-03-01 07:36:53,0.00034110,3.51000000
2018-03-01 07:36:53,0.00034110,38.71000000
2018-03-01 07:36:54,0.00034130,25.00000000
2018-03-01 07:36:59,0.00034140,15.12000000
2018-03-01 07:37:12,0.00034130,138.00000000
2018-03-01 07:37:35,0.00034170,70.22000000
2018-03-01 07:37:35,0.00034190,8.67000000
2018-03-01 07:37:35,0.00034200,464.15000000
2018-03-01 07:37:37,0.00034190,14.65000000
2018-03-01 07:37:37,0.00034200,120.05000000
2018-03-01 07:37:39,0.00034200,33.68000000
2018-03-01 07:37:40,0.00034200,11.23000000
2018-03-01 07:37:42,0.00034140,64.86000000
2018-03-01 07:37:42,0.00034130,35.14000000
2018-03-01 07:37:43,0.00034200,14.62000000
2018-03-01 07:37:43,0.00034200,10.23000000
2018-03-01 07:37:55,0.00034200,2671.33000000
2018-03-01 07:38:02,0.00034210,139.18000000
2018-03-01 07:38:02,0.00034200,545.30000000
2018-03-01 07:38:04,0.00034270,10.19000000
2018-03-01 07:38:08,0.00034270,3.37000000
2018-03-01 07:38:22,0.00034270,42.31000000
2018-03-01 07:38:28,0.00034210,20.00000000
2018-03-01 07:38:28,0.00034200,478.82000000
2018-03-01 07:39:06,0.00034150,162.96000000
2018-03-01 07:39:25,0.00034190,1.00000000
2018-03-01 07:39:44,0.00034150,1115.20000000
2018-03-01 07:39:58,0.00034190,23.76000000
2018-03-01 07:40:13,0.00034150,3.00000000
2018-03-01 07:40:23,0.00034150,66.82000000
2018-03-01 07:40:56,0.00034190,29.24000000
2018-03-01 07:41:14,0.00034160,46.82000000
2018-03-01 07:41:15,0.00034160,1052.85000000
2018-03-01 07:41:24,0.00034180,8.47000000
2018-03-01 07:41:24,0.00034190,49.31000000
2018-03-01 07:41:24,0.00034220,184.98000000
2018-03-01 07:41:24,0.00034240,1809.56000000
2018-03-01 07:41:26,0.00034170,3668.26000000
2018-03-01 07:41:27,0.00034170,110.08000000
2018-03-01 07:41:27,0.00034160,454.51000000
2018-03-01 07:41:35,0.00034170,18.10000000
2018-03-01 07:41:35,0.00034170,13.88000000
2018-03-01 07:41:35,0.00034160,47.50000000
2018-03-01 07:41:36,0.00034160,5.80000000
2018-03-01 07:41:52,0.00034160,4133.44000000
2018-03-01 07:41:55,0.00034170,5.00000000
2018-03-01 07:41:55,0.00034230,1489.82000000
2018-03-01 07:41:55,0.00034240,6696.74000000
2018-03-01 07:41:55,0.00034240,20.00000000
2018-03-01 07:41:55,0.00034240,4.79000000
2018-03-01 07:41:56,0.00034240,436.61000000
2018-03-01 07:41:57,0.00034250,0.04000000
2018-03-01 07:41:59,0.00034240,62.53000000
2018-03-01 07:41:59,0.00034240,20.89000000
2018-03-01 07:41:59,0.00034240,321.56000000
2018-03-01 07:42:00,0.00034240,28.00000000
2018-03-01 07:42:02,0.00034170,170.81000000
2018-03-01 07:42:02,0.00034160,773.14000000
2018-03-01 07:42:02,0.00034150,563.07000000
2018-03-01 07:42:02,0.00034140,101.98000000
2018-03-01 07:42:03,0.00034230,139.02000000
2018-03-01 07:42:03,0.00034240,38.50000000
2018-03-01 07:42:04,0.00034240,31.79000000
2018-03-01 07:42:06,0.00034250,0.14000000
2018-03-01 07:42:25,0.00034260,20.00000000
2018-03-01 07:42:29,0.00034270,10.00000000
2018-03-01 07:42:31,0.00034270,28.00000000
2018-03-01 07:42:35,0.00034260,127.50000000
2018-03-01 07:42:40,0.00034260,99.85000000
2018-03-01 07:42:40,0.00034260,20.00000000
2018-03-01 07:42:45,0.00034260,4.00000000
2018-03-01 07:42:46,0.00034270,1687.10000000
2018-03-01 07:42:48,0.00034260,127.58000000
2018-03-01 07:42:54,0.00034260,77.68000000
2018-03-01 07:43:00,0.00034260,22.07000000
2018-03-01 07:43:13,0.00034270,143.31000000
2018-03-01 07:43:15,0.00034270,72.09000000
2018-03-01 07:43:21,0.00034270,34.26000000
2018-03-01 07:43:24,0.00034260,14.85000000
2018-03-01 07:43:34,0.00034270,51.04000000
2018-03-01 07:43:34,0.00034320,8.80000000
2018-03-01 07:43:34,0.00034340,13.80000000
2018-03-01 07:43:34,0.00034350,198.96000000
2018-03-01 07:43:34,0.00034360,8.00000000
2018-03-01 07:43:34,0.00034490,64.00000000
2018-03-01 07:43:35,0.00034290,27.57000000
2018-03-01 07:43:37,0.00034300,43.73000000
2018-03-01 07:43:38,0.00034320,107.72000000
2018-03-01 07:43:39,0.00034330,28.92000000
2018-03-01 07:43:39,0.00034330,191.02000000
2018-03-01 07:43:39,0.00034340,6.00000000
2018-03-01 07:43:39,0.00034340,7.79000000
2018-03-01 07:43:39,0.00034340,0.01000000
2018-03-01 07:43:39,0.00034330,6.00000000
2018-03-01 07:43:40,0.00034330,14.00000000
2018-03-01 07:43:41,0.00034350,31.89000000
2018-03-01 07:43:41,0.00034330,32.10000000
2018-03-01 07:43:42,0.00034340,7.16000000
2018-03-01 07:43:43,0.00034440,14.51000000
2018-03-01 07:43:44,0.00034440,16.97000000
2018-03-01 07:43:44,0.00034350,4.78000000
2018-03-01 07:43:45,0.00034340,7.83000000
2018-03-01 07:44:55,0.00034350,12.24000000
2018-03-01 07:45:28,0.00034370,211.75000000
2018-03-01 07:46:01,0.00034370,15.22000000
2018-03-01 07:46:01,0.00034370,1.00000000
2018-03-01 07:46:02,0.00034440,31.89000000
2018-03-01 07:46:02,0.00034460,23.11000000
2018-03-01 07:46:03,0.00034380,117.89000000
2018-03-01 07:46:05,0.00034460,29.01000000
2018-03-01 07:46:23,0.00034460,88.88000000
2018-03-01 07:46:23,0.00034500,10.75000000
2018-03-01 07:46:23,0.00034510,73.84000000
2018-03-01 07:46:23,0.00034520,83.00000000
2018-03-01 07:46:23,0.00034530,1455.59000000
2018-03-01 07:46:28,0.00034420,23.82000000
2018-03-01 07:46:29,0.00034510,17.56000000
2018-03-01 07:46:29,0.00034530,53.80000000
2018-03-01 07:46:29,0.00034530,6.01000000
2018-03-01 07:46:29,0.00034530,6.94000000
2018-03-01 07:46:29,0.00034530,6.94000000
2018-03-01 07:46:29,0.00034530,13.80000000
2018-03-01 07:46:29,0.00034530,15.75000000
2018-03-01 07:46:30,0.00034530,23.82000000
2018-03-01 07:46:30,0.00034530,5.77000000
2018-03-01 07:46:30,0.00034530,5.97000000
2018-03-01 07:46:32,0.00034530,5.80000000
2018-03-01 07:46:35,0.00034530,10.08000000
2018-03-01 07:46:38,0.00034530,827.76000000
2018-03-01 07:46:43,0.00034530,5.03000000
2018-03-01 07:46:43,0.00034460,5.00000000
2018-03-01 07:46:45,0.00034530,27.69000000
2018-03-01 07:46:49,0.00034530,600.44000000
2018-03-01 07:46:50,0.00034450,24.92000000
2018-03-01 07:46:59,0.00034530,114.55000000
2018-03-01 07:46:59,0.00034540,33.25000000
2018-03-01 07:46:59,0.00034550,352.20000000
2018-03-01 07:47:02,0.00034460,5.00000000
2018-03-01 07:47:22,0.00034470,22.73000000
2018-03-01 07:47:22,0.00034460,2029.59000000
2018-03-01 07:47:25,0.00034460,29.01000000
2018-03-01 07:47:25,0.00034460,4.87000000
2018-03-01 07:47:32,0.00034460,94.84000000
2018-03-01 07:47:39,0.00034460,40.07000000
2018-03-01 07:47:45,0.00034460,40.67000000
2018-03-01 07:47:47,0.00034460,52.57000000
2018-03-01 07:47:48,0.00034460,133.09000000
2018-03-01 07:47:49,0.00034460,12.07000000
2018-03-01 07:47:49,0.00034460,12.07000000
2018-03-01 07:47:50,0.00034460,17.03000000
2018-03-01 07:48:02,0.00034540,16.00000000
2018-03-01 07:48:07,0.00034540,17.56000000
2018-03-01 07:48:07,0.00034550,41.72000000
2018-03-01 07:48:07,0.00034570,2.96000000
2018-03-01 07:48:07,0.00034580,71.39000000
2018-03-01 07:48:07,0.00034600,367.74000000
2018-03-01 07:48:08,0.00034490,15.00000000
2018-03-01 07:48:10,0.00034480,11.10000000
2018-03-01 07:48:11,0.00034500,31.94000000
2018-03-01 07:48:11,0.00034490,105.51000000
2018-03-01 07:48:12,0.00034480,54.67000000
2018-03-01 07:48:12,0.00034470,420.00000000
2018-03-01 07:48:13,0.00034470,27.74000000
2018-03-01 07:48:14,0.00034460,8.97000000
2018-03-01 07:48:18,0.00034480,124.11000000
2018-03-01 07:48:39,0.00034490,20.00000000
2018-03-01 07:48:43,0.00034480,16.91000000
2018-03-01 07:48:49,0.00034480,70.51000000
2018-03-01 07:49:02,0.00034480,44.96000000
2018-03-01 07:49:10,0.00034490,117.45000000
2018-03-01 07:49:10,0.00034570,15.00000000
2018-03-01 07:49:10,0.00034580,31.94000000
2018-03-01 07:49:10,0.00034590,349.75000000
2018-03-01 07:49:10,0.00034600,610.46000000
2018-03-01 07:49:18,0.00034490,35.18000000
2018-03-01 07:49:38,0.00034500,200.00000000
2018-03-01 07:49:41,0.00034500,29.13000000
2018-03-01 07:50:06,0.00034500,50.00000000
2018-03-01 07:50:13,0.00034510,9.75000000
2018-03-01 07:50:16,0.00034570,2.90000000
2018-03-01 07:50:24,0.00034510,3.25000000
2018-03-01 07:50:31,0.00034510,17.35000000
2018-03-01 07:50:52,0.00034560,17.56000000
2018-03-01 07:50:52,0.00034570,11.37000000
2018-03-01 07:50:53,0.00034510,23.75000000
2018-03-01 07:50:56,0.00034510,78.75000000
2018-03-01 07:50:56,0.00034510,8.00000000
2018-03-01 07:51:02,0.00034510,83.26000000
2018-03-01 07:51:08,0.00034510,28.55000000
2018-03-01 07:51:09,0.00034510,33.28000000
2018-03-01 07:51:09,0.00034510,68.28000000
2018-03-01 07:51:09,0.00034510,4.99000000
2018-03-01 07:51:10,0.00034510,18.55000000
2018-03-01 07:51:11,0.00034510,29.01000000
2018-03-01 07:51:11,0.00034510,187.50000000
2018-03-01 07:51:12,0.00034510,4.75000000
2018-03-01 07:51:12,0.00034510,47.58000000
2018-03-01 07:51:26,0.00034500,339.81000000
2018-03-01 07:51:33,0.00034510,41.18000000
2018-03-01 07:51:37,0.00034510,29.14000000
2018-03-01 07:51:37,0.00034510,40.50000000
2018-03-01 07:51:38,0.00034510,33.71000000
2018-03-01 07:51:45,0.00034510,4.75000000
2018-03-01 07:51:45,0.00034500,7.61000000
2018-03-01 07:52:02,0.00034500,35.00000000
2018-03-01 07:52:19,0.00034500,176.39000000
2018-03-01 07:52:26,0.00034510,50.73000000
2018-03-01 07:52:26,0.00034510,30.92000000
2018-03-01 07:52:28,0.00034500,25.75000000
2018-03-01 07:52:29,0.00034490,24.28000000
2018-03-01 07:52:33,0.00034430,2.91000000
2018-03-01 07:52:37,0.00034490,15.22000000
2018-03-01 07:52:39,0.00034490,7.50000000
2018-03-01 07:52:43,0.00034490,34.00000000
2018-03-01 07:53:01,0.00034490,62.28000000
2018-03-01 07:53:10,0.00034500,0.20000000
2018-03-01 07:53:38,0.00034490,143.84000000
2018-03-01 07:53:44,0.00034500,44.00000000
2018-03-01 07:53:47,0.00034490,63.54000000
2018-03-01 07:53:53,0.00034410,2.91000000
2018-03-01 07:53:53,0.00034410,5.81000000
2018-03-01 07:53:53,0.00034410,14.19000000
2018-03-01 07:54:02,0.00034490,10.00000000
2018-03-01 07:54:03,0.00034490,357.45000000
2018-03-01 07:54:59,0.00034480,57.76000000
2018-03-01 07:55:09,0.00034460,3.56000000
2018-03-01 07:55:21,0.00034410,20.00000000
2018-03-01 07:55:22,0.00034410,35.33000000
2018-03-01 07:55:23,0.00034410,6.19000000
2018-03-01 07:55:30,0.00034410,2.91000000
2018-03-01 07:55:30,0.00034410,26.09000000
2018-03-01 07:55:31,0.00034410,3.56000000
2018-03-01 07:55:32,0.00034410,259.91000000
2018-03-01 07:55:38,0.00034410,20.00000000
2018-03-01 07:55:46,0.00034400,0.09000000
2018-03-01 07:55:51,0.00034390,75.00000000
2018-03-01 07:55:51,0.00034390,4.75000000
2018-03-01 07:56:01,0.00034390,4.75000000
2018-03-01 07:56:03,0.00034390,4.75000000
2018-03-01 07:56:04,0.00034390,13.58000000
2018-03-01 07:56:32,0.00034390,10.00000000
2018-03-01 07:56:33,0.00034390,96.11000000
2018-03-01 07:56:40,0.00034390,450.00000000
2018-03-01 07:56:42,0.00034350,100.00000000
2018-03-01 07:56:43,0.00034350,2.92000000
2018-03-01 07:56:53,0.00034350,75.41000000
2018-03-01 07:56:55,0.00034350,146.93000000
2018-03-01 07:57:01,0.00034350,27.16000000
2018-03-01 07:57:02,0.00034350,1.90000000
2018-03-01 07:57:04,0.00034350,95.56000000
2018-03-01 07:57:05,0.00034330,30.00000000
2018-03-01 07:57:15,0.00034350,53.52000000
2018-03-01 07:57:22,0.00034350,600.00000000
2018-03-01 07:57:26,0.00034340,39.70000000
2018-03-01 07:57:27,0.00034350,5.54000000
2018-03-01 07:57:40,0.00034350,40.53000000
2018-03-01 07:58:01,0.00034350,237.16000000
2018-03-01 07:58:06,0.00034350,62.84000000
2018-03-01 07:58:18,0.00034330,2.79000000
2018-03-01 07:58:18,0.00034320,0.13000000
2018-03-01 07:58:30,0.00034320,5.70000000
2018-03-01 07:58:30,0.00034310,300.10000000
2018-03-01 07:58:37,0.00034320,32.71000000
2018-03-01 07:58:37,0.00034320,4.75000000
2018-03-01 07:58:37,0.00034320,5.00000000
2018-03-01 07:58:40,0.00034320,4.75000000
2018-03-01 07:58:40,0.00034320,5.00000000
2018-03-01 07:58:41,0.00034320,9.08000000
2018-03-01 07:58:44,0.00034320,4.75000000
2018-03-01 07:58:45,0.00034320,5.00000000
2018-03-01 07:58:45,0.00034320,137.59000000
2018-03-01 07:58:50,0.00034310,35.00000000
2018-03-01 07:58:51,0.00034320,0.01000000
2018-03-01 07:58:55,0.00034340,479.98000000
2018-03-01 07:58:55,0.00034330,326.75000000
2018-03-01 07:58:55,0.00034320,38.58000000
2018-03-01 07:58:55,0.00034310,255.35000000
2018-03-01 07:58:55,0.00034310,338.33000000
2018-03-01 07:58:55,0.00034300,141.65000000
2018-03-01 07:59:00,0.00034350,6.16000000
2018-03-01 07:59:06,0.00034300,65.00000000
2018-03-01 07:59:10,0.00034300,29.72000000
2018-03-01 07:59:26,0.00034300,345.81000000
2018-03-01 07:59:44,0.00034340,23.28000000
2018-03-01 07:59:44,0.00034350,31.72000000
2018-03-01 07:59:57,0.00034350,30.00000000
