DATE,PRICE,VOLUME
2018-02-25 05:00:05,0.00039130,53.60000000
2018-02-25 05:00:26,0.00039130,171.03000000
2018-02-25 05:00:34,0.00039130,5.62000000
2018-02-25 05:00:34,0.00039130,5.62000000
2018-02-25 05:00:36,0.00039130,3.76000000
2018-02-25 05:00:36,0.00039140,1.87000000
2018-02-25 05:00:38,0.00039140,5.63000000
2018-02-25 05:00:38,0.00039110,5.20000000
2018-02-25 05:00:50,0.00039110,33.73000000
2018-02-25 05:00:57,0.00039110,3.00000000
2018-02-25 05:01:16,0.00039110,1040.03000000
2018-02-25 05:01:37,0.00039140,100.00000000
2018-02-25 05:01:54,0.00039060,12.81000000
2018-02-25 05:01:54,0.00039050,65.56000000
2018-02-25 05:01:54,0.00039040,20.39000000
2018-02-25 05:01:54,0.00039040,3.00000000
2018-02-25 05:01:54,0.00039040,277.03000000
2018-02-25 05:01:54,0.00039040,332.43000000
2018-02-25 05:01:54,0.00039040,332.43000000
2018-02-25 05:01:54,0.00039040,338.54000000
2018-02-25 05:01:54,0.00039040,76.64000000
2018-02-25 05:01:54,0.00039040,332.42000000
2018-02-25 05:01:54,0.00039040,300.68000000
2018-02-25 05:02:00,0.00039130,5.63000000
2018-02-25 05:02:01,0.00039120,5.63000000
2018-02-25 05:02:02,0.00039120,5.63000000
2018-02-25 05:02:03,0.00039000,138.54000000
2018-02-25 05:02:03,0.00038990,132.01000000
2018-02-25 05:02:03,0.00038990,61.87000000
2018-02-25 05:02:04,0.00039010,191.15000000
2018-02-25 05:02:04,0.00039010,141.28000000
2018-02-25 05:02:05,0.00038990,12.82000000
2018-02-25 05:02:06,0.00038990,119.14000000
2018-02-25 05:02:07,0.00038980,19.91000000
2018-02-25 05:02:07,0.00038980,112.10000000
2018-02-25 05:02:15,0.00039080,7.44000000
2018-02-25 05:03:41,0.00039020,12.82000000
2018-02-25 05:03:42,0.00039010,20.20000000
2018-02-25 05:03:42,0.00038990,76.94000000
2018-02-25 05:03:42,0.00038990,2.99000000
2018-02-25 05:03:42,0.00038980,76.95000000
2018-02-25 05:03:42,0.00038980,76.95000000
2018-02-25 05:03:42,0.00038980,76.95000000
2018-02-25 05:03:50,0.00038980,14.33000000
2018-02-25 05:04:07,0.00038990,20.00000000
2018-02-25 05:04:10,0.00039000,29.42000000
2018-02-25 05:04:10,0.00039010,1.63000000
2018-02-25 05:04:19,0.00039010,4.00000000
2018-02-25 05:04:35,0.00039010,7.65000000
2018-02-25 05:04:38,0.00039010,2.57000000
2018-02-25 05:04:44,0.00039010,3.08000000
2018-02-25 05:04:48,0.00038990,0.20000000
2018-02-25 05:04:48,0.00038980,22.07000000
2018-02-25 05:04:49,0.00039010,25.00000000
2018-02-25 05:04:58,0.00038980,53.17000000
2018-02-25 05:05:00,0.00038980,30.38000000
2018-02-25 05:05:00,0.00038980,352.62000000
2018-02-25 05:05:00,0.00038970,16.34000000
2018-02-25 05:05:00,0.00038970,76.98000000
2018-02-25 05:05:00,0.00038970,26.10000000
2018-02-25 05:05:01,0.00038980,30.75000000
2018-02-25 05:05:01,0.00039010,316.54000000
2018-02-25 05:05:02,0.00039010,21.42000000
2018-02-25 05:05:04,0.00038970,200.71000000
2018-02-25 05:05:04,0.00038970,0.02000000
2018-02-25 05:05:05,0.00038960,523.75000000
2018-02-25 05:05:05,0.00038970,19.98000000
2018-02-25 05:05:05,0.00038970,21.78000000
2018-02-25 05:05:05,0.00038970,53.92000000
2018-02-25 05:05:06,0.00038960,181.56000000
2018-02-25 05:05:06,0.00038960,12.21000000
2018-02-25 05:05:06,0.00038960,72.56000000
2018-02-25 05:05:06,0.00038950,702.22000000
2018-02-25 05:05:06,0.00038950,48.21000000
2018-02-25 05:05:14,0.00038990,20.00000000
2018-02-25 05:05:25,0.00039000,0.38000000
2018-02-25 05:05:43,0.00039000,27.91000000
2018-02-25 05:05:52,0.00039000,8.53000000
2018-02-25 05:06:14,0.00038990,324.16000000
2018-02-25 05:06:25,0.00039000,1.47000000
2018-02-25 05:06:25,0.00039010,156.26000000
2018-02-25 05:06:25,0.00039010,10.00000000
2018-02-25 05:06:37,0.00039020,6.78000000
2018-02-25 05:06:37,0.00039020,8.00000000
2018-02-25 05:06:43,0.00039110,7.67000000
2018-02-25 05:06:45,0.00039030,7.66000000
2018-02-25 05:06:54,0.00039030,5.36000000
2018-02-25 05:06:54,0.00039020,62.00000000
2018-02-25 05:07:16,0.00039020,21.50000000
2018-02-25 05:07:16,0.00039010,17.94000000
2018-02-25 05:07:24,0.00039100,57.74000000
2018-02-25 05:07:24,0.00039110,160.06000000
2018-02-25 05:07:24,0.00039120,215.50000000
2018-02-25 05:07:24,0.00039130,332.91000000
2018-02-25 05:07:24,0.00039130,99.98000000
2018-02-25 05:07:24,0.00039130,90.53000000
2018-02-25 05:07:24,0.00039130,12.81000000
2018-02-25 05:07:24,0.00039130,20.00000000
2018-02-25 05:07:24,0.00039130,12.75000000
2018-02-25 05:07:24,0.00039130,21.52000000
2018-02-25 05:07:25,0.00039130,11.09000000
2018-02-25 05:07:39,0.00039130,17.94000000
2018-02-25 05:07:46,0.00039130,14.98000000
2018-02-25 05:07:55,0.00039130,70.10000000
2018-02-25 05:08:03,0.00039140,31.76000000
2018-02-25 05:08:08,0.00039130,52.98000000
2018-02-25 05:08:11,0.00039130,33.00000000
2018-02-25 05:08:21,0.00039140,19.72000000
2018-02-25 05:08:38,0.00039150,9.50000000
2018-02-25 05:08:47,0.00039150,66.92000000
2018-02-25 05:08:49,0.00039140,58.16000000
2018-02-25 05:08:49,0.00039130,130.46000000
2018-02-25 05:09:02,0.00039150,5.62000000
2018-02-25 05:09:03,0.00039150,5.62000000
2018-02-25 05:09:04,0.00039140,3.18000000
2018-02-25 05:09:22,0.00039140,10.59000000
2018-02-25 05:09:30,0.00039140,5.34000000
2018-02-25 05:09:37,0.00039140,11.18000000
2018-02-25 05:09:52,0.00039140,27.88000000
2018-02-25 05:10:01,0.00039190,6.12000000
2018-02-25 05:10:17,0.00039190,50.93000000
2018-02-25 05:10:19,0.00039190,741.77000000
2018-02-25 05:10:19,0.00039200,1000.00000000
2018-02-25 05:10:19,0.00039200,126.01000000
2018-02-25 05:10:28,0.00039200,25.30000000
2018-02-25 05:10:31,0.00039210,7.68000000
2018-02-25 05:10:37,0.00039210,3.04000000
2018-02-25 05:10:38,0.00039210,0.01000000
2018-02-25 05:11:28,0.00039210,36.62000000
2018-02-25 05:11:29,0.00039200,61.20000000
2018-02-25 05:11:31,0.00039210,89.31000000
2018-02-25 05:11:31,0.00039230,53.95000000
2018-02-25 05:11:31,0.00039260,12.86000000
2018-02-25 05:11:31,0.00039280,167.36000000
2018-02-25 05:11:49,0.00039270,133.79000000
2018-02-25 05:11:49,0.00039280,67.88000000
2018-02-25 05:11:55,0.00039200,0.38000000
2018-02-25 05:11:55,0.00039280,21.43000000
2018-02-25 05:11:55,0.00039280,192.88000000
2018-02-25 05:11:55,0.00039280,97.65000000
2018-02-25 05:11:55,0.00039280,39.89000000
2018-02-25 05:11:56,0.00039280,37.67000000
2018-02-25 05:11:56,0.00039280,22.26000000
2018-02-25 05:11:56,0.00039280,12.26000000
2018-02-25 05:11:57,0.00039280,175.96000000
2018-02-25 05:12:04,0.00039210,86.56000000
2018-02-25 05:12:10,0.00039210,241.44000000
2018-02-25 05:12:10,0.00039210,55.25000000
2018-02-25 05:12:14,0.00039210,40.79000000
2018-02-25 05:12:28,0.00039210,7.62000000
2018-02-25 05:12:30,0.00039300,25.44000000
2018-02-25 05:12:32,0.00039300,388.68000000
2018-02-25 05:12:46,0.00039300,559.51000000
2018-02-25 05:12:57,0.00039300,26.37000000
2018-02-25 05:12:57,0.00039320,167.56000000
2018-02-25 05:13:09,0.00039300,126.55000000
2018-02-25 05:13:15,0.00039300,21.35000000
2018-02-25 05:13:21,0.00039300,175.92000000
2018-02-25 05:13:35,0.00039300,174.82000000
2018-02-25 05:13:41,0.00039300,116.64000000
2018-02-25 05:13:42,0.00039300,114.85000000
2018-02-25 05:13:48,0.00039300,230.73000000
2018-02-25 05:13:48,0.00039300,76.33000000
2018-02-25 05:13:48,0.00039300,46.62000000
2018-02-25 05:14:14,0.00039320,86.53000000
2018-02-25 05:14:28,0.00039300,0.01000000
2018-02-25 05:14:28,0.00039300,34.92000000
2018-02-25 05:14:28,0.00039300,11.00000000
2018-02-25 05:14:29,0.00039300,144.65000000
2018-02-25 05:14:29,0.00039300,34.78000000
2018-02-25 05:14:29,0.00039300,37.64000000
2018-02-25 05:14:29,0.00039300,19.80000000
2018-02-25 05:14:30,0.00039300,834.61000000
2018-02-25 05:14:31,0.00039320,300.00000000
2018-02-25 05:14:32,0.00039300,116.56000000
2018-02-25 05:14:32,0.00039300,17.28000000
2018-02-25 05:14:36,0.00039300,422.99000000
2018-02-25 05:14:37,0.00039300,220.00000000
2018-02-25 05:14:38,0.00039300,914.53000000
2018-02-25 05:14:39,0.00039300,26.64000000
2018-02-25 05:14:39,0.00039300,725.61000000
2018-02-25 05:14:39,0.00039310,77.01000000
2018-02-25 05:14:42,0.00039310,0.01000000
2018-02-25 05:14:42,0.00039300,901.78000000
2018-02-25 05:14:44,0.00039300,26.39000000
2018-02-25 05:14:45,0.00039300,76.33000000
2018-02-25 05:14:45,0.00039300,434.49000000
2018-02-25 05:15:10,0.00039300,12.08000000
2018-02-25 05:15:31,0.00039300,131.31000000
2018-02-25 05:15:34,0.00039300,108.61000000
2018-02-25 05:15:59,0.00039260,12.98000000
2018-02-25 05:16:24,0.00039260,435.30000000
2018-02-25 05:16:25,0.00039260,77.14000000
2018-02-25 05:16:33,0.00039310,50.43000000
2018-02-25 05:16:33,0.00039320,9.16000000
2018-02-25 05:16:33,0.00039330,40.41000000
2018-02-25 05:16:40,0.00039310,35.64000000
2018-02-25 05:16:40,0.00039330,15.18000000
2018-02-25 05:16:41,0.00039310,5.20000000
2018-02-25 05:16:42,0.00039310,4.40000000
2018-02-25 05:16:42,0.00039310,3.52000000
2018-02-25 05:16:42,0.00039310,8.85000000
2018-02-25 05:16:43,0.00039310,21.41000000
2018-02-25 05:16:43,0.00039260,21.41000000
2018-02-25 05:16:45,0.00039270,700.00000000
2018-02-25 05:16:51,0.00039310,0.03000000
2018-02-25 05:16:52,0.00039320,44.96000000
2018-02-25 05:16:53,0.00039320,0.01000000
2018-02-25 05:17:07,0.00039300,74.00000000
2018-02-25 05:17:15,0.00039300,64.50000000
2018-02-25 05:17:17,0.00039300,516.03000000
2018-02-25 05:17:22,0.00039300,939.62000000
2018-02-25 05:17:26,0.00039300,21.52000000
2018-02-25 05:17:28,0.00039260,5.00000000
2018-02-25 05:17:28,0.00039260,1240.20000000
2018-02-25 05:17:35,0.00039260,85.20000000
2018-02-25 05:17:42,0.00039260,903.12000000
2018-02-25 05:17:45,0.00039260,1596.09000000
2018-02-25 05:19:03,0.00039260,2659.24000000
2018-02-25 05:19:18,0.00039260,115.49000000
2018-02-25 05:19:26,0.00039260,5.94000000
2018-02-25 05:19:39,0.00039260,8.81000000
2018-02-25 05:19:40,0.00039260,50.63000000
2018-02-25 05:20:19,0.00039270,11.86000000
2018-02-25 05:20:23,0.00039270,9.63000000
2018-02-25 05:20:26,0.00039290,54.05000000
2018-02-25 05:20:26,0.00039300,76.95000000
2018-02-25 05:20:39,0.00039300,15.93000000
2018-02-25 05:20:43,0.00039270,32.07000000
2018-02-25 05:20:43,0.00039260,865.63000000
2018-02-25 05:20:55,0.00039300,1233.64000000
2018-02-25 05:21:46,0.00039320,112.26000000
2018-02-25 05:21:56,0.00039320,450.40000000
2018-02-25 05:22:02,0.00039320,146.65000000
2018-02-25 05:22:11,0.00039310,1272.26000000
2018-02-25 05:22:11,0.00039300,364.33000000
2018-02-25 05:22:11,0.00039300,235.93000000
2018-02-25 05:22:11,0.00039300,264.26000000
2018-02-25 05:22:12,0.00039300,4.40000000
2018-02-25 05:22:12,0.00039300,200.09000000
2018-02-25 05:22:14,0.00039300,30.89000000
2018-02-25 05:22:21,0.00039310,32.59000000
2018-02-25 05:22:25,0.00039320,141.00000000
2018-02-25 05:22:37,0.00039320,71.98000000
2018-02-25 05:23:00,0.00039310,39.55000000
2018-02-25 05:23:24,0.00039310,250.42000000
2018-02-25 05:23:27,0.00039320,8.14000000
2018-02-25 05:23:28,0.00039320,8.00000000
2018-02-25 05:23:40,0.00039310,122.51000000
2018-02-25 05:23:48,0.00039310,4.61000000
2018-02-25 05:23:50,0.00039320,885.62000000
2018-02-25 05:23:53,0.00039320,24.19000000
2018-02-25 05:23:53,0.00039320,43.99000000
2018-02-25 05:23:54,0.00039320,42.45000000
2018-02-25 05:23:54,0.00039320,4.61000000
2018-02-25 05:23:55,0.00039320,8.57000000
2018-02-25 05:23:56,0.00039320,4.61000000
2018-02-25 05:23:58,0.00039320,184.78000000
2018-02-25 05:23:59,0.00039320,412.15000000
2018-02-25 05:24:02,0.00039320,28.96000000
2018-02-25 05:24:09,0.00039330,27.44000000
2018-02-25 05:24:17,0.00039320,33.79000000
2018-02-25 05:24:20,0.00039320,4.37000000
2018-02-25 05:24:20,0.00039320,39.13000000
2018-02-25 05:24:21,0.00039340,7.37000000
2018-02-25 05:24:26,0.00039340,20.00000000
2018-02-25 05:24:27,0.00039320,33.53000000
2018-02-25 05:24:39,0.00039320,207.71000000
2018-02-25 05:24:44,0.00039320,74.53000000
2018-02-25 05:24:48,0.00039320,25.18000000
2018-02-25 05:24:50,0.00039320,33.47000000
2018-02-25 05:24:53,0.00039320,33.38000000
2018-02-25 05:25:28,0.00039330,7.87000000
2018-02-25 05:25:28,0.00039350,285.63000000
2018-02-25 05:25:28,0.00039360,294.71000000
2018-02-25 05:25:28,0.00039370,252.51000000
2018-02-25 05:25:28,0.00039390,144.44000000
2018-02-25 05:25:28,0.00039400,528.21000000
2018-02-25 05:25:32,0.00039400,375.94000000
2018-02-25 05:25:43,0.00039400,102.35000000
2018-02-25 05:25:43,0.00039410,19.01000000
2018-02-25 05:25:43,0.00039430,2.64000000
2018-02-25 05:25:55,0.00039400,6.00000000
2018-02-25 05:26:14,0.00039330,0.13000000
2018-02-25 05:26:19,0.00039430,636.43000000
2018-02-25 05:26:25,0.00039430,2791.70000000
2018-02-25 05:26:25,0.00039430,1077.53000000
2018-02-25 05:26:25,0.00039430,0.03000000
2018-02-25 05:26:32,0.00039350,27.46000000
2018-02-25 05:26:36,0.00039430,98.73000000
2018-02-25 05:26:36,0.00039430,149.00000000
2018-02-25 05:26:36,0.00039430,1193.79000000
2018-02-25 05:26:37,0.00039430,15.24000000
2018-02-25 05:26:37,0.00039460,13.57000000
2018-02-25 05:26:37,0.00039470,175.87000000
2018-02-25 05:26:37,0.00039480,781.41000000
2018-02-25 05:26:37,0.00039490,2150.68000000
2018-02-25 05:26:37,0.00039500,725.63000000
2018-02-25 05:27:00,0.00039480,15.01000000
2018-02-25 05:27:10,0.00039480,28.00000000
2018-02-25 05:27:25,0.00039460,3.62000000
2018-02-25 05:27:25,0.00039460,6.38000000
2018-02-25 05:27:27,0.00039370,20.00000000
2018-02-25 05:27:27,0.00039370,5.00000000
2018-02-25 05:27:28,0.00039370,20.00000000
2018-02-25 05:27:28,0.00039370,254.00000000
2018-02-25 05:27:28,0.00039370,79.12000000
2018-02-25 05:27:42,0.00039380,31.92000000
2018-02-25 05:28:02,0.00039430,38.03000000
2018-02-25 05:28:03,0.00039430,0.01000000
2018-02-25 05:28:03,0.00039420,3.44000000
2018-02-25 05:28:14,0.00039400,278.77000000
2018-02-25 05:28:14,0.00039460,6.38000000
2018-02-25 05:28:14,0.00039480,1463.95000000
2018-02-25 05:28:14,0.00039480,2427.78000000
2018-02-25 05:28:14,0.00039480,5.90000000
2018-02-25 05:28:14,0.00039480,817.22000000
2018-02-25 05:28:14,0.00039390,7.91000000
2018-02-25 05:28:19,0.00039390,364.33000000
2018-02-25 05:28:24,0.00039390,83.63000000
2018-02-25 05:28:24,0.00039380,3.08000000
2018-02-25 05:28:24,0.00039390,162.75000000
2018-02-25 05:28:24,0.00039500,2368.89000000
2018-02-25 05:28:34,0.00039390,7.79000000
2018-02-25 05:29:00,0.00039460,201.90000000
2018-02-25 05:29:00,0.00039460,42.96000000
2018-02-25 05:29:00,0.00039460,10.82000000
2018-02-25 05:29:00,0.00039460,46.24000000
2018-02-25 05:29:00,0.00039460,7.79000000
2018-02-25 05:29:01,0.00039460,25.64000000
2018-02-25 05:29:01,0.00039460,448.73000000
2018-02-25 05:29:01,0.00039460,100.40000000
2018-02-25 05:29:01,0.00039460,119.48000000
2018-02-25 05:29:05,0.00039460,42.53000000
2018-02-25 05:29:06,0.00039460,1748.85000000
2018-02-25 05:29:09,0.00039500,96.49000000
2018-02-25 05:29:10,0.00039460,88.62000000
2018-02-25 05:29:10,0.00039460,11.52000000
2018-02-25 05:29:10,0.00039460,253.40000000
2018-02-25 05:29:10,0.00039460,5.62000000
2018-02-25 05:29:18,0.00039460,597.39000000
2018-02-25 05:29:19,0.00039470,23.39000000
2018-02-25 05:29:25,0.00039500,60.00000000
2018-02-25 05:29:33,0.00039500,8446.10000000
2018-02-25 05:29:38,0.00039500,312.11000000
2018-02-25 05:29:40,0.00039500,86.81000000
2018-02-25 05:29:41,0.00039500,57.72000000
2018-02-25 05:29:54,0.00039490,30.03000000
2018-02-25 05:29:54,0.00039500,19.96000000
2018-02-25 05:30:08,0.00039480,12.67000000
2018-02-25 05:30:08,0.00039470,6.65000000
2018-02-25 05:30:09,0.00039500,0.41000000
2018-02-25 05:30:11,0.00039500,705.18000000
2018-02-25 05:30:14,0.00039500,25.49000000
2018-02-25 05:30:14,0.00039510,12.66000000
2018-02-25 05:30:20,0.00039500,7.29000000
2018-02-25 05:30:20,0.00039510,12.66000000
2018-02-25 05:30:23,0.00039510,1.31000000
2018-02-25 05:30:28,0.00039510,1.49000000
2018-02-25 05:30:31,0.00039510,125.69000000
2018-02-25 05:30:32,0.00039510,8.71000000
2018-02-25 05:30:37,0.00039510,262.40000000
2018-02-25 05:30:41,0.00039510,14.14000000
2018-02-25 05:30:47,0.00039510,63.67000000
2018-02-25 05:30:47,0.00039500,1396.72000000
2018-02-25 05:30:51,0.00039530,12.66000000
2018-02-25 05:30:51,0.00039540,17.34000000
2018-02-25 05:30:53,0.00039500,150.06000000
2018-02-25 05:31:00,0.00039520,25.33000000
2018-02-25 05:31:00,0.00039540,7.58000000
2018-02-25 05:31:00,0.00039550,1753.19000000
2018-02-25 05:31:02,0.00039550,23.01000000
2018-02-25 05:31:02,0.00039550,23.01000000
2018-02-25 05:31:02,0.00039550,89.99000000
2018-02-25 05:31:02,0.00039550,20.00000000
2018-02-25 05:31:02,0.00039550,6.58000000
2018-02-25 05:31:02,0.00039550,0.01000000
2018-02-25 05:31:21,0.00039520,16.36000000
2018-02-25 05:31:21,0.00039510,58.60000000
2018-02-25 05:31:21,0.00039500,25.04000000
2018-02-25 05:31:21,0.00039500,3.06000000
2018-02-25 05:31:23,0.00039500,5.39000000
2018-02-25 05:31:27,0.00039510,12.66000000
2018-02-25 05:31:27,0.00039500,1764.84000000
2018-02-25 05:31:29,0.00039500,7.08000000
2018-02-25 05:31:29,0.00039500,7.70000000
2018-02-25 05:31:30,0.00039500,10.50000000
2018-02-25 05:31:31,0.00039510,6.40000000
2018-02-25 05:31:41,0.00039500,31.02000000
2018-02-25 05:31:43,0.00039500,275.57000000
2018-02-25 05:31:44,0.00039550,198.73000000
2018-02-25 05:31:46,0.00039500,46.13000000
2018-02-25 05:31:49,0.00039470,11.27000000
2018-02-25 05:31:51,0.00039470,13.16000000
2018-02-25 05:31:51,0.00039470,0.01000000
2018-02-25 05:31:52,0.00039420,5.13000000
2018-02-25 05:31:53,0.00039420,5.65000000
2018-02-25 05:31:53,0.00039420,8.50000000
2018-02-25 05:31:55,0.00039430,7.71000000
2018-02-25 05:32:02,0.00039430,4.98000000
2018-02-25 05:32:04,0.00039470,15.00000000
2018-02-25 05:32:07,0.00039470,9.01000000
2018-02-25 05:32:07,0.00039410,120.09000000
2018-02-25 05:32:12,0.00039420,5.65000000
2018-02-25 05:32:14,0.00039500,334.71000000
2018-02-25 05:32:15,0.00039500,803.08000000
2018-02-25 05:32:15,0.00039420,540.65000000
2018-02-25 05:32:26,0.00039520,15.00000000
2018-02-25 05:32:26,0.00039530,5.00000000
2018-02-25 05:32:30,0.00039430,15.00000000
2018-02-25 05:32:54,0.00039490,6.84000000
2018-02-25 05:32:54,0.00039500,79.85000000
2018-02-25 05:32:58,0.00039420,3.59000000
2018-02-25 05:33:03,0.00039510,326.37000000
2018-02-25 05:33:03,0.00039510,170.33000000
2018-02-25 05:33:03,0.00039510,75.92000000
2018-02-25 05:33:03,0.00039510,75.93000000
2018-02-25 05:33:03,0.00039510,30.25000000
2018-02-25 05:33:03,0.00039510,75.92000000
2018-02-25 05:33:03,0.00039510,86.70000000
2018-02-25 05:33:03,0.00039510,32.84000000
2018-02-25 05:33:03,0.00039510,75.93000000
2018-02-25 05:33:03,0.00039510,75.92000000
2018-02-25 05:33:03,0.00039510,0.86000000
2018-02-25 05:33:05,0.00039430,386.51000000
2018-02-25 05:33:05,0.00039420,114.85000000
2018-02-25 05:33:12,0.00039420,7.73000000
2018-02-25 05:33:14,0.00039430,4.50000000
2018-02-25 05:33:22,0.00039420,17.55000000
2018-02-25 05:33:27,0.00039510,14.93000000
2018-02-25 05:33:27,0.00039510,5.34000000
2018-02-25 05:33:27,0.00039420,5.34000000
2018-02-25 05:33:38,0.00039440,15.00000000
2018-02-25 05:33:38,0.00039430,66.90000000
2018-02-25 05:33:42,0.00039430,15.71000000
2018-02-25 05:33:50,0.00039430,51.71000000
2018-02-25 05:34:02,0.00039430,356.17000000
2018-02-25 05:34:02,0.00039430,159.45000000
2018-02-25 05:34:04,0.00039420,2188.86000000
2018-02-25 05:34:12,0.00039430,5.11000000
2018-02-25 05:34:15,0.00039410,45.67000000
2018-02-25 05:34:16,0.00039400,15.00000000
2018-02-25 05:34:17,0.00039400,19.51000000
2018-02-25 05:34:29,0.00039400,13.14000000
2018-02-25 05:34:31,0.00039400,3.08000000
2018-02-25 05:34:31,0.00039380,185.63000000
2018-02-25 05:34:31,0.00039370,960.35000000
2018-02-25 05:34:31,0.00039370,20.00000000
2018-02-25 05:34:34,0.00039350,9.76000000
2018-02-25 05:34:35,0.00039350,19.25000000
2018-02-25 05:34:37,0.00039370,107.68000000
2018-02-25 05:34:38,0.00039370,172.87000000
2018-02-25 05:34:38,0.00039350,4.61000000
2018-02-25 05:34:46,0.00039350,233.96000000
2018-02-25 05:34:52,0.00039370,280.18000000
2018-02-25 05:35:01,0.00039370,0.01000000
2018-02-25 05:35:05,0.00039370,82.02000000
2018-02-25 05:35:12,0.00039370,67.50000000
2018-02-25 05:35:29,0.00039370,494.72000000
2018-02-25 05:35:29,0.00039370,4.22000000
2018-02-25 05:35:32,0.00039370,1.06000000
2018-02-25 05:35:38,0.00039370,35.12000000
2018-02-25 05:35:38,0.00039370,5.25000000
2018-02-25 05:35:42,0.00039350,394.27000000
2018-02-25 05:35:47,0.00039350,542.50000000
2018-02-25 05:35:53,0.00039350,51.41000000
2018-02-25 05:36:09,0.00039350,112.64000000
2018-02-25 05:36:09,0.00039350,76.13000000
2018-02-25 05:36:09,0.00039350,151.63000000
2018-02-25 05:36:09,0.00039350,76.14000000
2018-02-25 05:36:09,0.00039350,20.60000000
2018-02-25 05:36:09,0.00039350,76.14000000
2018-02-25 05:36:09,0.00039350,29.23000000
2018-02-25 05:36:27,0.00039370,1.73000000
2018-02-25 05:36:27,0.00039420,0.81000000
2018-02-25 05:36:28,0.00039420,26.69000000
2018-02-25 05:36:35,0.00039420,9.71000000
2018-02-25 05:36:36,0.00039420,24.93000000
2018-02-25 05:36:54,0.00039350,36.01000000
2018-02-25 05:36:54,0.00039330,13.89000000
2018-02-25 05:37:01,0.00039330,4.09000000
2018-02-25 05:37:50,0.00039420,346.93000000
2018-02-25 05:37:53,0.00039330,201.46000000
2018-02-25 05:37:53,0.00039420,4.09000000
2018-02-25 05:38:06,0.00039340,10.00000000
2018-02-25 05:38:42,0.00039360,80.00000000
2018-02-25 05:39:00,0.00039410,30.61000000
2018-02-25 05:39:00,0.00039430,165.50000000
2018-02-25 05:39:25,0.00039400,49.89000000
2018-02-25 05:39:40,0.00039400,15.53000000
2018-02-25 05:39:40,0.00039400,87.81000000
2018-02-25 05:39:40,0.00039400,20.85000000
2018-02-25 05:39:40,0.00039400,136.43000000
2018-02-25 05:39:47,0.00039390,16.38000000
2018-02-25 05:40:01,0.00039420,13.16000000
2018-02-25 05:40:06,0.00039420,283.23000000
2018-02-25 05:40:12,0.00039420,118.01000000
2018-02-25 05:40:14,0.00039420,2.54000000
2018-02-25 05:40:16,0.00039430,131.62000000
2018-02-25 05:40:21,0.00039420,266.41000000
2018-02-25 05:40:27,0.00039430,0.01000000
2018-02-25 05:40:27,0.00039480,313.67000000
2018-02-25 05:40:27,0.00039480,10.00000000
2018-02-25 05:40:55,0.00039470,241.95000000
2018-02-25 05:40:57,0.00039470,105.18000000
2018-02-25 05:41:09,0.00039470,16.67000000
2018-02-25 05:41:20,0.00039470,413.93000000
2018-02-25 05:41:47,0.00039470,516.03000000
2018-02-25 05:41:52,0.00039470,70.04000000
2018-02-25 05:41:52,0.00039420,14.16000000
2018-02-25 05:42:08,0.00039420,488.32000000
2018-02-25 05:42:11,0.00039420,5.86000000
2018-02-25 05:42:16,0.00039420,43.00000000
2018-02-25 05:42:17,0.00039410,377.74000000
2018-02-25 05:42:23,0.00039400,503.77000000
2018-02-25 05:42:25,0.00039410,20.00000000
2018-02-25 05:42:25,0.00039410,6.95000000
2018-02-25 05:42:27,0.00039410,3.87000000
2018-02-25 05:42:29,0.00039390,15.02000000
2018-02-25 05:42:35,0.00039390,55.84000000
2018-02-25 05:42:38,0.00039390,250.93000000
2018-02-25 05:42:41,0.00039380,26.66000000
2018-02-25 05:42:51,0.00039380,89.69000000
2018-02-25 05:42:51,0.00039370,155.18000000
2018-02-25 05:42:58,0.00039360,23.19000000
2018-02-25 05:43:42,0.00039390,1223.94000000
2018-02-25 05:43:46,0.00039390,39.59000000
2018-02-25 05:43:50,0.00039390,823.55000000
2018-02-25 05:44:32,0.00039400,9.63000000
2018-02-25 05:44:35,0.00039380,45.51000000
2018-02-25 05:44:37,0.00039350,11.85000000
2018-02-25 05:44:38,0.00039380,6.51000000
2018-02-25 05:44:38,0.00039390,97.17000000
2018-02-25 05:44:47,0.00039410,11.00000000
2018-02-25 05:44:49,0.00039390,40.33000000
2018-02-25 05:44:54,0.00039410,12.69000000
2018-02-25 05:45:08,0.00039330,41.13000000
2018-02-25 05:45:43,0.00039400,4.87000000
2018-02-25 05:45:47,0.00039330,16.39000000
2018-02-25 05:45:53,0.00039400,36.53000000
2018-02-25 05:46:11,0.00039340,22.14000000
2018-02-25 05:46:11,0.00039330,77.86000000
2018-02-25 05:46:19,0.00039390,88.45000000
2018-02-25 05:46:27,0.00039390,28.46000000
2018-02-25 05:46:27,0.00039400,7.54000000
2018-02-25 05:46:31,0.00039340,928.03000000
2018-02-25 05:46:31,0.00039330,753.50000000
2018-02-25 05:46:31,0.00039330,987.09000000
2018-02-25 05:46:31,0.00039330,65.00000000
2018-02-25 05:46:32,0.00039330,21.75000000
2018-02-25 05:46:34,0.00039330,27.82000000
2018-02-25 05:46:41,0.00039320,25.86000000
2018-02-25 05:46:45,0.00039320,12.71000000
2018-02-25 05:46:48,0.00039320,4.15000000
2018-02-25 05:46:51,0.00039310,93.82000000
2018-02-25 05:46:51,0.00039310,6.66000000
2018-02-25 05:47:01,0.00039310,45.57000000
2018-02-25 05:47:01,0.00039320,40.14000000
2018-02-25 05:47:01,0.00039330,1429.62000000
2018-02-25 05:47:15,0.00039300,80.17000000
2018-02-25 05:47:15,0.00039280,19.58000000
2018-02-25 05:47:15,0.00039270,466.90000000
2018-02-25 05:47:41,0.00039320,44.00000000
2018-02-25 05:47:53,0.00039320,48.97000000
2018-02-25 05:48:15,0.00039300,1747.41000000
2018-02-25 05:48:15,0.00039300,41.48000000
2018-02-25 05:48:21,0.00039380,15.00000000
2018-02-25 05:48:23,0.00039380,27.82000000
2018-02-25 05:48:23,0.00039380,12.71000000
2018-02-25 05:48:28,0.00039380,37.20000000
2018-02-25 05:48:29,0.00039320,15.00000000
2018-02-25 05:48:43,0.00039300,50.52000000
2018-02-25 05:48:46,0.00039300,4.92000000
2018-02-25 05:48:53,0.00039270,13.16000000
2018-02-25 05:48:53,0.00039260,237.34000000
2018-02-25 05:48:56,0.00039300,10.60000000
2018-02-25 05:49:18,0.00039270,225.70000000
2018-02-25 05:49:18,0.00039260,407.72000000
2018-02-25 05:49:18,0.00039250,348.94000000
2018-02-25 05:49:20,0.00039290,34.57000000
2018-02-25 05:49:21,0.00039290,34.57000000
2018-02-25 05:49:21,0.00039250,34.57000000
2018-02-25 05:49:22,0.00039290,20.00000000
2018-02-25 05:49:22,0.00039290,6.66000000
2018-02-25 05:49:31,0.00039290,25.45000000
2018-02-25 05:50:24,0.00039290,10.22000000
2018-02-25 05:50:28,0.00039290,207.74000000
2018-02-25 05:50:28,0.00039300,120.28000000
2018-02-25 05:50:28,0.00039320,68.98000000
2018-02-25 05:51:14,0.00039300,12.77000000
2018-02-25 05:51:14,0.00039300,8.82000000
2018-02-25 05:51:16,0.00039300,22.39000000
2018-02-25 05:51:16,0.00039320,31.02000000
2018-02-25 05:51:16,0.00039320,58.09000000
2018-02-25 05:51:16,0.00039300,9.57000000
2018-02-25 05:51:23,0.00039390,11.30000000
2018-02-25 05:52:11,0.00039300,26.20000000
2018-02-25 05:52:27,0.00039300,6.25000000
2018-02-25 05:52:44,0.00039310,174.64000000
2018-02-25 05:52:59,0.00039360,4.29000000
2018-02-25 05:53:28,0.00039310,65.69000000
2018-02-25 05:53:28,0.00039300,322.89000000
2018-02-25 05:53:36,0.00039260,14.40000000
2018-02-25 05:53:36,0.00039260,17.91000000
2018-02-25 05:53:36,0.00039250,126.87000000
2018-02-25 05:53:36,0.00039240,244.50000000
2018-02-25 05:53:42,0.00039240,105.41000000
2018-02-25 05:53:45,0.00039240,363.84000000
2018-02-25 05:54:00,0.00039250,12.73000000
2018-02-25 05:54:00,0.00039240,41.56000000
2018-02-25 05:54:05,0.00039230,132.17000000
2018-02-25 05:54:06,0.00039230,12.74000000
2018-02-25 05:54:06,0.00039230,6.04000000
2018-02-25 05:54:14,0.00039210,260.27000000
2018-02-25 05:54:14,0.00039200,500.00000000
2018-02-25 05:54:14,0.00039170,255.73000000
2018-02-25 05:54:14,0.00039160,1309.35000000
2018-02-25 05:54:14,0.00039150,516.26000000
2018-02-25 05:54:18,0.00039170,26.24000000
2018-02-25 05:54:18,0.00039160,12.77000000
2018-02-25 05:54:18,0.00039150,1391.56000000
2018-02-25 05:54:18,0.00039150,26.40000000
2018-02-25 05:54:18,0.00039150,2.94000000
2018-02-25 05:54:18,0.00039150,22.00000000
2018-02-25 05:54:18,0.00039150,30.74000000
2018-02-25 05:54:18,0.00039150,116.03000000
2018-02-25 05:54:24,0.00039160,73.10000000
2018-02-25 05:54:31,0.00039230,56.03000000
2018-02-25 05:54:31,0.00039230,117.73000000
2018-02-25 05:54:43,0.00039220,62.17000000
2018-02-25 05:54:44,0.00039220,162.53000000
2018-02-25 05:54:52,0.00039220,3.00000000
2018-02-25 05:54:52,0.00039210,95.15000000
2018-02-25 05:55:03,0.00039210,0.01000000
2018-02-25 05:55:03,0.00039220,41.52000000
2018-02-25 05:55:21,0.00039220,20.00000000
2018-02-25 05:55:21,0.00039220,27.87000000
2018-02-25 05:55:24,0.00039220,6.66000000
2018-02-25 05:55:25,0.00039180,12.74000000
2018-02-25 05:55:38,0.00039190,28.43000000
2018-02-25 05:55:38,0.00039180,38.57000000
2018-02-25 05:55:41,0.00039290,7.00000000
2018-02-25 05:55:52,0.00039290,434.25000000
2018-02-25 05:56:06,0.00039280,9.00000000
2018-02-25 05:56:21,0.00039280,16.28000000
2018-02-25 05:56:25,0.00039290,3.31000000
2018-02-25 05:56:49,0.00039280,102.07000000
2018-02-25 05:56:49,0.00039290,23.33000000
2018-02-25 05:57:03,0.00039290,341.30000000
2018-02-25 05:57:03,0.00039290,5.61000000
2018-02-25 05:57:04,0.00039290,5.61000000
2018-02-25 05:57:09,0.00039280,15.00000000
2018-02-25 05:57:09,0.00039290,70.33000000
2018-02-25 05:57:11,0.00039170,0.02000000
2018-02-25 05:57:12,0.00039290,28.44000000
2018-02-25 05:57:23,0.00039280,22.00000000
2018-02-25 05:57:32,0.00039280,29.27000000
2018-02-25 05:57:33,0.00039260,21.44000000
2018-02-25 05:57:45,0.00039230,12.75000000
2018-02-25 05:57:45,0.00039220,14.98000000
2018-02-25 05:58:02,0.00039200,61.22000000
2018-02-25 05:58:04,0.00039200,11.22000000
2018-02-25 05:58:05,0.00039220,5.61000000
2018-02-25 05:58:07,0.00039200,15.00000000
2018-02-25 05:58:13,0.00039200,60.74000000
2018-02-25 05:58:20,0.00039200,83.13000000
2018-02-25 05:58:22,0.00039190,5.61000000
2018-02-25 05:58:22,0.00039200,60.39000000
2018-02-25 05:58:52,0.00039190,62.39000000
2018-02-25 05:59:08,0.00039190,3.97000000
2018-02-25 05:59:13,0.00039190,13.89000000
2018-02-25 05:59:14,0.00039190,4.41000000
2018-02-25 05:59:16,0.00039190,36.34000000
2018-02-25 05:59:25,0.00039200,5.04000000
2018-02-25 05:59:40,0.00039200,33.00000000
2018-02-25 05:59:40,0.00039200,9.77000000
2018-02-25 05:59:45,0.00039200,109.67000000
2018-02-25 05:59:52,0.00039220,2.55000000
2018-02-25 05:59:52,0.00039200,22.08000000
2018-02-25 05:59:52,0.00039180,47.15000000
2018-02-25 05:59:52,0.00039170,151.75000000
2018-02-25 05:59:52,0.00039140,138.95000000
2018-02-25 05:59:52,0.00039130,62.35000000
2018-02-25 05:59:52,0.00039110,113.18000000
