DATE,PRICE,VOLUME
2018-02-26 20:00:00,0.00039750,4.00000000
2018-02-26 20:00:08,0.00039720,10.72000000
2018-02-26 20:00:17,0.00039720,317.07000000
2018-02-26 20:00:21,0.00039720,684.14000000
2018-02-26 20:00:21,0.00039720,32.21000000
2018-02-26 20:00:23,0.00039710,7.00000000
2018-02-26 20:00:26,0.00039690,0.56000000
2018-02-26 20:00:26,0.00039680,50.00000000
2018-02-26 20:00:26,0.00039670,3.00000000
2018-02-26 20:00:26,0.00039660,159.09000000
2018-02-26 20:00:26,0.00039620,86.28000000
2018-02-26 20:00:26,0.00039610,23.24000000
2018-02-26 20:00:26,0.00039600,1442.45000000
2018-02-26 20:00:26,0.00039590,758.53000000
2018-02-26 20:00:33,0.00039610,2.53000000
2018-02-26 20:00:34,0.00039670,3.02000000
2018-02-26 20:00:38,0.00039670,2.00000000
2018-02-26 20:00:44,0.00039610,10.10000000
2018-02-26 20:00:44,0.00039600,8.43000000
2018-02-26 20:00:48,0.00039600,109.93000000
2018-02-26 20:00:48,0.00039600,27.34000000
2018-02-26 20:00:48,0.00039600,10.00000000
2018-02-26 20:00:50,0.00039590,7.56000000
2018-02-26 20:00:55,0.00039590,327.62000000
2018-02-26 20:00:58,0.00039590,56.37000000
2018-02-26 20:00:59,0.00039590,464.03000000
2018-02-26 20:00:59,0.00039600,162.79000000
2018-02-26 20:01:02,0.00039600,900.97000000
2018-02-26 20:01:02,0.00039590,5000.00000000
2018-02-26 20:01:04,0.00039580,86.84000000
2018-02-26 20:01:04,0.00039530,72.00000000
2018-02-26 20:01:04,0.00039520,34.15000000
2018-02-26 20:01:04,0.00039500,7.71000000
2018-02-26 20:01:04,0.00039460,97.75000000
2018-02-26 20:01:04,0.00039440,8.64000000
2018-02-26 20:01:04,0.00039400,4.38000000
2018-02-26 20:01:06,0.00039540,0.02000000
2018-02-26 20:01:09,0.00039570,4.25000000
2018-02-26 20:01:10,0.00039570,5.11000000
2018-02-26 20:01:10,0.00039570,4.25000000
2018-02-26 20:01:12,0.00039550,10.00000000
2018-02-26 20:01:13,0.00039440,15.51000000
2018-02-26 20:01:13,0.00039430,36.18000000
2018-02-26 20:01:13,0.00039550,4.25000000
2018-02-26 20:01:14,0.00039550,6.33000000
2018-02-26 20:01:16,0.00039450,12.74000000
2018-02-26 20:01:16,0.00039440,14.65000000
2018-02-26 20:01:22,0.00039540,46.64000000
2018-02-26 20:01:26,0.00039530,18.21000000
2018-02-26 20:01:32,0.00039530,3.76000000
2018-02-26 20:01:37,0.00039520,50.34000000
2018-02-26 20:01:37,0.00039460,5.00000000
2018-02-26 20:01:38,0.00039520,170.21000000
2018-02-26 20:01:40,0.00039530,500.50000000
2018-02-26 20:01:43,0.00039480,7.36000000
2018-02-26 20:01:44,0.00039530,3.00000000
2018-02-26 20:02:05,0.00039480,36.11000000
2018-02-26 20:02:10,0.00039480,0.01000000
2018-02-26 20:02:11,0.00039530,59.99000000
2018-02-26 20:02:11,0.00039550,12.77000000
2018-02-26 20:02:12,0.00039480,12.65000000
2018-02-26 20:02:12,0.00039470,11.15000000
2018-02-26 20:02:12,0.00039460,12.74000000
2018-02-26 20:02:12,0.00039440,6.54000000
2018-02-26 20:02:14,0.00039550,358.32000000
2018-02-26 20:02:14,0.00039470,124.00000000
2018-02-26 20:02:14,0.00039470,555.64000000
2018-02-26 20:02:14,0.00039470,25.28000000
2018-02-26 20:02:14,0.00039450,25.28000000
2018-02-26 20:02:15,0.00039470,8.82000000
2018-02-26 20:02:15,0.00039470,12.00000000
2018-02-26 20:02:16,0.00039550,9.71000000
2018-02-26 20:02:18,0.00039450,13.02000000
2018-02-26 20:02:18,0.00039440,185.83000000
2018-02-26 20:02:18,0.00039430,328.95000000
2018-02-26 20:02:18,0.00039430,25.64000000
2018-02-26 20:02:19,0.00039430,4.25000000
2018-02-26 20:02:21,0.00039430,0.14000000
2018-02-26 20:02:22,0.00039430,177.64000000
2018-02-26 20:02:22,0.00039530,51.63000000
2018-02-26 20:02:25,0.00039430,11.04000000
2018-02-26 20:02:32,0.00039440,2.77000000
2018-02-26 20:02:32,0.00039430,23.12000000
2018-02-26 20:02:33,0.00039430,23.25000000
2018-02-26 20:02:49,0.00039490,12.66000000
2018-02-26 20:02:50,0.00039480,264.87000000
2018-02-26 20:02:50,0.00039440,12.74000000
2018-02-26 20:02:50,0.00039430,1849.58000000
2018-02-26 20:02:50,0.00039430,44.92000000
2018-02-26 20:02:50,0.00039430,25.29000000
2018-02-26 20:02:50,0.00039430,44.92000000
2018-02-26 20:02:50,0.00039430,37.43000000
2018-02-26 20:02:50,0.00039420,25.29000000
2018-02-26 20:02:50,0.00039430,309.79000000
2018-02-26 20:02:50,0.00039430,252.35000000
2018-02-26 20:02:51,0.00039420,3.98000000
2018-02-26 20:02:51,0.00039420,26.97000000
2018-02-26 20:02:54,0.00039420,18.63000000
2018-02-26 20:02:57,0.00039420,10.01000000
2018-02-26 20:03:04,0.00039410,4.04000000
2018-02-26 20:03:09,0.00039400,20.96000000
2018-02-26 20:03:10,0.00039410,9.83000000
2018-02-26 20:03:12,0.00039410,23.56000000
2018-02-26 20:03:12,0.00039420,1.80000000
2018-02-26 20:03:12,0.00039420,9.83000000
2018-02-26 20:03:25,0.00039420,68.99000000
2018-02-26 20:03:30,0.00039400,298.11000000
2018-02-26 20:03:30,0.00039380,70.00000000
2018-02-26 20:03:30,0.00039370,352.44000000
2018-02-26 20:03:30,0.00039360,390.14000000
2018-02-26 20:03:30,0.00039330,16.00000000
2018-02-26 20:03:30,0.00039320,12.69000000
2018-02-26 20:03:30,0.00039300,30.98000000
2018-02-26 20:03:30,0.00039260,3.58000000
2018-02-26 20:03:30,0.00039240,425.09000000
2018-02-26 20:03:39,0.00039270,12.74000000
2018-02-26 20:03:39,0.00039260,16.26000000
2018-02-26 20:03:39,0.00039380,12.71000000
2018-02-26 20:03:46,0.00039290,10.46000000
2018-02-26 20:03:46,0.00039280,41.03000000
2018-02-26 20:03:46,0.00039270,5.63000000
2018-02-26 20:03:46,0.00039380,335.18000000
2018-02-26 20:03:47,0.00039370,25.00000000
2018-02-26 20:03:47,0.00039270,1.96000000
2018-02-26 20:03:47,0.00039270,7.77000000
2018-02-26 20:03:51,0.00039370,13.96000000
2018-02-26 20:03:53,0.00039280,10.67000000
2018-02-26 20:03:53,0.00039270,38.44000000
2018-02-26 20:03:53,0.00039270,30.38000000
2018-02-26 20:03:53,0.00039360,186.21000000
2018-02-26 20:03:55,0.00039380,47.73000000
2018-02-26 20:03:58,0.00039380,207.65000000
2018-02-26 20:04:00,0.00039380,0.02000000
2018-02-26 20:04:00,0.00039410,6.31000000
2018-02-26 20:04:01,0.00039370,12.73000000
2018-02-26 20:04:02,0.00039380,52.21000000
2018-02-26 20:04:05,0.00039410,6.20000000
2018-02-26 20:04:10,0.00039410,8.00000000
2018-02-26 20:04:12,0.00039410,2.93000000
2018-02-26 20:04:30,0.00039410,75.34000000
2018-02-26 20:04:30,0.00039410,76.90000000
2018-02-26 20:04:41,0.00039410,17.96000000
2018-02-26 20:04:42,0.00039410,117.59000000
2018-02-26 20:04:49,0.00039340,23.00000000
2018-02-26 20:04:51,0.00039340,158.03000000
2018-02-26 20:05:09,0.00039340,236.00000000
2018-02-26 20:05:14,0.00039410,45.67000000
2018-02-26 20:05:16,0.00039410,26.15000000
2018-02-26 20:05:17,0.00039420,15.18000000
2018-02-26 20:05:18,0.00039410,3.00000000
2018-02-26 20:05:18,0.00039410,2.97000000
2018-02-26 20:05:18,0.00039410,244.50000000
2018-02-26 20:05:21,0.00039420,12.41000000
2018-02-26 20:05:46,0.00039420,714.57000000
2018-02-26 20:05:56,0.00039410,126.83000000
2018-02-26 20:05:59,0.00039410,276.25000000
2018-02-26 20:05:59,0.00039420,107.77000000
2018-02-26 20:06:00,0.00039420,17.22000000
2018-02-26 20:06:06,0.00039420,55.11000000
2018-02-26 20:06:27,0.00039420,12.68000000
2018-02-26 20:06:37,0.00039420,17.76000000
2018-02-26 20:06:38,0.00039410,5.66000000
2018-02-26 20:06:48,0.00039400,30.00000000
2018-02-26 20:06:51,0.00039410,27.75000000
2018-02-26 20:06:52,0.00039410,18.98000000
2018-02-26 20:06:54,0.00039410,25.35000000
2018-02-26 20:06:54,0.00039380,14.66000000
2018-02-26 20:06:56,0.00039400,25.35000000
2018-02-26 20:06:56,0.00039400,4.75000000
2018-02-26 20:06:58,0.00039400,50.71000000
2018-02-26 20:06:58,0.00039390,4.87000000
2018-02-26 20:06:59,0.00039390,5.12000000
2018-02-26 20:06:59,0.00039390,0.01000000
2018-02-26 20:06:59,0.00039400,30.20000000
2018-02-26 20:07:00,0.00039400,125.00000000
2018-02-26 20:07:01,0.00039400,3.66000000
2018-02-26 20:07:08,0.00039380,3.13000000
2018-02-26 20:07:08,0.00039370,114.03000000
2018-02-26 20:07:13,0.00039370,102.69000000
2018-02-26 20:07:14,0.00039400,608.82000000
2018-02-26 20:07:14,0.00039410,322.37000000
2018-02-26 20:07:14,0.00039420,68.81000000
2018-02-26 20:07:14,0.00039370,6.36000000
2018-02-26 20:07:14,0.00039360,44.59000000
2018-02-26 20:07:37,0.00039360,15.15000000
2018-02-26 20:07:41,0.00039360,45.20000000
2018-02-26 20:08:04,0.00039360,211.71000000
2018-02-26 20:08:04,0.00039360,19.50000000
2018-02-26 20:08:05,0.00039360,12.71000000
2018-02-26 20:08:06,0.00039360,56.17000000
2018-02-26 20:08:08,0.00039360,51.85000000
2018-02-26 20:08:11,0.00039350,28.14000000
2018-02-26 20:08:16,0.00039350,7.86000000
2018-02-26 20:08:18,0.00039350,96.69000000
2018-02-26 20:08:18,0.00039340,80.15000000
2018-02-26 20:08:18,0.00039330,79.42000000
2018-02-26 20:08:18,0.00039300,5.63000000
2018-02-26 20:08:27,0.00039360,25.01000000
2018-02-26 20:08:27,0.00039310,9.00000000
2018-02-26 20:08:35,0.00039320,7.60000000
2018-02-26 20:08:39,0.00039320,5.12000000
2018-02-26 20:08:39,0.00039300,175.73000000
2018-02-26 20:08:41,0.00039310,12.74000000
2018-02-26 20:08:41,0.00039300,224.41000000
2018-02-26 20:08:41,0.00039300,5.28000000
2018-02-26 20:08:41,0.00039300,5.28000000
2018-02-26 20:08:41,0.00039300,30.90000000
2018-02-26 20:08:41,0.00039300,19.01000000
2018-02-26 20:08:41,0.00039300,25.38000000
2018-02-26 20:08:41,0.00039300,25.37000000
2018-02-26 20:08:41,0.00039300,19.05000000
2018-02-26 20:08:41,0.00039290,9.00000000
2018-02-26 20:08:42,0.00039300,10.72000000
2018-02-26 20:08:42,0.00039300,7.33000000
2018-02-26 20:08:42,0.00039300,222.53000000
2018-02-26 20:08:42,0.00039300,21.03000000
2018-02-26 20:08:43,0.00039300,14.96000000
2018-02-26 20:08:44,0.00039300,114.59000000
2018-02-26 20:08:44,0.00039300,25.38000000
2018-02-26 20:08:44,0.00039300,25.75000000
2018-02-26 20:08:44,0.00039300,3.69000000
2018-02-26 20:08:44,0.00039300,17.61000000
2018-02-26 20:08:44,0.00039300,17.62000000
2018-02-26 20:08:46,0.00039300,136.08000000
2018-02-26 20:08:47,0.00039300,117.18000000
2018-02-26 20:08:47,0.00039300,61.48000000
2018-02-26 20:08:47,0.00039300,73.78000000
2018-02-26 20:08:47,0.00039300,25.37000000
2018-02-26 20:08:47,0.00039300,10.25000000
2018-02-26 20:08:47,0.00039300,11.80000000
2018-02-26 20:08:48,0.00039300,67.65000000
2018-02-26 20:08:48,0.00039300,11.02000000
2018-02-26 20:08:50,0.00039300,23.38000000
2018-02-26 20:08:52,0.00039290,41.00000000
2018-02-26 20:08:53,0.00039290,8.80000000
2018-02-26 20:08:54,0.00039280,20.19000000
2018-02-26 20:08:56,0.00039270,20.63000000
2018-02-26 20:09:00,0.00039280,5.24000000
2018-02-26 20:09:04,0.00039280,19.85000000
2018-02-26 20:09:04,0.00039270,0.18000000
2018-02-26 20:09:05,0.00039270,706.21000000
2018-02-26 20:09:05,0.00039260,91.71000000
2018-02-26 20:09:11,0.00039380,11.20000000
2018-02-26 20:09:38,0.00039390,659.22000000
2018-02-26 20:09:59,0.00039390,176.96000000
2018-02-26 20:10:01,0.00039310,2.23000000
2018-02-26 20:10:11,0.00039390,65.93000000
2018-02-26 20:10:14,0.00039310,59.53000000
2018-02-26 20:10:41,0.00039310,61.09000000
2018-02-26 20:10:41,0.00039310,37.07000000
2018-02-26 20:10:50,0.00039310,14.83000000
2018-02-26 20:10:58,0.00039320,112.74000000
2018-02-26 20:10:58,0.00039310,481.75000000
2018-02-26 20:11:13,0.00039310,252.80000000
2018-02-26 20:11:22,0.00039340,4.04000000
2018-02-26 20:11:22,0.00039340,40.92000000
2018-02-26 20:11:22,0.00039350,5.83000000
2018-02-26 20:11:36,0.00039310,18.84000000
2018-02-26 20:11:45,0.00039320,13.00000000
2018-02-26 20:11:45,0.00039310,251.41000000
2018-02-26 20:12:00,0.00039350,4.28000000
2018-02-26 20:12:02,0.00039350,95.94000000
2018-02-26 20:12:04,0.00039350,4.28000000
2018-02-26 20:12:04,0.00039350,27.85000000
2018-02-26 20:12:04,0.00039350,4.28000000
2018-02-26 20:12:04,0.00039350,4.28000000
2018-02-26 20:12:05,0.00039350,149.40000000
2018-02-26 20:12:06,0.00039350,22.87000000
2018-02-26 20:12:34,0.00039350,0.01000000
2018-02-26 20:12:34,0.00039320,564.60000000
2018-02-26 20:12:35,0.00039320,108.97000000
2018-02-26 20:12:39,0.00039320,116.48000000
2018-02-26 20:12:46,0.00039320,40.19000000
2018-02-26 20:12:47,0.00039310,168.88000000
2018-02-26 20:12:47,0.00039310,100.73000000
2018-02-26 20:12:52,0.00039310,37.03000000
2018-02-26 20:12:58,0.00039320,25.00000000
2018-02-26 20:13:02,0.00039310,34.11000000
2018-02-26 20:13:07,0.00039310,132.25000000
2018-02-26 20:13:10,0.00039310,94.81000000
2018-02-26 20:13:11,0.00039310,151.86000000
2018-02-26 20:13:20,0.00039320,12.34000000
2018-02-26 20:13:22,0.00039320,168.56000000
2018-02-26 20:13:29,0.00039350,246.81000000
2018-02-26 20:13:29,0.00039350,52.22000000
2018-02-26 20:13:32,0.00039390,4.11000000
2018-02-26 20:13:33,0.00039390,718.97000000
2018-02-26 20:13:33,0.00039400,1041.43000000
2018-02-26 20:13:37,0.00039400,76.72000000
2018-02-26 20:13:37,0.00039450,10.01000000
2018-02-26 20:13:37,0.00039460,109.52000000
2018-02-26 20:13:37,0.00039460,19.00000000
2018-02-26 20:13:44,0.00039400,35.82000000
2018-02-26 20:13:48,0.00039490,0.03000000
2018-02-26 20:13:51,0.00039400,12.70000000
2018-02-26 20:13:51,0.00039400,29.06000000
2018-02-26 20:13:55,0.00039400,18.24000000
2018-02-26 20:14:04,0.00039500,6.51000000
2018-02-26 20:14:04,0.00039500,6.51000000
2018-02-26 20:14:04,0.00039500,6.51000000
2018-02-26 20:14:06,0.00039500,50.00000000
2018-02-26 20:14:10,0.00039510,18.24000000
2018-02-26 20:14:10,0.00039520,7.06000000
2018-02-26 20:14:10,0.00039500,6.50000000
2018-02-26 20:14:17,0.00039500,0.27000000
2018-02-26 20:14:22,0.00039510,82.87000000
2018-02-26 20:14:22,0.00039500,136.91000000
2018-02-26 20:14:25,0.00039500,10.00000000
2018-02-26 20:14:35,0.00039500,500.55000000
2018-02-26 20:14:37,0.00039500,2.54000000
2018-02-26 20:14:39,0.00039490,22.71000000
2018-02-26 20:14:39,0.00039490,13.12000000
2018-02-26 20:14:39,0.00039500,227.60000000
2018-02-26 20:14:59,0.00039500,140.00000000
2018-02-26 20:15:00,0.00039500,10.68000000
2018-02-26 20:15:04,0.00039500,77.56000000
2018-02-26 20:15:09,0.00039490,12.70000000
2018-02-26 20:15:09,0.00039500,255.64000000
2018-02-26 20:15:19,0.00039500,26.91000000
2018-02-26 20:15:19,0.00039500,671.63000000
2018-02-26 20:15:33,0.00039500,86.86000000
2018-02-26 20:15:41,0.00039500,201.12000000
2018-02-26 20:15:43,0.00039470,43.45000000
2018-02-26 20:15:46,0.00039500,553.64000000
2018-02-26 20:15:47,0.00039470,22.87000000
2018-02-26 20:16:03,0.00039500,809.45000000
2018-02-26 20:16:04,0.00039510,25.80000000
2018-02-26 20:16:09,0.00039510,130.96000000
2018-02-26 20:16:09,0.00039500,19.04000000
2018-02-26 20:16:23,0.00039510,20.00000000
2018-02-26 20:16:29,0.00039510,2.54000000
2018-02-26 20:16:53,0.00039510,98.27000000
2018-02-26 20:17:01,0.00039520,105.01000000
2018-02-26 20:17:15,0.00039530,3.23000000
2018-02-26 20:17:19,0.00039530,111.13000000
2018-02-26 20:17:22,0.00039530,5.07000000
2018-02-26 20:17:25,0.00039540,7.63000000
2018-02-26 20:17:25,0.00039550,4.29000000
2018-02-26 20:17:25,0.00039560,15.66000000
2018-02-26 20:17:31,0.00039530,12.40000000
2018-02-26 20:17:33,0.00039570,18.72000000
2018-02-26 20:17:37,0.00039530,23.00000000
2018-02-26 20:17:37,0.00039530,10.00000000
2018-02-26 20:17:42,0.00039530,77.56000000
2018-02-26 20:17:53,0.00039530,120.00000000
2018-02-26 20:17:55,0.00039530,24.91000000
2018-02-26 20:18:00,0.00039530,115.94000000
2018-02-26 20:18:00,0.00039530,12.40000000
2018-02-26 20:18:07,0.00039540,10.09000000
2018-02-26 20:18:07,0.00039540,4.25000000
2018-02-26 20:18:07,0.00039540,4.25000000
2018-02-26 20:18:12,0.00039570,85.00000000
2018-02-26 20:18:15,0.00039540,4.25000000
2018-02-26 20:18:15,0.00039540,4.25000000
2018-02-26 20:18:15,0.00039540,4.25000000
2018-02-26 20:18:17,0.00039540,14.13000000
2018-02-26 20:18:18,0.00039560,4.94000000
2018-02-26 20:18:21,0.00039540,4.53000000
2018-02-26 20:18:37,0.00039530,49.85000000
2018-02-26 20:18:44,0.00039530,27.55000000
2018-02-26 20:19:03,0.00039530,41.48000000
2018-02-26 20:19:04,0.00039530,41.17000000
2018-02-26 20:19:08,0.00039560,121.36000000
2018-02-26 20:19:19,0.00039540,0.60000000
2018-02-26 20:19:28,0.00039540,16.21000000
2018-02-26 20:19:28,0.00039530,482.46000000
2018-02-26 20:19:29,0.00039540,16.21000000
2018-02-26 20:19:29,0.00039540,16.98000000
2018-02-26 20:19:29,0.00039560,12.74000000
2018-02-26 20:19:29,0.00039540,16.01000000
2018-02-26 20:19:30,0.00039540,0.01000000
2018-02-26 20:19:30,0.00039560,47.01000000
2018-02-26 20:19:32,0.00039560,45.79000000
2018-02-26 20:19:47,0.00039530,12.17000000
2018-02-26 20:19:47,0.00039520,46.99000000
2018-02-26 20:19:47,0.00039510,519.55000000
2018-02-26 20:19:47,0.00039500,501.63000000
2018-02-26 20:19:47,0.00039460,512.71000000
2018-02-26 20:19:47,0.00039440,139.77000000
2018-02-26 20:19:47,0.00039420,1365.95000000
2018-02-26 20:19:47,0.00039410,29.12000000
2018-02-26 20:19:51,0.00039500,7.66000000
2018-02-26 20:19:52,0.00039500,3.83000000
2018-02-26 20:19:53,0.00039500,6.61000000
2018-02-26 20:19:53,0.00039550,6.13000000
2018-02-26 20:19:55,0.00039540,15.00000000
2018-02-26 20:19:55,0.00039550,130.08000000
2018-02-26 20:20:11,0.00039460,12.47000000
2018-02-26 20:20:23,0.00039460,37.66000000
2018-02-26 20:20:23,0.00039450,12.67000000
2018-02-26 20:20:23,0.00039430,12.74000000
2018-02-26 20:20:23,0.00039410,26.78000000
2018-02-26 20:20:49,0.00039450,8.49000000
2018-02-26 20:20:49,0.00039450,4.20000000
2018-02-26 20:21:13,0.00039460,1.36000000
2018-02-26 20:21:14,0.00039450,234.21000000
2018-02-26 20:21:34,0.00039420,12.83000000
2018-02-26 20:21:34,0.00039410,7.34000000
2018-02-26 20:21:34,0.00039370,61.34000000
2018-02-26 20:21:38,0.00039440,92.00000000
2018-02-26 20:21:43,0.00039420,161.06000000
2018-02-26 20:21:43,0.00039420,240.50000000
2018-02-26 20:22:06,0.00039420,98.44000000
2018-02-26 20:22:06,0.00039370,188.66000000
2018-02-26 20:22:06,0.00039350,250.00000000
2018-02-26 20:22:06,0.00039340,50.00000000
2018-02-26 20:22:06,0.00039330,12.68000000
2018-02-26 20:22:20,0.00039340,54.00000000
2018-02-26 20:22:23,0.00039350,63.74000000
2018-02-26 20:22:23,0.00039340,50.74000000
2018-02-26 20:22:23,0.00039330,391.70000000
2018-02-26 20:22:30,0.00039340,19.61000000
2018-02-26 20:22:30,0.00039330,280.39000000
2018-02-26 20:22:33,0.00039350,12.74000000
2018-02-26 20:22:33,0.00039340,215.03000000
2018-02-26 20:22:50,0.00039400,12.68000000
2018-02-26 20:22:54,0.00039350,11.40000000
2018-02-26 20:22:59,0.00039390,25.34000000
2018-02-26 20:23:16,0.00039350,115.83000000
2018-02-26 20:23:34,0.00039350,109.67000000
2018-02-26 20:23:34,0.00039340,340.39000000
2018-02-26 20:23:35,0.00039350,5.91000000
2018-02-26 20:23:39,0.00039350,3.41000000
2018-02-26 20:23:53,0.00039340,139.39000000
2018-02-26 20:23:57,0.00039340,341.55000000
2018-02-26 20:24:08,0.00039350,28.19000000
2018-02-26 20:24:08,0.00039340,31.62000000
2018-02-26 20:24:32,0.00039340,49.95000000
2018-02-26 20:24:32,0.00039340,88.00000000
2018-02-26 20:24:34,0.00039350,116.57000000
2018-02-26 20:24:49,0.00039350,4.28000000
2018-02-26 20:24:49,0.00039350,22.05000000
2018-02-26 20:24:55,0.00039350,100.00000000
2018-02-26 20:24:59,0.00039340,64.10000000
2018-02-26 20:25:00,0.00039340,54.34000000
2018-02-26 20:25:13,0.00039350,34.14000000
2018-02-26 20:25:40,0.00039350,201.15000000
2018-02-26 20:25:46,0.00039350,48.26000000
2018-02-26 20:25:47,0.00039390,10.00000000
2018-02-26 20:26:02,0.00039350,24.47000000
2018-02-26 20:26:24,0.00039350,273.88000000
2018-02-26 20:26:25,0.00039350,23.57000000
2018-02-26 20:26:26,0.00039350,116.37000000
2018-02-26 20:26:26,0.00039350,7.70000000
2018-02-26 20:26:28,0.00039350,47.24000000
2018-02-26 20:26:33,0.00039350,139.15000000
2018-02-26 20:26:34,0.00039350,14.90000000
2018-02-26 20:26:35,0.00039350,32.12000000
2018-02-26 20:26:53,0.00039350,100.00000000
2018-02-26 20:26:53,0.00039350,160.81000000
2018-02-26 20:27:01,0.00039350,120.00000000
2018-02-26 20:27:05,0.00039340,10.00000000
2018-02-26 20:27:05,0.00039330,524.73000000
2018-02-26 20:27:07,0.00039350,122.58000000
2018-02-26 20:27:08,0.00039350,378.03000000
2018-02-26 20:27:19,0.00039350,25.00000000
2018-02-26 20:27:24,0.00039390,23.82000000
2018-02-26 20:27:27,0.00039390,10.42000000
2018-02-26 20:27:44,0.00039360,13.88000000
2018-02-26 20:27:58,0.00039390,31.94000000
2018-02-26 20:27:59,0.00039390,10.61000000
2018-02-26 20:28:05,0.00039390,172.00000000
2018-02-26 20:28:10,0.00039390,68.10000000
2018-02-26 20:28:11,0.00039390,44.17000000
2018-02-26 20:28:11,0.00039390,0.02000000
2018-02-26 20:28:11,0.00039390,3.96000000
2018-02-26 20:28:27,0.00039400,355.28000000
2018-02-26 20:28:36,0.00039350,224.69000000
2018-02-26 20:28:37,0.00039350,4.86000000
2018-02-26 20:28:47,0.00039360,83.47000000
2018-02-26 20:28:47,0.00039350,190.53000000
2018-02-26 20:29:05,0.00039360,20.00000000
2018-02-26 20:29:08,0.00039370,4.29000000
2018-02-26 20:29:08,0.00039370,4.29000000
2018-02-26 20:29:10,0.00039400,14.54000000
2018-02-26 20:29:12,0.00039370,88.56000000
2018-02-26 20:29:18,0.00039400,105.27000000
2018-02-26 20:29:28,0.00039370,28.66000000
2018-02-26 20:29:28,0.00039360,28.69000000
2018-02-26 20:29:28,0.00039360,28.67000000
2018-02-26 20:29:29,0.00039360,75.20000000
2018-02-26 20:29:30,0.00039360,25.39000000
2018-02-26 20:29:30,0.00039360,25.40000000
2018-02-26 20:29:30,0.00039360,121.82000000
2018-02-26 20:29:30,0.00039360,25.39000000
2018-02-26 20:29:30,0.00039360,25.40000000
2018-02-26 20:29:30,0.00039360,25.39000000
2018-02-26 20:29:30,0.00039360,18.72000000
2018-02-26 20:29:31,0.00039360,10.00000000
2018-02-26 20:29:31,0.00039360,1.73000000
2018-02-26 20:29:33,0.00039370,2.39000000
2018-02-26 20:29:36,0.00039360,5.89000000
2018-02-26 20:29:40,0.00039370,13.31000000
2018-02-26 20:29:40,0.00039360,104.81000000
2018-02-26 20:29:40,0.00039360,33.00000000
2018-02-26 20:29:40,0.00039360,50.00000000
2018-02-26 20:29:44,0.00039360,394.00000000
2018-02-26 20:29:47,0.00039370,271.68000000
2018-02-26 20:29:47,0.00039370,18.76000000
2018-02-26 20:29:47,0.00039370,157.24000000
2018-02-26 20:29:47,0.00039360,343.26000000
2018-02-26 20:29:58,0.00039390,25.44000000
2018-02-26 20:29:58,0.00039390,10.85000000
2018-02-26 20:29:58,0.00039390,33.00000000
2018-02-26 20:29:58,0.00039390,33.00000000
2018-02-26 20:29:58,0.00039390,19.01000000
2018-02-26 20:29:59,0.00039390,20.00000000
2018-02-26 20:30:02,0.00039400,110.03000000
2018-02-26 20:30:02,0.00039400,5.91000000
2018-02-26 20:30:02,0.00039400,26.75000000
2018-02-26 20:30:03,0.00039390,2.66000000
2018-02-26 20:30:05,0.00039400,23.57000000
2018-02-26 20:30:05,0.00039400,12.74000000
2018-02-26 20:30:06,0.00039400,34.89000000
2018-02-26 20:30:09,0.00039400,20.01000000
2018-02-26 20:30:14,0.00039390,33.69000000
2018-02-26 20:30:14,0.00039360,22.90000000
2018-02-26 20:30:15,0.00039400,299.53000000
2018-02-26 20:30:18,0.00039360,115.03000000
2018-02-26 20:30:41,0.00039360,383.44000000
2018-02-26 20:30:48,0.00039400,10.00000000
2018-02-26 20:30:58,0.00039400,314.95000000
2018-02-26 20:31:05,0.00039370,11.64000000
2018-02-26 20:31:05,0.00039370,21.00000000
2018-02-26 20:31:19,0.00039370,54.53000000
2018-02-26 20:31:24,0.00039370,45.36000000
2018-02-26 20:31:38,0.00039370,143.60000000
2018-02-26 20:31:38,0.00039360,39.40000000
2018-02-26 20:31:40,0.00039360,1375.56000000
2018-02-26 20:31:41,0.00039360,180.00000000
2018-02-26 20:32:02,0.00039390,12.69000000
2018-02-26 20:32:02,0.00039400,80.75000000
2018-02-26 20:32:10,0.00039400,6.56000000
2018-02-26 20:32:11,0.00039400,374.10000000
2018-02-26 20:32:42,0.00039360,34.20000000
2018-02-26 20:32:52,0.00039380,28.72000000
2018-02-26 20:32:55,0.00039380,1.00000000
2018-02-26 20:32:55,0.00039380,93.12000000
2018-02-26 20:33:16,0.00039380,63.64000000
2018-02-26 20:33:20,0.00039380,50.76000000
2018-02-26 20:33:23,0.00039380,2.60000000
2018-02-26 20:33:29,0.00039380,35.68000000
2018-02-26 20:33:38,0.00039380,13.00000000
2018-02-26 20:33:50,0.00039370,305.02000000
2018-02-26 20:33:50,0.00039360,1517.57000000
2018-02-26 20:34:05,0.00039360,27.40000000
2018-02-26 20:34:05,0.00039350,117.10000000
2018-02-26 20:34:13,0.00039360,102.24000000
2018-02-26 20:34:13,0.00039370,2.76000000
2018-02-26 20:34:17,0.00039350,15.62000000
2018-02-26 20:34:17,0.00039320,14.12000000
2018-02-26 20:34:22,0.00039320,38.57000000
2018-02-26 20:34:22,0.00039310,1308.56000000
2018-02-26 20:34:53,0.00039330,10.00000000
2018-02-26 20:34:53,0.00039310,55.13000000
2018-02-26 20:35:14,0.00039310,267.96000000
2018-02-26 20:35:27,0.00039320,225.00000000
2018-02-26 20:35:27,0.00039310,578.88000000
2018-02-26 20:35:28,0.00039310,128.26000000
2018-02-26 20:35:33,0.00039320,5.00000000
2018-02-26 20:35:33,0.00039310,20.00000000
2018-02-26 20:35:37,0.00039320,3.41000000
2018-02-26 20:36:10,0.00039370,44.11000000
2018-02-26 20:36:48,0.00039370,2.55000000
2018-02-26 20:36:50,0.00039320,199.80000000
2018-02-26 20:37:20,0.00039320,18.78000000
2018-02-26 20:37:20,0.00039310,326.82000000
2018-02-26 20:37:24,0.00039310,347.65000000
2018-02-26 20:37:25,0.00039350,25.00000000
2018-02-26 20:37:38,0.00039350,225.00000000
2018-02-26 20:37:38,0.00039360,58.68000000
2018-02-26 20:37:38,0.00039370,212.61000000
2018-02-26 20:37:38,0.00039380,32.50000000
2018-02-26 20:37:38,0.00039380,46.72000000
2018-02-26 20:37:38,0.00039380,25.31000000
2018-02-26 20:37:38,0.00039380,63.60000000
2018-02-26 20:37:39,0.00039390,46.72000000
2018-02-26 20:37:39,0.00039400,9.22000000
2018-02-26 20:37:39,0.00039400,9.22000000
2018-02-26 20:37:41,0.00039380,40.00000000
2018-02-26 20:37:45,0.00039380,20.50000000
2018-02-26 20:37:45,0.00039320,224.00000000
2018-02-26 20:37:45,0.00039310,35.50000000
2018-02-26 20:37:48,0.00039320,10.00000000
2018-02-26 20:37:48,0.00039310,1457.07000000
2018-02-26 20:37:49,0.00039390,8.74000000
2018-02-26 20:37:54,0.00039310,945.69000000
2018-02-26 20:38:02,0.00039310,802.76000000
2018-02-26 20:38:08,0.00039390,639.18000000
2018-02-26 20:38:11,0.00039390,47.53000000
2018-02-26 20:38:19,0.00039400,1.00000000
2018-02-26 20:38:32,0.00039390,713.29000000
2018-02-26 20:39:13,0.00039390,40.52000000
2018-02-26 20:39:14,0.00039390,5.00000000
2018-02-26 20:39:16,0.00039390,5.07000000
2018-02-26 20:39:25,0.00039390,25.00000000
2018-02-26 20:39:29,0.00039320,27.53000000
2018-02-26 20:39:42,0.00039380,28.00000000
2018-02-26 20:39:42,0.00039380,3.00000000
2018-02-26 20:39:52,0.00039390,25.38000000
2018-02-26 20:39:55,0.00039380,3.76000000
2018-02-26 20:39:55,0.00039350,39.11000000
2018-02-26 20:40:08,0.00039340,20.02000000
2018-02-26 20:40:28,0.00039340,623.50000000
2018-02-26 20:40:30,0.00039340,94.17000000
2018-02-26 20:40:30,0.00039320,96.22000000
2018-02-26 20:40:30,0.00039310,203.98000000
2018-02-26 20:40:45,0.00039310,318.94000000
2018-02-26 20:40:48,0.00039310,10.47000000
2018-02-26 20:40:58,0.00039320,0.06000000
2018-02-26 20:41:02,0.00039320,12.74000000
2018-02-26 20:41:02,0.00039320,150.51000000
2018-02-26 20:41:07,0.00039310,500.23000000
2018-02-26 20:41:13,0.00039320,5.12000000
2018-02-26 20:41:13,0.00039320,172.12000000
2018-02-26 20:41:14,0.00039320,20.01000000
2018-02-26 20:41:19,0.00039310,42.51000000
2018-02-26 20:41:22,0.00039320,2.00000000
2018-02-26 20:41:29,0.00039320,123.17000000
2018-02-26 20:41:35,0.00039310,150.53000000
2018-02-26 20:41:36,0.00039310,300.20000000
2018-02-26 20:41:45,0.00039310,1467.08000000
2018-02-26 20:41:51,0.00039310,931.43000000
2018-02-26 20:41:53,0.00039310,1207.61000000
2018-02-26 20:41:53,0.00039300,1716.39000000
2018-02-26 20:41:53,0.00039290,753.79000000
2018-02-26 20:41:56,0.00039300,440.26000000
2018-02-26 20:41:58,0.00039290,71.12000000
2018-02-26 20:42:01,0.00039300,92.92000000
2018-02-26 20:42:01,0.00039290,93.59000000
2018-02-26 20:42:18,0.00039300,12.00000000
2018-02-26 20:42:19,0.00039290,285.06000000
2018-02-26 20:42:19,0.00039280,154.17000000
2018-02-26 20:42:26,0.00039280,244.01000000
2018-02-26 20:42:26,0.00039270,100.67000000
2018-02-26 20:42:30,0.00039300,7.55000000
2018-02-26 20:42:33,0.00039270,65.90000000
2018-02-26 20:42:36,0.00039270,35.65000000
2018-02-26 20:42:38,0.00039270,97.78000000
2018-02-26 20:42:53,0.00039270,4.64000000
2018-02-26 20:42:56,0.00039270,40.87000000
2018-02-26 20:43:03,0.00039270,31.87000000
2018-02-26 20:43:07,0.00039260,13.00000000
2018-02-26 20:43:16,0.00039260,37.00000000
2018-02-26 20:43:16,0.00039250,800.00000000
2018-02-26 20:43:26,0.00039240,87.53000000
2018-02-26 20:43:29,0.00039240,2.05000000
2018-02-26 20:43:30,0.00039240,243.42000000
2018-02-26 20:43:30,0.00039230,250.00000000
2018-02-26 20:43:30,0.00039220,250.00000000
2018-02-26 20:43:30,0.00039220,252.78000000
2018-02-26 20:43:31,0.00039220,8.00000000
2018-02-26 20:43:34,0.00039220,50.00000000
2018-02-26 20:43:37,0.00039220,250.00000000
2018-02-26 20:43:37,0.00039220,260.85000000
2018-02-26 20:43:40,0.00039230,20.00000000
2018-02-26 20:43:47,0.00039250,35.68000000
2018-02-26 20:44:00,0.00039250,12.74000000
2018-02-26 20:44:01,0.00039230,33.77000000
2018-02-26 20:44:08,0.00039230,694.44000000
2018-02-26 20:44:23,0.00039250,46.78000000
2018-02-26 20:44:24,0.00039250,67.79000000
2018-02-26 20:44:30,0.00039250,25.96000000
2018-02-26 20:44:30,0.00039250,6.51000000
2018-02-26 20:44:30,0.00039270,14.49000000
2018-02-26 20:44:32,0.00039250,61.67000000
2018-02-26 20:44:37,0.00039250,25.47000000
2018-02-26 20:44:40,0.00039250,138.75000000
2018-02-26 20:44:41,0.00039250,28.95000000
2018-02-26 20:44:45,0.00039270,4.47000000
2018-02-26 20:44:46,0.00039270,16.13000000
2018-02-26 20:44:46,0.00039250,59.11000000
2018-02-26 20:44:55,0.00039250,18.72000000
2018-02-26 20:45:00,0.00039250,37.30000000
2018-02-26 20:45:22,0.00039270,12.74000000
2018-02-26 20:45:29,0.00039250,3.55000000
2018-02-26 20:45:30,0.00039270,7.26000000
2018-02-26 20:45:30,0.00039280,13.25000000
2018-02-26 20:45:32,0.00039280,124.56000000
2018-02-26 20:45:32,0.00039280,100.00000000
2018-02-26 20:45:40,0.00039250,10.00000000
2018-02-26 20:45:44,0.00039280,128.59000000
2018-02-26 20:45:45,0.00039250,35.00000000
2018-02-26 20:45:52,0.00039250,67.94000000
2018-02-26 20:46:00,0.00039250,29.74000000
2018-02-26 20:46:02,0.00039250,66.09000000
2018-02-26 20:46:16,0.00039250,118.18000000
2018-02-26 20:46:24,0.00039250,0.09000000
2018-02-26 20:46:27,0.00039250,49.75000000
2018-02-26 20:46:27,0.00039280,133.60000000
2018-02-26 20:46:42,0.00039280,23.74000000
2018-02-26 20:46:50,0.00039290,5.00000000
2018-02-26 20:46:51,0.00039280,128.96000000
2018-02-26 20:47:18,0.00039280,100.00000000
2018-02-26 20:47:34,0.00039280,157.00000000
2018-02-26 20:47:34,0.00039250,600.94000000
2018-02-26 20:47:38,0.00039230,15.09000000
2018-02-26 20:47:55,0.00039230,244.11000000
2018-02-26 20:47:58,0.00039230,50.00000000
2018-02-26 20:48:00,0.00039230,37.16000000
2018-02-26 20:48:01,0.00039250,50.00000000
2018-02-26 20:48:06,0.00039250,7.38000000
2018-02-26 20:48:13,0.00039250,5.15000000
2018-02-26 20:48:15,0.00039250,249.90000000
2018-02-26 20:48:15,0.00039250,81.62000000
2018-02-26 20:48:16,0.00039250,206.09000000
2018-02-26 20:48:28,0.00039240,6.26000000
2018-02-26 20:48:35,0.00039250,12.74000000
2018-02-26 20:48:37,0.00039250,75.71000000
2018-02-26 20:48:38,0.00039250,50.00000000
2018-02-26 20:48:41,0.00039250,12.74000000
2018-02-26 20:48:46,0.00039250,594.00000000
2018-02-26 20:48:48,0.00039250,22.00000000
2018-02-26 20:48:57,0.00039240,3.06000000
2018-02-26 20:49:04,0.00039250,4.87000000
2018-02-26 20:49:16,0.00039250,68.11000000
2018-02-26 20:49:18,0.00039250,50.00000000
2018-02-26 20:49:31,0.00039260,25.47000000
2018-02-26 20:49:41,0.00039260,6.92000000
2018-02-26 20:49:49,0.00039260,200.00000000
2018-02-26 20:50:14,0.00039250,14.12000000
2018-02-26 20:50:18,0.00039260,63.67000000
2018-02-26 20:50:21,0.00039260,12.74000000
2018-02-26 20:50:32,0.00039250,4.29000000
2018-02-26 20:50:33,0.00039250,19.12000000
2018-02-26 20:50:37,0.00039250,4.29000000
2018-02-26 20:50:37,0.00039250,4.29000000
2018-02-26 20:50:37,0.00039250,4.29000000
2018-02-26 20:50:37,0.00039250,315.73000000
2018-02-26 20:50:49,0.00039260,307.43000000
2018-02-26 20:50:52,0.00039250,4.07000000
2018-02-26 20:51:07,0.00039250,100.00000000
2018-02-26 20:51:21,0.00039280,373.81000000
2018-02-26 20:51:21,0.00039290,28.00000000
2018-02-26 20:51:21,0.00039290,25.34000000
2018-02-26 20:51:21,0.00039290,141.33000000
2018-02-26 20:51:21,0.00039290,25.35000000
2018-02-26 20:51:21,0.00039290,38.77000000
2018-02-26 20:51:21,0.00039290,64.11000000
2018-02-26 20:51:22,0.00039280,25.35000000
2018-02-26 20:51:40,0.00039290,29.99000000
2018-02-26 20:51:40,0.00039280,10.00000000
2018-02-26 20:51:40,0.00039300,43.14000000
2018-02-26 20:51:44,0.00039300,403.62000000
2018-02-26 20:51:44,0.00039310,340.52000000
2018-02-26 20:51:44,0.00039320,300.00000000
2018-02-26 20:51:44,0.00039330,501.08000000
2018-02-26 20:51:48,0.00039330,41.26000000
2018-02-26 20:51:48,0.00039340,87.25000000
2018-02-26 20:51:52,0.00039340,385.44000000
2018-02-26 20:52:01,0.00039300,9.77000000
2018-02-26 20:52:01,0.00039290,223.34000000
2018-02-26 20:52:01,0.00039280,488.18000000
2018-02-26 20:52:01,0.00039250,159.65000000
2018-02-26 20:52:01,0.00039240,20.52000000
2018-02-26 20:52:01,0.00039230,98.78000000
2018-02-26 20:52:04,0.00039330,75.65000000
2018-02-26 20:52:07,0.00039240,10.00000000
2018-02-26 20:52:53,0.00039310,12.70000000
2018-02-26 20:52:53,0.00039320,6.91000000
2018-02-26 20:52:53,0.00039340,55.59000000
2018-02-26 20:52:56,0.00039250,17.53000000
2018-02-26 20:52:56,0.00039240,142.50000000
2018-02-26 20:52:56,0.00039230,54.31000000
2018-02-26 20:53:01,0.00039240,30.00000000
2018-02-26 20:53:39,0.00039330,236.40000000
2018-02-26 20:53:39,0.00039340,271.40000000
2018-02-26 20:53:44,0.00039260,297.24000000
2018-02-26 20:53:45,0.00039260,234.61000000
2018-02-26 20:53:45,0.00039250,388.56000000
2018-02-26 20:54:02,0.00039260,80.00000000
2018-02-26 20:54:06,0.00039260,22.79000000
2018-02-26 20:54:24,0.00039260,4.55000000
2018-02-26 20:54:24,0.00039250,95.45000000
2018-02-26 20:54:27,0.00039330,17.53000000
2018-02-26 20:54:35,0.00039330,32.36000000
2018-02-26 20:54:35,0.00039260,112.47000000
2018-02-26 20:54:35,0.00039250,13.30000000
2018-02-26 20:54:44,0.00039330,83.91000000
2018-02-26 20:54:44,0.00039340,482.87000000
2018-02-26 20:54:44,0.00039350,686.17000000
2018-02-26 20:54:48,0.00039260,38.77000000
2018-02-26 20:54:51,0.00039350,40.00000000
2018-02-26 20:54:54,0.00039350,1.00000000
2018-02-26 20:54:57,0.00039260,102.56000000
2018-02-26 20:55:14,0.00039350,40.00000000
2018-02-26 20:55:16,0.00039350,5.59000000
2018-02-26 20:55:27,0.00039350,510.00000000
2018-02-26 20:55:32,0.00039270,64.11000000
2018-02-26 20:55:42,0.00039280,12.73000000
2018-02-26 20:55:42,0.00039270,41.08000000
2018-02-26 20:56:05,0.00039310,197.56000000
2018-02-26 20:56:23,0.00039340,8.00000000
2018-02-26 20:56:26,0.00039320,112.46000000
2018-02-26 20:56:40,0.00039350,8.56000000
2018-02-26 20:56:46,0.00039350,7.49000000
2018-02-26 20:56:48,0.00039330,100.00000000
2018-02-26 20:56:52,0.00039350,62.40000000
2018-02-26 20:56:53,0.00039350,30.06000000
2018-02-26 20:56:53,0.00039360,883.00000000
2018-02-26 20:57:00,0.00039370,751.00000000
2018-02-26 20:57:00,0.00039380,250.00000000
2018-02-26 20:57:09,0.00039390,1503.82000000
2018-02-26 20:57:11,0.00039370,510.00000000
2018-02-26 20:57:33,0.00039390,13.25000000
2018-02-26 20:57:33,0.00039410,12.97000000
2018-02-26 20:57:33,0.00039420,32.66000000
2018-02-26 20:57:35,0.00039410,15.14000000
2018-02-26 20:57:36,0.00039390,9.55000000
2018-02-26 20:57:36,0.00039370,40.45000000
2018-02-26 20:57:36,0.00039370,0.01000000
2018-02-26 20:57:45,0.00039370,5.00000000
2018-02-26 20:58:10,0.00039390,19.24000000
2018-02-26 20:58:10,0.00039370,48.83000000
2018-02-26 20:58:30,0.00039400,297.25000000
2018-02-26 20:58:42,0.00039400,159.37000000
2018-02-26 20:58:47,0.00039400,89.77000000
2018-02-26 20:58:48,0.00039400,50.00000000
2018-02-26 20:59:09,0.00039410,14.54000000
2018-02-26 20:59:10,0.00039410,14.64000000
2018-02-26 20:59:11,0.00039420,250.00000000
2018-02-26 20:59:18,0.00039430,50.00000000
2018-02-26 20:59:19,0.00039450,96.01000000
2018-02-26 20:59:23,0.00039430,8.97000000
2018-02-26 20:59:28,0.00039430,66.95000000
2018-02-26 20:59:29,0.00039450,48.95000000
2018-02-26 20:59:30,0.00039450,2.10000000
2018-02-26 20:59:37,0.00039450,6.37000000
2018-02-26 20:59:37,0.00039460,20.60000000
2018-02-26 20:59:37,0.00039450,89.77000000
2018-02-26 20:59:38,0.00039460,479.40000000
2018-02-26 20:59:43,0.00039460,20.71000000
2018-02-26 20:59:43,0.00039500,373.47000000
2018-02-26 20:59:43,0.00039520,1111.16000000
2018-02-26 20:59:44,0.00039520,15.37000000
2018-02-26 20:59:44,0.00039460,15.36000000
2018-02-26 20:59:44,0.00039460,162.37000000
2018-02-26 20:59:46,0.00039470,10.31000000
2018-02-26 20:59:48,0.00039470,22.69000000
2018-02-26 20:59:49,0.00039470,117.70000000
2018-02-26 20:59:49,0.00039520,15.37000000
2018-02-26 20:59:49,0.00039530,39.13000000
2018-02-26 20:59:53,0.00039530,0.15000000
2018-02-26 20:59:55,0.00039480,5.75000000
2018-02-26 20:59:56,0.00039520,144.00000000
2018-02-26 20:59:56,0.00039530,1688.34000000
2018-02-26 20:59:56,0.00039530,139.72000000
2018-02-26 20:59:56,0.00039530,27.94000000
2018-02-26 20:59:56,0.00039480,139.72000000
2018-02-26 20:59:56,0.00039480,25.29000000
2018-02-26 20:59:57,0.00039480,6.33000000
