DATE,PRICE,VOLUME
2018-02-26 05:00:00,0.00043600,16.49000000
2018-02-26 05:00:00,0.00043600,16.49000000
2018-02-26 05:00:00,0.00043600,7.42000000
2018-02-26 05:00:00,0.00043600,67.01000000
2018-02-26 05:00:00,0.00043600,106.62000000
2018-02-26 05:00:01,0.00043620,183.70000000
2018-02-26 05:00:02,0.00043600,34.53000000
2018-02-26 05:00:02,0.00043620,33.85000000
2018-02-26 05:00:02,0.00043600,48.50000000
2018-02-26 05:00:02,0.00043600,98.37000000
2018-02-26 05:00:03,0.00043620,3.66000000
2018-02-26 05:00:03,0.00043620,29.66000000
2018-02-26 05:00:03,0.00043620,0.04000000
2018-02-26 05:00:03,0.00043610,29.65000000
2018-02-26 05:00:03,0.00043620,614.39000000
2018-02-26 05:00:03,0.00043610,0.82000000
2018-02-26 05:00:04,0.00043610,4.04000000
2018-02-26 05:00:05,0.00043610,6.08000000
2018-02-26 05:00:06,0.00043640,69.25000000
2018-02-26 05:00:06,0.00043620,4.04000000
2018-02-26 05:00:06,0.00043620,30.67000000
2018-02-26 05:00:06,0.00043640,75.74000000
2018-02-26 05:00:06,0.00043650,43.16000000
2018-02-26 05:00:06,0.00043620,30.67000000
2018-02-26 05:00:07,0.00043620,196.56000000
2018-02-26 05:00:07,0.00043650,51.10000000
2018-02-26 05:00:08,0.00043610,24.98000000
2018-02-26 05:00:08,0.00043610,12.51000000
2018-02-26 05:00:09,0.00043610,3.60000000
2018-02-26 05:00:11,0.00043640,127.00000000
2018-02-26 05:00:11,0.00043650,114.72000000
2018-02-26 05:00:11,0.00043650,39.00000000
2018-02-26 05:00:11,0.00043650,5.78000000
2018-02-26 05:00:13,0.00043650,100.00000000
2018-02-26 05:00:13,0.00043660,242.21000000
2018-02-26 05:00:14,0.00043650,79.97000000
2018-02-26 05:00:14,0.00043650,136.77000000
2018-02-26 05:00:14,0.00043660,27.30000000
2018-02-26 05:00:14,0.00043660,25.30000000
2018-02-26 05:00:14,0.00043670,16.50000000
2018-02-26 05:00:14,0.00043680,408.26000000
2018-02-26 05:00:15,0.00043680,242.00000000
2018-02-26 05:00:15,0.00043680,1240.00000000
2018-02-26 05:00:15,0.00043680,2148.63000000
2018-02-26 05:00:16,0.00043680,408.39000000
2018-02-26 05:00:16,0.00043680,154.99000000
2018-02-26 05:00:16,0.00043700,90.49000000
2018-02-26 05:00:16,0.00043700,12.73000000
2018-02-26 05:00:16,0.00043700,15.65000000
2018-02-26 05:00:17,0.00043700,19.50000000
2018-02-26 05:00:18,0.00043710,14.84000000
2018-02-26 05:00:18,0.00043710,98.56000000
2018-02-26 05:00:19,0.00043700,45.67000000
2018-02-26 05:00:19,0.00043700,0.02000000
2018-02-26 05:00:19,0.00043700,119.98000000
2018-02-26 05:00:19,0.00043710,72.25000000
2018-02-26 05:00:20,0.00043710,14.35000000
2018-02-26 05:00:20,0.00043730,70.95000000
2018-02-26 05:00:20,0.00043740,130.27000000
2018-02-26 05:00:21,0.00043710,19.23000000
2018-02-26 05:00:21,0.00043710,619.38000000
2018-02-26 05:00:22,0.00043710,882.37000000
2018-02-26 05:00:22,0.00043740,70.60000000
2018-02-26 05:00:22,0.00043750,3.47000000
2018-02-26 05:00:22,0.00043760,24.12000000
2018-02-26 05:00:22,0.00043770,39.34000000
2018-02-26 05:00:24,0.00043750,10.00000000
2018-02-26 05:00:24,0.00043770,52.23000000
2018-02-26 05:00:25,0.00043700,19.44000000
2018-02-26 05:00:25,0.00043700,4.04000000
2018-02-26 05:00:25,0.00043700,52.85000000
2018-02-26 05:00:26,0.00043700,1134.06000000
2018-02-26 05:00:26,0.00043700,454.27000000
2018-02-26 05:00:26,0.00043700,178.66000000
2018-02-26 05:00:26,0.00043750,192.23000000
2018-02-26 05:00:26,0.00043770,528.38000000
2018-02-26 05:00:26,0.00043780,10.00000000
2018-02-26 05:00:26,0.00043790,4571.18000000
2018-02-26 05:00:26,0.00043800,1641.66000000
2018-02-26 05:00:26,0.00043770,11.38000000
2018-02-26 05:00:26,0.00043770,64.59000000
2018-02-26 05:00:26,0.00043710,11.49000000
2018-02-26 05:00:27,0.00043710,44.00000000
2018-02-26 05:00:27,0.00043800,207.20000000
2018-02-26 05:00:27,0.00043710,159.50000000
2018-02-26 05:00:27,0.00043780,1409.47000000
2018-02-26 05:00:27,0.00043800,376.63000000
2018-02-26 05:00:27,0.00043810,165.60000000
2018-02-26 05:00:27,0.00043830,257.33000000
2018-02-26 05:00:27,0.00043840,42.83000000
2018-02-26 05:00:27,0.00043850,2022.01000000
2018-02-26 05:00:27,0.00043850,41.58000000
2018-02-26 05:00:27,0.00043850,886.45000000
2018-02-26 05:00:27,0.00043850,1234.93000000
2018-02-26 05:00:27,0.00043850,7.50000000
2018-02-26 05:00:27,0.00043850,68.40000000
2018-02-26 05:00:27,0.00043850,184.07000000
2018-02-26 05:00:27,0.00043850,7.49000000
2018-02-26 05:00:27,0.00043850,3.36000000
2018-02-26 05:00:27,0.00043850,184.29000000
2018-02-26 05:00:27,0.00043850,59.92000000
2018-02-26 05:00:27,0.00043850,1679.03000000
2018-02-26 05:00:27,0.00043850,12.60000000
2018-02-26 05:00:27,0.00043850,19.19000000
2018-02-26 05:00:27,0.00043850,8.00000000
2018-02-26 05:00:27,0.00043850,6.15000000
2018-02-26 05:00:27,0.00043850,14.10000000
2018-02-26 05:00:27,0.00043850,17.63000000
2018-02-26 05:00:27,0.00043850,161.77000000
2018-02-26 05:00:27,0.00043850,243.56000000
2018-02-26 05:00:28,0.00043850,886.11000000
2018-02-26 05:00:28,0.00043700,60.91000000
2018-02-26 05:00:28,0.00043770,435.76000000
2018-02-26 05:00:29,0.00043740,306.64000000
2018-02-26 05:00:29,0.00043700,16.98000000
2018-02-26 05:00:29,0.00043700,31.00000000
2018-02-26 05:00:30,0.00043700,7.49000000
2018-02-26 05:00:31,0.00043700,160.73000000
2018-02-26 05:00:32,0.00043700,282.19000000
2018-02-26 05:00:32,0.00043740,4822.00000000
2018-02-26 05:00:32,0.00043780,1409.47000000
2018-02-26 05:00:32,0.00043800,63.99000000
2018-02-26 05:00:32,0.00043800,18.85000000
2018-02-26 05:00:32,0.00043800,4.77000000
2018-02-26 05:00:32,0.00043800,4.04000000
2018-02-26 05:00:32,0.00043800,205.06000000
2018-02-26 05:00:33,0.00043800,209.68000000
2018-02-26 05:00:33,0.00043800,4.24000000
2018-02-26 05:00:33,0.00043800,13.13000000
2018-02-26 05:00:34,0.00043800,114.98000000
2018-02-26 05:00:34,0.00043810,144.19000000
2018-02-26 05:00:34,0.00043810,5.76000000
2018-02-26 05:00:35,0.00043800,20.12000000
2018-02-26 05:00:35,0.00043800,24.82000000
2018-02-26 05:00:35,0.00043800,24.23000000
2018-02-26 05:00:35,0.00043800,20.39000000
2018-02-26 05:00:36,0.00043810,93.75000000
2018-02-26 05:00:36,0.00043810,81.40000000
2018-02-26 05:00:37,0.00043810,24.82000000
2018-02-26 05:00:37,0.00043810,761.13000000
2018-02-26 05:00:38,0.00043810,281.55000000
2018-02-26 05:00:39,0.00043800,245.65000000
2018-02-26 05:00:39,0.00043810,110.64000000
2018-02-26 05:00:40,0.00043820,3.76000000
2018-02-26 05:00:42,0.00043820,6.24000000
2018-02-26 05:00:42,0.00043850,68.00000000
2018-02-26 05:00:42,0.00043880,18.57000000
2018-02-26 05:00:42,0.00043820,12.58000000
2018-02-26 05:00:44,0.00043820,32.37000000
2018-02-26 05:00:45,0.00043850,246.27000000
2018-02-26 05:00:45,0.00043850,246.06000000
2018-02-26 05:00:45,0.00043850,12.59000000
2018-02-26 05:00:46,0.00043850,39.44000000
2018-02-26 05:00:46,0.00043870,4.61000000
2018-02-26 05:00:46,0.00043850,5.00000000
2018-02-26 05:00:46,0.00043850,20.39000000
2018-02-26 05:00:47,0.00043870,27.39000000
2018-02-26 05:00:47,0.00043880,608.46000000
2018-02-26 05:00:47,0.00043890,8.15000000
2018-02-26 05:00:48,0.00043890,25.00000000
2018-02-26 05:00:48,0.00043850,213.51000000
2018-02-26 05:00:48,0.00043850,557.58000000
2018-02-26 05:00:48,0.00043850,8.88000000
2018-02-26 05:00:48,0.00043850,1.00000000
2018-02-26 05:00:50,0.00043850,114.87000000
2018-02-26 05:00:52,0.00043850,6.04000000
2018-02-26 05:00:52,0.00043880,230.00000000
2018-02-26 05:00:52,0.00043890,9.24000000
2018-02-26 05:00:52,0.00043900,1470.88000000
2018-02-26 05:00:52,0.00043900,1459.36000000
2018-02-26 05:00:52,0.00043850,11.44000000
2018-02-26 05:00:53,0.00043850,356.99000000
2018-02-26 05:00:53,0.00043850,15.91000000
2018-02-26 05:00:53,0.00043820,7.45000000
2018-02-26 05:00:54,0.00043820,411.63000000
2018-02-26 05:00:54,0.00043880,148.92000000
2018-02-26 05:00:55,0.00043850,19.42000000
2018-02-26 05:00:55,0.00043820,19.42000000
2018-02-26 05:00:55,0.00043820,19.41000000
2018-02-26 05:00:55,0.00043820,62.57000000
2018-02-26 05:00:55,0.00043820,27.27000000
2018-02-26 05:00:55,0.00043820,19.42000000
2018-02-26 05:00:56,0.00043850,19.42000000
2018-02-26 05:00:56,0.00043880,568.87000000
2018-02-26 05:00:56,0.00043850,92.43000000
2018-02-26 05:00:56,0.00043870,186.00000000
2018-02-26 05:00:56,0.00043870,29.00000000
2018-02-26 05:00:56,0.00043880,169.32000000
2018-02-26 05:00:57,0.00043880,105.61000000
2018-02-26 05:00:57,0.00043880,40.77000000
2018-02-26 05:00:57,0.00043880,1116.54000000
2018-02-26 05:00:58,0.00043880,287.73000000
2018-02-26 05:00:58,0.00043850,127.50000000
2018-02-26 05:00:58,0.00043820,291.06000000
2018-02-26 05:00:58,0.00043810,52.81000000
2018-02-26 05:00:58,0.00043800,137.07000000
2018-02-26 05:00:58,0.00043770,2.92000000
2018-02-26 05:00:58,0.00043760,186.51000000
2018-02-26 05:00:58,0.00043750,144.20000000
2018-02-26 05:00:58,0.00043750,310.99000000
2018-02-26 05:00:58,0.00043750,103.70000000
2018-02-26 05:00:58,0.00043750,17.58000000
2018-02-26 05:00:58,0.00043850,50.72000000
2018-02-26 05:00:59,0.00043850,279.03000000
2018-02-26 05:01:00,0.00043760,2.51000000
2018-02-26 05:01:00,0.00043790,329.03000000
2018-02-26 05:01:00,0.00043800,6.86000000
2018-02-26 05:01:00,0.00043740,20.07000000
2018-02-26 05:01:01,0.00043800,148.37000000
2018-02-26 05:01:01,0.00043800,588.10000000
2018-02-26 05:01:01,0.00043800,4.77000000
2018-02-26 05:01:02,0.00043800,2.45000000
2018-02-26 05:01:02,0.00043720,7.02000000
2018-02-26 05:01:02,0.00043730,512.72000000
2018-02-26 05:01:02,0.00043720,10.67000000
2018-02-26 05:01:02,0.00043730,4.15000000
2018-02-26 05:01:03,0.00043720,54.23000000
2018-02-26 05:01:03,0.00043730,4.63000000
2018-02-26 05:01:05,0.00043730,10.50000000
2018-02-26 05:01:05,0.00043730,26.78000000
2018-02-26 05:01:05,0.00043730,57.82000000
2018-02-26 05:01:06,0.00043730,128.94000000
2018-02-26 05:01:06,0.00043720,208.62000000
2018-02-26 05:01:06,0.00043690,19.54000000
2018-02-26 05:01:06,0.00043640,7.03000000
2018-02-26 05:01:06,0.00043620,47.18000000
2018-02-26 05:01:06,0.00043600,1.25000000
2018-02-26 05:01:06,0.00043720,928.39000000
2018-02-26 05:01:06,0.00043790,299.61000000
2018-02-26 05:01:06,0.00043600,18.02000000
2018-02-26 05:01:06,0.00043580,7.42000000
2018-02-26 05:01:06,0.00043520,24.84000000
2018-02-26 05:01:07,0.00043790,1.86000000
2018-02-26 05:01:07,0.00043800,2.76000000
2018-02-26 05:01:07,0.00043780,432.04000000
2018-02-26 05:01:07,0.00043800,517.96000000
2018-02-26 05:01:07,0.00043610,41.26000000
2018-02-26 05:01:07,0.00043540,299.61000000
2018-02-26 05:01:07,0.00043530,859.13000000
2018-02-26 05:01:07,0.00043750,2.00000000
2018-02-26 05:01:07,0.00043700,8.99000000
2018-02-26 05:01:09,0.00043700,8.49000000
2018-02-26 05:01:09,0.00043700,4.94000000
2018-02-26 05:01:10,0.00043700,28.35000000
2018-02-26 05:01:11,0.00043700,9.33000000
2018-02-26 05:01:11,0.00043700,292.35000000
2018-02-26 05:01:11,0.00043700,393.10000000
2018-02-26 05:01:11,0.00043700,189.46000000
2018-02-26 05:01:11,0.00043630,11.47000000
2018-02-26 05:01:11,0.00043620,1.11000000
2018-02-26 05:01:11,0.00043620,10.35000000
2018-02-26 05:01:11,0.00043600,120.09000000
2018-02-26 05:01:11,0.00043560,13.61000000
2018-02-26 05:01:13,0.00043700,23.00000000
2018-02-26 05:01:14,0.00043630,12.08000000
2018-02-26 05:01:15,0.00043590,0.16000000
2018-02-26 05:01:15,0.00043590,30.31000000
2018-02-26 05:01:15,0.00043580,96.35000000
2018-02-26 05:01:15,0.00043580,5.77000000
2018-02-26 05:01:15,0.00043580,5.77000000
2018-02-26 05:01:15,0.00043580,2.49000000
2018-02-26 05:01:15,0.00043580,5.78000000
2018-02-26 05:01:15,0.00043580,11.47000000
2018-02-26 05:01:15,0.00043580,62.97000000
2018-02-26 05:01:15,0.00043580,11.47000000
2018-02-26 05:01:15,0.00043580,23.73000000
2018-02-26 05:01:16,0.00043580,28.17000000
2018-02-26 05:01:16,0.00043580,101.23000000
2018-02-26 05:01:17,0.00043580,20.26000000
2018-02-26 05:01:17,0.00043580,167.77000000
2018-02-26 05:01:17,0.00043630,0.01000000
2018-02-26 05:01:17,0.00043690,22.87000000
2018-02-26 05:01:18,0.00043690,13.69000000
2018-02-26 05:01:18,0.00043690,8.57000000
2018-02-26 05:01:19,0.00043570,213.00000000
2018-02-26 05:01:19,0.00043560,782.70000000
2018-02-26 05:01:20,0.00043560,90.64000000
2018-02-26 05:01:20,0.00043560,169.59000000
2018-02-26 05:01:21,0.00043560,5.80000000
2018-02-26 05:01:21,0.00043550,5.08000000
2018-02-26 05:01:21,0.00043520,131.86000000
2018-02-26 05:01:21,0.00043560,3356.96000000
2018-02-26 05:01:23,0.00043600,2.55000000
2018-02-26 05:01:24,0.00043600,12.08000000
2018-02-26 05:01:24,0.00043600,33.12000000
2018-02-26 05:01:24,0.00043570,11.48000000
2018-02-26 05:01:24,0.00043560,498.70000000
2018-02-26 05:01:24,0.00043590,33.24000000
2018-02-26 05:01:24,0.00043590,11.47000000
2018-02-26 05:01:25,0.00043560,148.22000000
2018-02-26 05:01:25,0.00043590,484.47000000
2018-02-26 05:01:25,0.00043600,165.25000000
2018-02-26 05:01:25,0.00043610,157.82000000
2018-02-26 05:01:25,0.00043560,18.46000000
2018-02-26 05:01:25,0.00043590,33.17000000
2018-02-26 05:01:25,0.00043560,378.19000000
2018-02-26 05:01:26,0.00043680,10.00000000
2018-02-26 05:01:26,0.00043690,169.00000000
2018-02-26 05:01:26,0.00043600,475.86000000
2018-02-26 05:01:26,0.00043600,38.56000000
2018-02-26 05:01:27,0.00043690,0.16000000
2018-02-26 05:01:29,0.00043700,402.84000000
2018-02-26 05:01:29,0.00043730,363.61000000
2018-02-26 05:01:29,0.00043760,1238.75000000
2018-02-26 05:01:30,0.00043680,29.86000000
2018-02-26 05:01:30,0.00043750,37.21000000
2018-02-26 05:01:30,0.00043700,176.34000000
2018-02-26 05:01:30,0.00043700,11.56000000
2018-02-26 05:01:30,0.00043700,3.64000000
2018-02-26 05:01:30,0.00043700,45.17000000
2018-02-26 05:01:31,0.00043700,3.58000000
2018-02-26 05:01:31,0.00043700,3.57000000
2018-02-26 05:01:31,0.00043700,3.18000000
2018-02-26 05:01:31,0.00043700,20.79000000
2018-02-26 05:01:31,0.00043700,40.27000000
2018-02-26 05:01:31,0.00043700,130.26000000
2018-02-26 05:01:32,0.00043640,34.21000000
2018-02-26 05:01:32,0.00043690,6.50000000
2018-02-26 05:01:32,0.00043700,20.81000000
2018-02-26 05:01:33,0.00043640,103.87000000
2018-02-26 05:01:34,0.00043700,5.60000000
2018-02-26 05:01:37,0.00043700,20.30000000
2018-02-26 05:01:37,0.00043740,25.03000000
2018-02-26 05:01:37,0.00043630,273.39000000
2018-02-26 05:01:37,0.00043630,4.08000000
2018-02-26 05:01:37,0.00043630,7.44000000
2018-02-26 05:01:38,0.00043690,11.48000000
2018-02-26 05:01:38,0.00043700,142.50000000
2018-02-26 05:01:39,0.00043700,7.34000000
2018-02-26 05:01:39,0.00043700,11.46000000
2018-02-26 05:01:39,0.00043700,6.49000000
2018-02-26 05:01:39,0.00043700,28.17000000
2018-02-26 05:01:39,0.00043700,2.47000000
2018-02-26 05:01:41,0.00043700,621.87000000
2018-02-26 05:01:41,0.00043630,16.56000000
2018-02-26 05:01:41,0.00043620,74.12000000
2018-02-26 05:01:42,0.00043710,113.00000000
2018-02-26 05:01:42,0.00043750,73.98000000
2018-02-26 05:01:42,0.00043770,24.38000000
2018-02-26 05:01:42,0.00043790,18.46000000
2018-02-26 05:01:42,0.00043800,1195.11000000
2018-02-26 05:01:42,0.00043800,53.33000000
2018-02-26 05:01:42,0.00043800,67.43000000
2018-02-26 05:01:42,0.00043800,46.96000000
2018-02-26 05:01:42,0.00043800,74.45000000
2018-02-26 05:01:42,0.00043800,111.13000000
2018-02-26 05:01:42,0.00043800,390.32000000
2018-02-26 05:01:42,0.00043800,68.48000000
2018-02-26 05:01:42,0.00043800,6.48000000
2018-02-26 05:01:42,0.00043800,11.47000000
2018-02-26 05:01:42,0.00043800,63.50000000
2018-02-26 05:01:43,0.00043800,20.00000000
2018-02-26 05:01:43,0.00043800,3.27000000
2018-02-26 05:01:43,0.00043800,11.47000000
2018-02-26 05:01:45,0.00043810,284.91000000
2018-02-26 05:01:45,0.00043820,38.54000000
2018-02-26 05:01:45,0.00043820,7.86000000
2018-02-26 05:01:48,0.00043820,29.60000000
2018-02-26 05:01:48,0.00043830,70.00000000
2018-02-26 05:01:48,0.00043840,776.00000000
2018-02-26 05:01:48,0.00043850,303.91000000
2018-02-26 05:01:48,0.00043860,173.62000000
2018-02-26 05:01:48,0.00043880,3632.65000000
2018-02-26 05:01:48,0.00043810,7.29000000
2018-02-26 05:01:49,0.00043810,110.95000000
2018-02-26 05:01:49,0.00043810,62.52000000
2018-02-26 05:01:49,0.00043800,70.57000000
2018-02-26 05:01:49,0.00043840,31.75000000
2018-02-26 05:01:49,0.00043840,10.00000000
2018-02-26 05:01:50,0.00043840,4.03000000
2018-02-26 05:01:50,0.00043840,6.92000000
2018-02-26 05:01:51,0.00043840,5.12000000
2018-02-26 05:01:52,0.00043870,62.91000000
2018-02-26 05:01:53,0.00043850,242.34000000
2018-02-26 05:01:54,0.00043820,3.15000000
2018-02-26 05:01:54,0.00043800,0.57000000
2018-02-26 05:01:54,0.00043850,23.68000000
2018-02-26 05:01:55,0.00043800,137.39000000
2018-02-26 05:01:55,0.00043850,308.40000000
2018-02-26 05:01:55,0.00043870,28.46000000
2018-02-26 05:01:56,0.00043800,10.00000000
2018-02-26 05:01:56,0.00043800,27.28000000
2018-02-26 05:01:56,0.00043870,76.66000000
2018-02-26 05:01:56,0.00043800,319.72000000
2018-02-26 05:01:57,0.00043840,128.78000000
2018-02-26 05:01:57,0.00043860,45.44000000
2018-02-26 05:01:57,0.00043870,916.81000000
2018-02-26 05:01:57,0.00043880,540.51000000
2018-02-26 05:01:57,0.00043880,5.20000000
2018-02-26 05:01:57,0.00043890,3.00000000
2018-02-26 05:01:57,0.00043900,1063.18000000
2018-02-26 05:01:57,0.00043900,275.47000000
2018-02-26 05:01:58,0.00043900,68.33000000
2018-02-26 05:01:58,0.00043900,10.00000000
2018-02-26 05:01:58,0.00043900,49.90000000
2018-02-26 05:01:58,0.00043900,224.36000000
2018-02-26 05:01:58,0.00043810,35.65000000
2018-02-26 05:02:00,0.00043900,7.78000000
2018-02-26 05:02:00,0.00043910,20.00000000
2018-02-26 05:02:00,0.00043920,378.04000000
2018-02-26 05:02:01,0.00043910,13.69000000
2018-02-26 05:02:01,0.00043920,86.75000000
2018-02-26 05:02:01,0.00043810,287.34000000
2018-02-26 05:02:02,0.00043810,93.11000000
2018-02-26 05:02:02,0.00043800,306.89000000
2018-02-26 05:02:02,0.00043910,25.11000000
2018-02-26 05:02:02,0.00043800,35.63000000
2018-02-26 05:02:03,0.00043910,187.89000000
2018-02-26 05:02:03,0.00043920,50.90000000
2018-02-26 05:02:03,0.00043910,6.30000000
2018-02-26 05:02:04,0.00043900,23.92000000
2018-02-26 05:02:04,0.00043850,8.98000000
2018-02-26 05:02:04,0.00043840,247.75000000
2018-02-26 05:02:04,0.00043900,79.32000000
2018-02-26 05:02:05,0.00043900,1.56000000
2018-02-26 05:02:05,0.00043840,6.86000000
2018-02-26 05:02:05,0.00043840,204.52000000
2018-02-26 05:02:05,0.00043900,0.32000000
2018-02-26 05:02:06,0.00043900,0.39000000
2018-02-26 05:02:06,0.00043840,124.01000000
2018-02-26 05:02:06,0.00043850,4.03000000
2018-02-26 05:02:06,0.00043900,2.06000000
2018-02-26 05:02:06,0.00043900,294.69000000
2018-02-26 05:02:06,0.00043910,110.68000000
2018-02-26 05:02:07,0.00043910,346.43000000
2018-02-26 05:02:07,0.00043910,395.52000000
2018-02-26 05:02:07,0.00043850,208.97000000
2018-02-26 05:02:07,0.00043840,29.22000000
2018-02-26 05:02:07,0.00043920,0.10000000
2018-02-26 05:02:08,0.00043840,25.03000000
2018-02-26 05:02:08,0.00043840,23.01000000
2018-02-26 05:02:08,0.00043910,0.03000000
2018-02-26 05:02:09,0.00043890,62.36000000
2018-02-26 05:02:09,0.00043840,0.08000000
2018-02-26 05:02:09,0.00043840,22.41000000
2018-02-26 05:02:09,0.00043840,62.39000000
2018-02-26 05:02:10,0.00043840,97.03000000
2018-02-26 05:02:10,0.00043850,117.09000000
2018-02-26 05:02:13,0.00043900,13.69000000
2018-02-26 05:02:13,0.00043900,101.63000000
2018-02-26 05:02:13,0.00043850,0.14000000
2018-02-26 05:02:13,0.00043850,4.03000000
2018-02-26 05:02:14,0.00043850,165.31000000
2018-02-26 05:02:14,0.00043900,75.44000000
2018-02-26 05:02:14,0.00043910,27.85000000
2018-02-26 05:02:14,0.00043910,11.19000000
2018-02-26 05:02:15,0.00043900,29.86000000
2018-02-26 05:02:16,0.00043890,132.88000000
2018-02-26 05:02:17,0.00043890,8.60000000
2018-02-26 05:02:17,0.00043890,46.21000000
2018-02-26 05:02:17,0.00043900,412.00000000
2018-02-26 05:02:18,0.00043900,66.90000000
2018-02-26 05:02:19,0.00043850,46.42000000
2018-02-26 05:02:20,0.00043850,31.92000000
2018-02-26 05:02:20,0.00043850,4.03000000
2018-02-26 05:02:21,0.00043850,6.39000000
2018-02-26 05:02:21,0.00043850,13.59000000
2018-02-26 05:02:21,0.00043890,13.69000000
2018-02-26 05:02:21,0.00043900,39.23000000
2018-02-26 05:02:21,0.00043850,383.49000000
2018-02-26 05:02:21,0.00043850,10.10000000
2018-02-26 05:02:22,0.00043900,33.28000000
2018-02-26 05:02:22,0.00043850,41.38000000
2018-02-26 05:02:22,0.00043900,1232.45000000
2018-02-26 05:02:23,0.00043850,16.62000000
2018-02-26 05:02:23,0.00043850,215.77000000
2018-02-26 05:02:24,0.00043900,803.46000000
2018-02-26 05:02:24,0.00043860,23.19000000
2018-02-26 05:02:25,0.00043860,16.80000000
2018-02-26 05:02:25,0.00043860,0.01000000
2018-02-26 05:02:25,0.00043850,27.99000000
2018-02-26 05:02:26,0.00043860,5.07000000
2018-02-26 05:02:26,0.00043900,211.99000000
2018-02-26 05:02:26,0.00043850,12.09000000
2018-02-26 05:02:27,0.00043900,81.09000000
2018-02-26 05:02:28,0.00043850,11.50000000
2018-02-26 05:02:29,0.00043890,8.28000000
2018-02-26 05:02:29,0.00043850,40.01000000
2018-02-26 05:02:29,0.00043850,250.04000000
2018-02-26 05:02:29,0.00043850,24.82000000
2018-02-26 05:02:29,0.00043890,5.41000000
2018-02-26 05:02:29,0.00043900,188.52000000
2018-02-26 05:02:29,0.00043910,1006.07000000
2018-02-26 05:02:29,0.00043850,4.23000000
2018-02-26 05:02:30,0.00043850,11.30000000
2018-02-26 05:02:31,0.00043890,1.00000000
2018-02-26 05:02:32,0.00043890,2.77000000
2018-02-26 05:02:36,0.00043890,28.36000000
2018-02-26 05:02:36,0.00043890,25.30000000
2018-02-26 05:02:38,0.00043890,3.17000000
2018-02-26 05:02:38,0.00043890,36.52000000
2018-02-26 05:02:39,0.00043890,5.62000000
2018-02-26 05:02:39,0.00043890,9.00000000
2018-02-26 05:02:39,0.00043890,36.28000000
2018-02-26 05:02:39,0.00043890,36.28000000
2018-02-26 05:02:39,0.00043890,36.31000000
2018-02-26 05:02:39,0.00043890,36.32000000
2018-02-26 05:02:39,0.00043890,158.07000000
2018-02-26 05:02:39,0.00043860,213.00000000
2018-02-26 05:02:39,0.00043850,649.81000000
2018-02-26 05:02:39,0.00043850,2.49000000
2018-02-26 05:02:41,0.00043900,61.85000000
2018-02-26 05:02:42,0.00043900,174.36000000
2018-02-26 05:02:42,0.00043910,202.52000000
2018-02-26 05:02:42,0.00043920,2951.16000000
2018-02-26 05:02:42,0.00043930,40.54000000
2018-02-26 05:02:42,0.00043940,242.14000000
2018-02-26 05:02:42,0.00043950,1126.61000000
2018-02-26 05:02:43,0.00043920,494.33000000
2018-02-26 05:02:44,0.00043920,6.62000000
2018-02-26 05:02:44,0.00043940,20.58000000
2018-02-26 05:02:44,0.00043940,83.42000000
2018-02-26 05:02:44,0.00043950,16.58000000
2018-02-26 05:02:44,0.00043920,203.81000000
2018-02-26 05:02:45,0.00043950,780.31000000
2018-02-26 05:02:45,0.00043960,1616.90000000
2018-02-26 05:02:45,0.00043970,310.13000000
2018-02-26 05:02:45,0.00043980,354.82000000
2018-02-26 05:02:46,0.00043920,24.80000000
2018-02-26 05:02:46,0.00043970,13.69000000
2018-02-26 05:02:46,0.00043980,4535.52000000
2018-02-26 05:02:46,0.00043990,4107.84000000
2018-02-26 05:02:47,0.00043930,36.76000000
2018-02-26 05:02:47,0.00043990,27.29000000
2018-02-26 05:02:47,0.00043940,105.00000000
2018-02-26 05:02:47,0.00043990,301.02000000
2018-02-26 05:02:47,0.00043990,1728.06000000
2018-02-26 05:02:48,0.00043990,790.08000000
2018-02-26 05:02:48,0.00043990,480.05000000
2018-02-26 05:02:48,0.00043940,5.70000000
2018-02-26 05:02:49,0.00043930,4.03000000
2018-02-26 05:02:49,0.00043980,37.00000000
2018-02-26 05:02:49,0.00043990,1800.06000000
2018-02-26 05:02:49,0.00043980,143.06000000
2018-02-26 05:02:49,0.00043930,7.36000000
2018-02-26 05:02:49,0.00043920,38.97000000
2018-02-26 05:02:49,0.00043900,54.70000000
2018-02-26 05:02:49,0.00043890,42.26000000
2018-02-26 05:02:49,0.00043890,7.66000000
2018-02-26 05:02:49,0.00043870,68.92000000
2018-02-26 05:02:49,0.00043980,17.72000000
2018-02-26 05:02:49,0.00043990,1482.28000000
2018-02-26 05:02:49,0.00043990,39.00000000
2018-02-26 05:02:49,0.00043990,40.88000000
2018-02-26 05:02:49,0.00043990,3140.59000000
2018-02-26 05:02:50,0.00043990,95.21000000
2018-02-26 05:02:50,0.00043990,1736.88000000
2018-02-26 05:02:50,0.00043990,27.14000000
2018-02-26 05:02:51,0.00043980,64.00000000
2018-02-26 05:02:51,0.00043990,1954.92000000
2018-02-26 05:02:51,0.00043880,57.50000000
2018-02-26 05:02:51,0.00043990,23.00000000
2018-02-26 05:02:51,0.00043990,4258.10000000
2018-02-26 05:02:51,0.00044000,1448.77000000
2018-02-26 05:02:52,0.00043990,13.91000000
2018-02-26 05:02:52,0.00043990,99.56000000
2018-02-26 05:02:53,0.00043860,14.27000000
2018-02-26 05:02:53,0.00043990,9.86000000
2018-02-26 05:02:53,0.00043990,114.40000000
2018-02-26 05:02:53,0.00043990,110.86000000
2018-02-26 05:02:54,0.00043990,434.22000000
2018-02-26 05:02:54,0.00043990,247.44000000
2018-02-26 05:02:54,0.00044000,1738.11000000
2018-02-26 05:02:54,0.00043890,11.40000000
2018-02-26 05:02:54,0.00043860,287.73000000
2018-02-26 05:02:54,0.00043850,2458.91000000
2018-02-26 05:02:54,0.00043920,2.47000000
2018-02-26 05:02:54,0.00043920,10.80000000
2018-02-26 05:02:54,0.00043990,100.00000000
2018-02-26 05:02:54,0.00044000,28.78000000
2018-02-26 05:02:54,0.00043990,14.08000000
2018-02-26 05:02:54,0.00043990,0.92000000
2018-02-26 05:02:54,0.00043990,36.05000000
2018-02-26 05:02:55,0.00043880,116.52000000
2018-02-26 05:02:55,0.00044000,446.50000000
2018-02-26 05:02:56,0.00043900,15.00000000
2018-02-26 05:02:56,0.00043890,95.87000000
2018-02-26 05:02:56,0.00043980,13.69000000
2018-02-26 05:02:56,0.00043990,131.02000000
2018-02-26 05:02:56,0.00043890,129.68000000
2018-02-26 05:02:56,0.00043860,70.32000000
2018-02-26 05:02:57,0.00043980,175.00000000
2018-02-26 05:02:57,0.00043970,81.00000000
2018-02-26 05:02:57,0.00043980,18.63000000
2018-02-26 05:02:58,0.00043980,10.00000000
2018-02-26 05:02:58,0.00043980,0.37000000
2018-02-26 05:02:58,0.00043990,943.86000000
2018-02-26 05:02:59,0.00043950,4.19000000
2018-02-26 05:02:59,0.00043880,11.40000000
2018-02-26 05:02:59,0.00043950,0.03000000
2018-02-26 05:02:59,0.00043950,120.78000000
2018-02-26 05:02:59,0.00043980,25.00000000
2018-02-26 05:02:59,0.00043990,33.00000000
2018-02-26 05:03:00,0.00043990,268.80000000
2018-02-26 05:03:00,0.00043870,10.00000000
2018-02-26 05:03:01,0.00043870,202.00000000
2018-02-26 05:03:01,0.00043860,4.77000000
2018-02-26 05:03:01,0.00043970,15.00000000
2018-02-26 05:03:01,0.00043980,165.66000000
2018-02-26 05:03:02,0.00043970,7.87000000
2018-02-26 05:03:03,0.00043970,30.00000000
2018-02-26 05:03:03,0.00043960,46.00000000
2018-02-26 05:03:03,0.00043970,50.91000000
2018-02-26 05:03:03,0.00043980,11.06000000
2018-02-26 05:03:03,0.00043860,30.65000000
2018-02-26 05:03:03,0.00043980,88.94000000
2018-02-26 05:03:03,0.00043990,1203.41000000
2018-02-26 05:03:05,0.00043980,20.15000000
2018-02-26 05:03:05,0.00043980,53.97000000
2018-02-26 05:03:05,0.00043990,51.01000000
2018-02-26 05:03:05,0.00044000,10672.47000000
2018-02-26 05:03:06,0.00043990,28.69000000
2018-02-26 05:03:06,0.00044000,106.11000000
2018-02-26 05:03:06,0.00043980,11.91000000
2018-02-26 05:03:06,0.00043980,2.38000000
2018-02-26 05:03:06,0.00043870,11.91000000
2018-02-26 05:03:07,0.00043980,12.97000000
2018-02-26 05:03:07,0.00043870,14.29000000
2018-02-26 05:03:07,0.00043870,1.08000000
2018-02-26 05:03:07,0.00043980,1.35000000
2018-02-26 05:03:07,0.00044000,20743.84000000
2018-02-26 05:03:07,0.00043990,27.28000000
2018-02-26 05:03:07,0.00044000,107.07000000
2018-02-26 05:03:07,0.00044000,861.32000000
2018-02-26 05:03:08,0.00043990,7.60000000
2018-02-26 05:03:08,0.00043970,330.04000000
2018-02-26 05:03:08,0.00043990,7.60000000
2018-02-26 05:03:08,0.00044000,7070.90000000
2018-02-26 05:03:08,0.00043990,22.23000000
2018-02-26 05:03:08,0.00043990,82.77000000
2018-02-26 05:03:08,0.00044000,1231.72000000
2018-02-26 05:03:09,0.00044000,1835.57000000
2018-02-26 05:03:09,0.00044000,1332.50000000
2018-02-26 05:03:09,0.00044000,6037.62000000
2018-02-26 05:03:09,0.00043870,30.00000000
2018-02-26 05:03:09,0.00043860,197.26000000
2018-02-26 05:03:09,0.00043850,353.38000000
2018-02-26 05:03:09,0.00043820,250.40000000
2018-02-26 05:03:09,0.00043820,712.69000000
2018-02-26 05:03:09,0.00043970,30.00000000
2018-02-26 05:03:09,0.00043980,13.69000000
2018-02-26 05:03:09,0.00044000,1171.03000000
2018-02-26 05:03:09,0.00044000,1767.07000000
2018-02-26 05:03:09,0.00044000,82.29000000
2018-02-26 05:03:10,0.00044000,300.10000000
2018-02-26 05:03:10,0.00044000,60.00000000
2018-02-26 05:03:10,0.00044000,231.53000000
2018-02-26 05:03:10,0.00044000,20.69000000
2018-02-26 05:03:10,0.00044000,2278.05000000
2018-02-26 05:03:10,0.00044000,212.00000000
2018-02-26 05:03:10,0.00044000,1141.17000000
2018-02-26 05:03:10,0.00044000,90.00000000
2018-02-26 05:03:10,0.00044000,122.00000000
2018-02-26 05:03:10,0.00044000,381.23000000
2018-02-26 05:03:10,0.00044000,25.81000000
2018-02-26 05:03:10,0.00044000,790.09000000
2018-02-26 05:03:10,0.00044000,132.21000000
2018-02-26 05:03:10,0.00044010,15.00000000
2018-02-26 05:03:10,0.00044010,13.92000000
2018-02-26 05:03:10,0.00044040,87.60000000
2018-02-26 05:03:10,0.00044050,4.87000000
2018-02-26 05:03:10,0.00044050,217.65000000
2018-02-26 05:03:10,0.00044050,405.66000000
2018-02-26 05:03:10,0.00044050,79.71000000
2018-02-26 05:03:10,0.00044080,0.01000000
2018-02-26 05:03:10,0.00044050,79.71000000
2018-02-26 05:03:10,0.00044050,19.93000000
2018-02-26 05:03:10,0.00044000,218.35000000
2018-02-26 05:03:10,0.00044000,51.59000000
2018-02-26 05:03:10,0.00044000,218.35000000
2018-02-26 05:03:10,0.00044000,6.92000000
2018-02-26 05:03:10,0.00044000,36.28000000
2018-02-26 05:03:10,0.00044000,581.29000000
2018-02-26 05:03:11,0.00044000,32.25000000
2018-02-26 05:03:11,0.00044000,412.06000000
2018-02-26 05:03:11,0.00044000,20.00000000
2018-02-26 05:03:11,0.00044000,36.27000000
2018-02-26 05:03:11,0.00044000,24.17000000
2018-02-26 05:03:11,0.00044000,16.26000000
2018-02-26 05:03:11,0.00044050,59.78000000
2018-02-26 05:03:11,0.00044080,28.55000000
2018-02-26 05:03:11,0.00044090,29.73000000
2018-02-26 05:03:11,0.00044100,24.94000000
2018-02-26 05:03:11,0.00044000,63.50000000
2018-02-26 05:03:11,0.00044000,31.65000000
2018-02-26 05:03:11,0.00044100,0.01000000
2018-02-26 05:03:12,0.00044010,168.32000000
2018-02-26 05:03:12,0.00044010,16.75000000
2018-02-26 05:03:12,0.00044010,15.45000000
2018-02-26 05:03:12,0.00044010,11.48000000
2018-02-26 05:03:12,0.00044000,0.01000000
2018-02-26 05:03:12,0.00044100,589.68000000
2018-02-26 05:03:12,0.00044000,47.49000000
2018-02-26 05:03:13,0.00044010,7.83000000
2018-02-26 05:03:13,0.00044010,4.19000000
2018-02-26 05:03:13,0.00044010,3.35000000
2018-02-26 05:03:13,0.00044100,5.00000000
2018-02-26 05:03:13,0.00044010,68.67000000
2018-02-26 05:03:13,0.00044000,68.67000000
2018-02-26 05:03:13,0.00044090,13.69000000
2018-02-26 05:03:13,0.00044100,392.66000000
2018-02-26 05:03:14,0.00044080,12.23000000
2018-02-26 05:03:14,0.00044000,64.26000000
2018-02-26 05:03:14,0.00044080,64.77000000
2018-02-26 05:03:14,0.00044080,1472.03000000
2018-02-26 05:03:14,0.00044080,0.21000000
2018-02-26 05:03:14,0.00044000,35.52000000
2018-02-26 05:03:15,0.00044100,876.61000000
2018-02-26 05:03:15,0.00044100,100.00000000
2018-02-26 05:03:15,0.00044100,298.74000000
2018-02-26 05:03:16,0.00044050,406.02000000
2018-02-26 05:03:16,0.00044090,13.69000000
2018-02-26 05:03:16,0.00044100,256.13000000
2018-02-26 05:03:16,0.00044010,24.76000000
2018-02-26 05:03:17,0.00044100,76.11000000
2018-02-26 05:03:17,0.00044040,5.07000000
2018-02-26 05:03:18,0.00044040,0.93000000
2018-02-26 05:03:18,0.00044020,4.07000000
2018-02-26 05:03:18,0.00044090,15.09000000
2018-02-26 05:03:18,0.00044090,11.91000000
2018-02-26 05:03:18,0.00044020,15.09000000
2018-02-26 05:03:18,0.00044020,15.08000000
2018-02-26 05:03:19,0.00044020,17.10000000
2018-02-26 05:03:19,0.00044090,22.50000000
2018-02-26 05:03:19,0.00044100,197.40000000
2018-02-26 05:03:19,0.00044110,155.10000000
2018-02-26 05:03:19,0.00044020,25.76000000
2018-02-26 05:03:19,0.00044090,8.94000000
2018-02-26 05:03:19,0.00044090,4.75000000
2018-02-26 05:03:19,0.00044100,32.60000000
2018-02-26 05:03:19,0.00044110,453.42000000
2018-02-26 05:03:19,0.00044120,233.00000000
2018-02-26 05:03:19,0.00044130,198.05000000
2018-02-26 05:03:19,0.00044140,254.96000000
2018-02-26 05:03:19,0.00044140,25.27000000
2018-02-26 05:03:20,0.00044040,125.97000000
2018-02-26 05:03:20,0.00044020,39.03000000
2018-02-26 05:03:20,0.00044020,68.10000000
2018-02-26 05:03:20,0.00044040,53.91000000
2018-02-26 05:03:20,0.00044120,21.06000000
2018-02-26 05:03:20,0.00044150,42.70000000
2018-02-26 05:03:20,0.00044170,267.91000000
2018-02-26 05:03:20,0.00044020,26.89000000
2018-02-26 05:03:22,0.00044100,41.87000000
2018-02-26 05:03:22,0.00044100,715.85000000
2018-02-26 05:03:22,0.00044100,492.28000000
2018-02-26 05:03:22,0.00044150,308.92000000
2018-02-26 05:03:22,0.00044100,0.06000000
2018-02-26 05:03:22,0.00044040,31.75000000
2018-02-26 05:03:23,0.00044040,212.34000000
2018-02-26 05:03:23,0.00044050,212.00000000
2018-02-26 05:03:23,0.00044040,0.27000000
2018-02-26 05:03:23,0.00044040,132.64000000
2018-02-26 05:03:23,0.00044040,212.15000000
2018-02-26 05:03:23,0.00044040,260.81000000
2018-02-26 05:03:23,0.00044100,12.79000000
2018-02-26 05:03:23,0.00044100,13.69000000
2018-02-26 05:03:23,0.00044100,160.96000000
2018-02-26 05:03:23,0.00044100,330.21000000
2018-02-26 05:03:23,0.00044100,48.39000000
2018-02-26 05:03:23,0.00044040,504.86000000
2018-02-26 05:03:23,0.00044040,68.11000000
2018-02-26 05:03:24,0.00044150,365.69000000
2018-02-26 05:03:24,0.00044040,118.37000000
2018-02-26 05:03:25,0.00044100,544.98000000
2018-02-26 05:03:25,0.00044100,0.07000000
2018-02-26 05:03:25,0.00044040,0.01000000
2018-02-26 05:03:25,0.00044020,19.99000000
2018-02-26 05:03:25,0.00044080,374.52000000
2018-02-26 05:03:25,0.00044100,26.23000000
2018-02-26 05:03:25,0.00044100,22.00000000
2018-02-26 05:03:25,0.00044080,4.15000000
2018-02-26 05:03:25,0.00044100,254.21000000
2018-02-26 05:03:25,0.00044080,68.20000000
2018-02-26 05:03:25,0.00044080,212.00000000
2018-02-26 05:03:25,0.00044080,47.38000000
2018-02-26 05:03:26,0.00044150,131.13000000
2018-02-26 05:03:26,0.00044170,182.65000000
2018-02-26 05:03:26,0.00044190,39.80000000
2018-02-26 05:03:26,0.00044180,111.00000000
2018-02-26 05:03:26,0.00044180,117.46000000
2018-02-26 05:03:26,0.00044190,0.25000000
2018-02-26 05:03:26,0.00044020,171.96000000
2018-02-26 05:03:27,0.00044050,110.49000000
2018-02-26 05:03:27,0.00044170,680.00000000
2018-02-26 05:03:28,0.00044140,169.38000000
2018-02-26 05:03:28,0.00044140,755.00000000
2018-02-26 05:03:28,0.00044140,18.21000000
2018-02-26 05:03:28,0.00044140,57.41000000
2018-02-26 05:03:28,0.00044110,110.00000000
2018-02-26 05:03:28,0.00044120,63.02000000
2018-02-26 05:03:28,0.00044140,40.44000000
2018-02-26 05:03:28,0.00044040,962.21000000
2018-02-26 05:03:29,0.00044100,10.51000000
2018-02-26 05:03:29,0.00044100,208.49000000
2018-02-26 05:03:29,0.00044100,206.86000000
2018-02-26 05:03:29,0.00044170,93.80000000
2018-02-26 05:03:30,0.00044040,114.40000000
2018-02-26 05:03:30,0.00044100,153.14000000
2018-02-26 05:03:30,0.00044100,22.67000000
2018-02-26 05:03:30,0.00044100,247.54000000
2018-02-26 05:03:30,0.00044160,31.75000000
2018-02-26 05:03:30,0.00044170,220.71000000
2018-02-26 05:03:30,0.00044150,4.00000000
2018-02-26 05:03:30,0.00044170,53.57000000
2018-02-26 05:03:31,0.00044040,15.43000000
2018-02-26 05:03:31,0.00044170,228.95000000
2018-02-26 05:03:32,0.00044040,0.02000000
2018-02-26 05:03:32,0.00044030,50.85000000
2018-02-26 05:03:32,0.00044170,0.02000000
2018-02-26 05:03:32,0.00044180,3.47000000
2018-02-26 05:03:32,0.00044050,93.08000000
2018-02-26 05:03:32,0.00044160,35.30000000
2018-02-26 05:03:32,0.00044160,23.20000000
2018-02-26 05:03:33,0.00044160,152.57000000
2018-02-26 05:03:33,0.00044160,238.48000000
2018-02-26 05:03:33,0.00044180,15.22000000
2018-02-26 05:03:33,0.00044190,1.50000000
2018-02-26 05:03:33,0.00044170,8.38000000
2018-02-26 05:03:33,0.00044170,32.10000000
2018-02-26 05:03:33,0.00044170,32.10000000
2018-02-26 05:03:33,0.00044170,149.86000000
2018-02-26 05:03:33,0.00044100,10.84000000
2018-02-26 05:03:33,0.00044100,1.11000000
2018-02-26 05:03:33,0.00044050,131.47000000
2018-02-26 05:03:33,0.00044050,214.34000000
2018-02-26 05:03:33,0.00044050,15.31000000
2018-02-26 05:03:34,0.00044150,4.82000000
2018-02-26 05:03:35,0.00044050,49.16000000
2018-02-26 05:03:35,0.00044020,737.97000000
2018-02-26 05:03:35,0.00044150,94.66000000
2018-02-26 05:03:35,0.00044140,51.00000000
2018-02-26 05:03:35,0.00044150,52.15000000
2018-02-26 05:03:35,0.00044150,24.78000000
2018-02-26 05:03:35,0.00044040,20.44000000
2018-02-26 05:03:36,0.00044050,193.18000000
2018-02-26 05:03:36,0.00044130,10.25000000
2018-02-26 05:03:37,0.00044050,1728.06000000
2018-02-26 05:03:37,0.00044100,90.00000000
2018-02-26 05:03:37,0.00044120,13.69000000
2018-02-26 05:03:37,0.00044130,10.40000000
2018-02-26 05:03:37,0.00044150,24.83000000
2018-02-26 05:03:37,0.00044180,186.61000000
2018-02-26 05:03:37,0.00044080,19.01000000
2018-02-26 05:03:38,0.00044170,38.24000000
2018-02-26 05:03:38,0.00044170,46.10000000
2018-02-26 05:03:38,0.00044170,32.62000000
2018-02-26 05:03:40,0.00044130,32.89000000
2018-02-26 05:03:40,0.00044170,398.30000000
2018-02-26 05:03:40,0.00044180,54.34000000
2018-02-26 05:03:40,0.00044160,13.69000000
2018-02-26 05:03:40,0.00044180,45.77000000
2018-02-26 05:03:41,0.00044170,4.95000000
2018-02-26 05:03:41,0.00044170,0.01000000
2018-02-26 05:03:41,0.00044150,226.00000000
2018-02-26 05:03:41,0.00044130,29.99000000
2018-02-26 05:03:41,0.00044130,92.17000000
2018-02-26 05:03:41,0.00044130,713.56000000
2018-02-26 05:03:41,0.00044150,73.79000000
2018-02-26 05:03:41,0.00044180,1276.43000000
2018-02-26 05:03:41,0.00044190,2119.71000000
2018-02-26 05:03:41,0.00044200,638.60000000
2018-02-26 05:03:41,0.00044210,48.92000000
2018-02-26 05:03:41,0.00044220,5.31000000
2018-02-26 05:03:41,0.00044230,22.16000000
2018-02-26 05:03:41,0.00044240,301.47000000
2018-02-26 05:03:41,0.00044250,1145.77000000
2018-02-26 05:03:41,0.00044260,321.24000000
2018-02-26 05:03:41,0.00044270,103.23000000
2018-02-26 05:03:41,0.00044280,596.96000000
2018-02-26 05:03:41,0.00044290,1479.50000000
2018-02-26 05:03:41,0.00044300,7541.09000000
2018-02-26 05:03:41,0.00044320,4052.45000000
2018-02-26 05:03:41,0.00044080,5.00000000
2018-02-26 05:03:41,0.00044080,56.55000000
2018-02-26 05:03:42,0.00044170,0.10000000
2018-02-26 05:03:42,0.00044170,1058.23000000
2018-02-26 05:03:42,0.00044170,881.86000000
2018-02-26 05:03:42,0.00044170,37.93000000
2018-02-26 05:03:42,0.00044170,823.69000000
2018-02-26 05:03:42,0.00044170,28.46000000
2018-02-26 05:03:42,0.00044170,110.93000000
2018-02-26 05:03:43,0.00044170,0.18000000
2018-02-26 05:03:43,0.00044170,528.35000000
2018-02-26 05:03:43,0.00044120,86.88000000
2018-02-26 05:03:43,0.00044150,27.24000000
2018-02-26 05:03:44,0.00044150,9.66000000
2018-02-26 05:03:44,0.00044150,16.28000000
2018-02-26 05:03:44,0.00044150,13.58000000
2018-02-26 05:03:44,0.00044170,1065.29000000
2018-02-26 05:03:44,0.00044150,5.44000000
2018-02-26 05:03:44,0.00044150,57.89000000
2018-02-26 05:03:44,0.00044140,10.01000000
2018-02-26 05:03:45,0.00044140,9.02000000
2018-02-26 05:03:45,0.00044220,59.91000000
2018-02-26 05:03:45,0.00044150,212.00000000
2018-02-26 05:03:45,0.00044150,27.76000000
2018-02-26 05:03:45,0.00044140,123.68000000
2018-02-26 05:03:46,0.00044150,31.24000000
2018-02-26 05:03:46,0.00044160,27.76000000
2018-02-26 05:03:46,0.00044160,451.99000000
2018-02-26 05:03:47,0.00044200,212.00000000
2018-02-26 05:03:47,0.00044170,76.05000000
2018-02-26 05:03:47,0.00044150,76.15000000
2018-02-26 05:03:47,0.00044150,10.00000000
2018-02-26 05:03:47,0.00044170,6.62000000
2018-02-26 05:03:47,0.00044170,488.25000000
2018-02-26 05:03:47,0.00044170,350.42000000
2018-02-26 05:03:48,0.00044150,329.76000000
2018-02-26 05:03:48,0.00044150,11.40000000
2018-02-26 05:03:48,0.00044170,123.99000000
2018-02-26 05:03:49,0.00044200,7.00000000
2018-02-26 05:03:49,0.00044260,93.00000000
2018-02-26 05:03:50,0.00044260,258.40000000
2018-02-26 05:03:50,0.00044260,0.16000000
2018-02-26 05:03:50,0.00044170,140.97000000
2018-02-26 05:03:51,0.00044260,122.66000000
2018-02-26 05:03:51,0.00044170,4.96000000
2018-02-26 05:03:51,0.00044200,67.87000000
2018-02-26 05:03:51,0.00044200,192.30000000
2018-02-26 05:03:51,0.00044200,38.42000000
2018-02-26 05:03:51,0.00044170,228.03000000
2018-02-26 05:03:51,0.00044200,85.44000000
2018-02-26 05:03:52,0.00044200,102.81000000
2018-02-26 05:03:52,0.00044260,110.94000000
2018-02-26 05:03:52,0.00044150,803.08000000
2018-02-26 05:03:52,0.00044200,67.87000000
2018-02-26 05:03:53,0.00044200,432.13000000
2018-02-26 05:03:53,0.00044170,68.47000000
2018-02-26 05:03:53,0.00044170,432.12000000
2018-02-26 05:03:53,0.00044220,29.94000000
2018-02-26 05:03:53,0.00044220,433.72000000
2018-02-26 05:03:53,0.00044170,182.77000000
2018-02-26 05:03:53,0.00044170,427.00000000
2018-02-26 05:03:53,0.00044260,65.40000000
2018-02-26 05:03:53,0.00044260,45.18000000
2018-02-26 05:03:54,0.00044170,9.22000000
2018-02-26 05:03:54,0.00044180,8.94000000
2018-02-26 05:03:54,0.00044260,68.25000000
2018-02-26 05:03:54,0.00044260,347.81000000
2018-02-26 05:03:55,0.00044260,0.03000000
2018-02-26 05:03:55,0.00044180,6.61000000
2018-02-26 05:03:55,0.00044260,390.04000000
2018-02-26 05:03:55,0.00044260,9.44000000
2018-02-26 05:03:55,0.00044260,456.93000000
2018-02-26 05:03:55,0.00044260,811.43000000
2018-02-26 05:03:55,0.00044260,0.01000000
2018-02-26 05:03:56,0.00044180,273.65000000
2018-02-26 05:03:56,0.00044170,79.87000000
2018-02-26 05:03:56,0.00044210,299.09000000
2018-02-26 05:03:57,0.00044180,220.56000000
2018-02-26 05:03:57,0.00044180,168.64000000
2018-02-26 05:03:57,0.00044180,3.15000000
2018-02-26 05:03:57,0.00044180,66.90000000
2018-02-26 05:03:57,0.00044270,13.69000000
2018-02-26 05:03:57,0.00044290,61.17000000
2018-02-26 05:03:57,0.00044300,259.23000000
2018-02-26 05:03:58,0.00044170,161.05000000
2018-02-26 05:03:58,0.00044260,21.95000000
2018-02-26 05:03:58,0.00044260,125.37000000
2018-02-26 05:03:58,0.00044270,116.88000000
2018-02-26 05:03:58,0.00044270,582.87000000
2018-02-26 05:03:58,0.00044170,116.88000000
2018-02-26 05:03:59,0.00044210,212.25000000
2018-02-26 05:03:59,0.00044220,14.29000000
2018-02-26 05:03:59,0.00044300,316.79000000
2018-02-26 05:04:00,0.00044250,67.46000000
2018-02-26 05:04:00,0.00044210,26.86000000
2018-02-26 05:04:00,0.00044210,3.05000000
2018-02-26 05:04:00,0.00044180,12.58000000
2018-02-26 05:04:00,0.00044270,10.00000000
2018-02-26 05:04:00,0.00044280,211.00000000
2018-02-26 05:04:00,0.00044290,140.50000000
2018-02-26 05:04:00,0.00044300,684.56000000
2018-02-26 05:04:02,0.00044260,13.69000000
2018-02-26 05:04:02,0.00044290,104.90000000
2018-02-26 05:04:02,0.00044300,46.73000000
2018-02-26 05:04:02,0.00044300,128.90000000
2018-02-26 05:04:05,0.00044290,11.11000000
2018-02-26 05:04:05,0.00044300,186.56000000
2018-02-26 05:04:05,0.00044210,199.43000000
2018-02-26 05:04:05,0.00044290,9.23000000
2018-02-26 05:04:06,0.00044210,8.81000000
2018-02-26 05:04:06,0.00044290,9.46000000
2018-02-26 05:04:06,0.00044300,0.81000000
2018-02-26 05:04:06,0.00044290,26.34000000
2018-02-26 05:04:07,0.00044290,181.66000000
2018-02-26 05:04:07,0.00044300,34.44000000
2018-02-26 05:04:07,0.00044280,185.36000000
2018-02-26 05:04:07,0.00044280,1581.71000000
2018-02-26 05:04:07,0.00044300,447.74000000
2018-02-26 05:04:08,0.00044260,450.00000000
2018-02-26 05:04:08,0.00044210,165.67000000
2018-02-26 05:04:08,0.00044200,285.53000000
2018-02-26 05:04:08,0.00044240,58.29000000
2018-02-26 05:04:08,0.00044240,130.39000000
2018-02-26 05:04:09,0.00044200,469.72000000
2018-02-26 05:04:09,0.00044180,137.03000000
2018-02-26 05:04:09,0.00044230,13.69000000
2018-02-26 05:04:09,0.00044240,48.21000000
2018-02-26 05:04:09,0.00044240,138.11000000
2018-02-26 05:04:09,0.00044300,1031.68000000
2018-02-26 05:04:09,0.00044310,188.24000000
2018-02-26 05:04:09,0.00044320,1651.39000000
2018-02-26 05:04:09,0.00044330,3418.96000000
2018-02-26 05:04:09,0.00044330,602.94000000
2018-02-26 05:04:09,0.00044200,61.16000000
2018-02-26 05:04:09,0.00044190,210.00000000
2018-02-26 05:04:09,0.00044180,178.47000000
2018-02-26 05:04:09,0.00044180,16.90000000
2018-02-26 05:04:10,0.00044200,154.50000000
2018-02-26 05:04:11,0.00044190,466.58000000
2018-02-26 05:04:11,0.00044180,1538.62000000
2018-02-26 05:04:11,0.00044190,133.69000000
2018-02-26 05:04:12,0.00044190,4.24000000
2018-02-26 05:04:12,0.00044190,72.07000000
2018-02-26 05:04:13,0.00044190,20.00000000
2018-02-26 05:04:13,0.00044190,676.35000000
2018-02-26 05:04:13,0.00044190,2.35000000
2018-02-26 05:04:13,0.00044170,2103.47000000
2018-02-26 05:04:13,0.00044170,467.12000000
2018-02-26 05:04:14,0.00044170,72.68000000
2018-02-26 05:04:14,0.00044170,292.64000000
2018-02-26 05:04:14,0.00044150,606.75000000
2018-02-26 05:04:14,0.00044150,225.07000000
2018-02-26 05:04:14,0.00044120,209.33000000
2018-02-26 05:04:15,0.00044120,154.80000000
2018-02-26 05:04:15,0.00044120,488.99000000
2018-02-26 05:04:15,0.00044110,64.00000000
2018-02-26 05:04:15,0.00044100,342.43000000
2018-02-26 05:04:15,0.00044090,211.00000000
2018-02-26 05:04:15,0.00044080,132.34000000
2018-02-26 05:04:15,0.00044080,60.00000000
2018-02-26 05:04:15,0.00044080,99.90000000
2018-02-26 05:04:15,0.00044170,9.09000000
2018-02-26 05:04:15,0.00044100,594.16000000
2018-02-26 05:04:15,0.00044100,132.37000000
2018-02-26 05:04:15,0.00044100,419.63000000
2018-02-26 05:04:16,0.00044080,287.30000000
2018-02-26 05:04:16,0.00044050,107.74000000
2018-02-26 05:04:16,0.00044100,3.20000000
2018-02-26 05:04:16,0.00044100,60.78000000
2018-02-26 05:04:16,0.00044080,19.87000000
2018-02-26 05:04:16,0.00044080,19.99000000
2018-02-26 05:04:16,0.00044080,20.02000000
2018-02-26 05:04:16,0.00044080,20.00000000
2018-02-26 05:04:16,0.00044080,19.87000000
2018-02-26 05:04:16,0.00044080,14.74000000
2018-02-26 05:04:16,0.00044080,3.00000000
2018-02-26 05:04:17,0.00044050,19.99000000
2018-02-26 05:04:17,0.00044080,11.35000000
2018-02-26 05:04:17,0.00044050,27.12000000
2018-02-26 05:04:17,0.00044080,12.45000000
2018-02-26 05:04:17,0.00044050,6.65000000
2018-02-26 05:04:17,0.00044080,56.18000000
2018-02-26 05:04:17,0.00044090,46.59000000
2018-02-26 05:04:17,0.00044090,151.09000000
2018-02-26 05:04:17,0.00044080,54.87000000
2018-02-26 05:04:17,0.00044050,445.13000000
2018-02-26 05:04:17,0.00044050,216.56000000
2018-02-26 05:04:18,0.00044050,2333.77000000
2018-02-26 05:04:18,0.00044040,2721.06000000
2018-02-26 05:04:18,0.00044020,2353.71000000
2018-02-26 05:04:18,0.00044080,4.58000000
2018-02-26 05:04:18,0.00044080,353.66000000
2018-02-26 05:04:18,0.00044060,13.69000000
2018-02-26 05:04:18,0.00044020,1163.30000000
2018-02-26 05:04:18,0.00044000,1014.90000000
2018-02-26 05:04:18,0.00044000,327.35000000
2018-02-26 05:04:18,0.00044000,6.70000000
2018-02-26 05:04:18,0.00044000,6.71000000
2018-02-26 05:04:18,0.00044000,211.00000000
2018-02-26 05:04:18,0.00044000,11.36000000
2018-02-26 05:04:19,0.00044000,557.68000000
2018-02-26 05:04:19,0.00044000,11.36000000
2018-02-26 05:04:19,0.00044000,2.48000000
2018-02-26 05:04:19,0.00043990,90.00000000
2018-02-26 05:04:19,0.00043990,210.00000000
2018-02-26 05:04:19,0.00043990,183.53000000
2018-02-26 05:04:20,0.00043990,82.35000000
2018-02-26 05:04:20,0.00044000,182.00000000
2018-02-26 05:04:21,0.00043990,34.12000000
2018-02-26 05:04:21,0.00043940,48.40000000
2018-02-26 05:04:21,0.00043910,216.27000000
2018-02-26 05:04:22,0.00043990,11.36000000
2018-02-26 05:04:22,0.00043910,52.50000000
2018-02-26 05:04:22,0.00043940,5.75000000
2018-02-26 05:04:22,0.00043940,79.76000000
2018-02-26 05:04:22,0.00043910,38.07000000
2018-02-26 05:04:22,0.00043900,428.51000000
2018-02-26 05:04:23,0.00043940,489.65000000
2018-02-26 05:04:23,0.00043990,1831.42000000
2018-02-26 05:04:23,0.00043990,63.35000000
2018-02-26 05:04:23,0.00043990,8.95000000
2018-02-26 05:04:24,0.00043990,1724.69000000
2018-02-26 05:04:24,0.00044000,41.68000000
2018-02-26 05:04:24,0.00043990,31.29000000
2018-02-26 05:04:24,0.00043910,11.38000000
2018-02-26 05:04:24,0.00043900,39.26000000
2018-02-26 05:04:24,0.00043870,657.52000000
2018-02-26 05:04:24,0.00044000,25.00000000
2018-02-26 05:04:24,0.00044000,210.00000000
2018-02-26 05:04:24,0.00043910,5.00000000
2018-02-26 05:04:25,0.00044000,11.37000000
2018-02-26 05:04:25,0.00044000,365.52000000
2018-02-26 05:04:26,0.00044000,911.55000000
2018-02-26 05:04:26,0.00043870,296.47000000
2018-02-26 05:04:26,0.00043990,182.00000000
2018-02-26 05:04:26,0.00043880,319.70000000
2018-02-26 05:04:26,0.00043870,462.87000000
2018-02-26 05:04:27,0.00043990,96.66000000
2018-02-26 05:04:27,0.00043990,98.33000000
2018-02-26 05:04:27,0.00043880,189.55000000
2018-02-26 05:04:27,0.00043870,390.38000000
2018-02-26 05:04:27,0.00043870,2800.07000000
2018-02-26 05:04:27,0.00043850,2300.07000000
2018-02-26 05:04:27,0.00043840,3034.80000000
2018-02-26 05:04:27,0.00043830,64.00000000
2018-02-26 05:04:27,0.00043820,272.91000000
2018-02-26 05:04:27,0.00043810,24.42000000
2018-02-26 05:04:27,0.00043800,66.24000000
2018-02-26 05:04:27,0.00043800,202.43000000
2018-02-26 05:04:27,0.00043800,79.46000000
2018-02-26 05:04:27,0.00043990,18.05000000
2018-02-26 05:04:27,0.00044000,385.26000000
2018-02-26 05:04:27,0.00043980,301.47000000
2018-02-26 05:04:27,0.00044000,612.53000000
2018-02-26 05:04:28,0.00043990,13.69000000
2018-02-26 05:04:29,0.00043940,7.03000000
2018-02-26 05:04:29,0.00044000,0.47000000
2018-02-26 05:04:29,0.00044000,27.98000000
2018-02-26 05:04:29,0.00043840,206.00000000
2018-02-26 05:04:29,0.00043840,595.21000000
2018-02-26 05:04:29,0.00043840,206.00000000
2018-02-26 05:04:29,0.00043840,45.61000000
2018-02-26 05:04:29,0.00043840,117.99000000
2018-02-26 05:04:29,0.00043840,68.18000000
2018-02-26 05:04:30,0.00043840,11.14000000
2018-02-26 05:04:30,0.00043830,68.18000000
2018-02-26 05:04:30,0.00043840,140.09000000
2018-02-26 05:04:30,0.00043840,189.12000000
2018-02-26 05:04:30,0.00043840,5.78000000
2018-02-26 05:04:30,0.00043840,31.70000000
2018-02-26 05:04:30,0.00043840,5.78000000
2018-02-26 05:04:30,0.00043840,5.78000000
2018-02-26 05:04:30,0.00043840,7.00000000
2018-02-26 05:04:30,0.00043830,10.13000000
2018-02-26 05:04:30,0.00043830,5.78000000
2018-02-26 05:04:30,0.00043840,230.01000000
2018-02-26 05:04:30,0.00043840,2000.00000000
2018-02-26 05:04:30,0.00043840,190.62000000
2018-02-26 05:04:31,0.00043840,100.00000000
2018-02-26 05:04:31,0.00043840,664.29000000
2018-02-26 05:04:31,0.00043840,150.16000000
2018-02-26 05:04:31,0.00043840,553.19000000
2018-02-26 05:04:31,0.00043840,177.51000000
2018-02-26 05:04:31,0.00043830,22.88000000
2018-02-26 05:04:31,0.00043830,2.51000000
2018-02-26 05:04:32,0.00043870,168.00000000
2018-02-26 05:04:32,0.00043870,5.78000000
2018-02-26 05:04:32,0.00043870,5.78000000
2018-02-26 05:04:32,0.00043870,5.41000000
2018-02-26 05:04:32,0.00043870,37.55000000
2018-02-26 05:04:32,0.00043820,11.47000000
2018-02-26 05:04:32,0.00043870,5.79000000
2018-02-26 05:04:33,0.00043820,31.11000000
2018-02-26 05:04:33,0.00043820,422.73000000
2018-02-26 05:04:33,0.00043820,793.49000000
2018-02-26 05:04:33,0.00043810,252.57000000
2018-02-26 05:04:33,0.00043810,77.03000000
2018-02-26 05:04:34,0.00043820,47.91000000
2018-02-26 05:04:34,0.00043860,42.79000000
2018-02-26 05:04:34,0.00043870,32.18000000
2018-02-26 05:04:34,0.00043870,9.36000000
2018-02-26 05:04:34,0.00043870,30.15000000
2018-02-26 05:04:34,0.00043870,23.34000000
2018-02-26 05:04:34,0.00043870,18.51000000
2018-02-26 05:04:34,0.00043820,21.30000000
2018-02-26 05:04:34,0.00043810,103.40000000
2018-02-26 05:04:34,0.00043800,22.83000000
2018-02-26 05:04:34,0.00043780,7.75000000
2018-02-26 05:04:34,0.00043750,3.97000000
2018-02-26 05:04:34,0.00043710,359.31000000
2018-02-26 05:04:35,0.00043830,9.78000000
2018-02-26 05:04:35,0.00043830,8.60000000
2018-02-26 05:04:35,0.00043830,162.42000000
2018-02-26 05:04:35,0.00043810,59.51000000
2018-02-26 05:04:35,0.00043930,2.34000000
2018-02-26 05:04:36,0.00043820,2.20000000
2018-02-26 05:04:36,0.00043820,38.29000000
2018-02-26 05:04:36,0.00043720,308.33000000
2018-02-26 05:04:36,0.00043710,33.33000000
2018-02-26 05:04:36,0.00043710,23.25000000
2018-02-26 05:04:37,0.00043840,9.72000000
2018-02-26 05:04:37,0.00043860,0.58000000
2018-02-26 05:04:37,0.00043840,1.69000000
2018-02-26 05:04:37,0.00043720,29.43000000
2018-02-26 05:04:37,0.00043800,2.77000000
2018-02-26 05:04:38,0.00043820,24.53000000
2018-02-26 05:04:38,0.00043860,6.28000000
2018-02-26 05:04:38,0.00043920,272.79000000
2018-02-26 05:04:38,0.00043900,0.14000000
2018-02-26 05:04:38,0.00043820,146.19000000
2018-02-26 05:04:38,0.00043820,26.82000000
2018-02-26 05:04:39,0.00043900,2.54000000
2018-02-26 05:04:39,0.00043900,62.62000000
2018-02-26 05:04:39,0.00043820,6.45000000
2018-02-26 05:04:39,0.00043820,6.47000000
2018-02-26 05:04:40,0.00043820,6.45000000
2018-02-26 05:04:40,0.00043900,125.32000000
2018-02-26 05:04:40,0.00043920,141.93000000
2018-02-26 05:04:40,0.00043930,19.89000000
2018-02-26 05:04:40,0.00043820,27.96000000
2018-02-26 05:04:40,0.00043930,118.00000000
2018-02-26 05:04:41,0.00043900,20.00000000
2018-02-26 05:04:41,0.00043900,20.00000000
2018-02-26 05:04:41,0.00043900,4.00000000
2018-02-26 05:04:41,0.00043900,6.45000000
2018-02-26 05:04:41,0.00043900,9.83000000
2018-02-26 05:04:41,0.00043900,0.01000000
2018-02-26 05:04:41,0.00043860,244.82000000
2018-02-26 05:04:41,0.00043840,6.99000000
2018-02-26 05:04:41,0.00043820,501.15000000
2018-02-26 05:04:41,0.00043870,0.03000000
2018-02-26 05:04:42,0.00043870,76.11000000
2018-02-26 05:04:43,0.00043820,65.77000000
2018-02-26 05:04:43,0.00043820,4.00000000
2018-02-26 05:04:44,0.00043870,413.85000000
2018-02-26 05:04:44,0.00043900,367.12000000
2018-02-26 05:04:45,0.00043850,308.76000000
2018-02-26 05:04:45,0.00043850,299.99000000
2018-02-26 05:04:45,0.00043850,90.91000000
2018-02-26 05:04:45,0.00043890,213.46000000
2018-02-26 05:04:45,0.00043900,132.88000000
2018-02-26 05:04:45,0.00043850,494.66000000
2018-02-26 05:04:47,0.00043910,4.55000000
2018-02-26 05:04:47,0.00043910,10.31000000
2018-02-26 05:04:47,0.00043920,517.30000000
2018-02-26 05:04:47,0.00043930,73.04000000
2018-02-26 05:04:47,0.00043950,7.63000000
2018-02-26 05:04:47,0.00043900,68.32000000
2018-02-26 05:04:47,0.00043900,71.91000000
2018-02-26 05:04:47,0.00043900,20.28000000
2018-02-26 05:04:48,0.00043900,263.40000000
2018-02-26 05:04:48,0.00043900,4.06000000
2018-02-26 05:04:48,0.00043900,118.00000000
2018-02-26 05:04:49,0.00043900,58.42000000
2018-02-26 05:04:49,0.00043900,117.89000000
2018-02-26 05:04:50,0.00043920,8.52000000
2018-02-26 05:04:51,0.00043940,183.60000000
2018-02-26 05:04:51,0.00043920,3.77000000
2018-02-26 05:04:51,0.00043910,11.60000000
2018-02-26 05:04:51,0.00043900,115.79000000
2018-02-26 05:04:51,0.00043940,90.30000000
2018-02-26 05:04:52,0.00043940,1120.00000000
2018-02-26 05:04:52,0.00043940,46.62000000
2018-02-26 05:04:52,0.00043900,6.65000000
2018-02-26 05:04:52,0.00043900,129.99000000
2018-02-26 05:04:53,0.00043940,594.49000000
2018-02-26 05:04:53,0.00043930,11.39000000
2018-02-26 05:04:53,0.00043900,1673.67000000
2018-02-26 05:04:53,0.00043900,47.90000000
2018-02-26 05:04:53,0.00043900,279.05000000
2018-02-26 05:04:53,0.00043900,188.96000000
2018-02-26 05:04:53,0.00043940,61.05000000
2018-02-26 05:04:54,0.00043850,213.46000000
2018-02-26 05:04:54,0.00043830,796.54000000
2018-02-26 05:04:55,0.00043940,37.11000000
2018-02-26 05:04:55,0.00043940,4.18000000
2018-02-26 05:04:55,0.00043870,1031.97000000
2018-02-26 05:04:56,0.00043940,58.20000000
2018-02-26 05:04:56,0.00043980,479.80000000
2018-02-26 05:04:57,0.00043900,100.00000000
2018-02-26 05:04:58,0.00043980,2.47000000
2018-02-26 05:04:59,0.00043910,11.39000000
2018-02-26 05:04:59,0.00043900,58.29000000
2018-02-26 05:04:59,0.00043900,25.00000000
2018-02-26 05:04:59,0.00043940,2.48000000
2018-02-26 05:05:00,0.00043900,238.55000000
2018-02-26 05:05:00,0.00043940,9.46000000
2018-02-26 05:05:00,0.00043980,28.67000000
2018-02-26 05:05:00,0.00043990,251.93000000
2018-02-26 05:05:00,0.00043990,290.10000000
2018-02-26 05:05:00,0.00043990,260.26000000
2018-02-26 05:05:00,0.00043990,67.98000000
2018-02-26 05:05:01,0.00043900,67.98000000
2018-02-26 05:05:01,0.00043980,23.68000000
2018-02-26 05:05:02,0.00043990,24.61000000
2018-02-26 05:05:02,0.00043980,81.68000000
2018-02-26 05:05:02,0.00043980,10.93000000
2018-02-26 05:05:03,0.00043980,57.76000000
2018-02-26 05:05:03,0.00043910,213.46000000
2018-02-26 05:05:03,0.00043900,295.18000000
2018-02-26 05:05:03,0.00043870,141.24000000
2018-02-26 05:05:03,0.00043990,2.96000000
2018-02-26 05:05:04,0.00043980,13.69000000
2018-02-26 05:05:04,0.00043980,11.37000000
2018-02-26 05:05:05,0.00043980,24.52000000
2018-02-26 05:05:05,0.00043980,71.58000000
2018-02-26 05:05:05,0.00043910,20.64000000
2018-02-26 05:05:06,0.00043980,28.31000000
2018-02-26 05:05:07,0.00043980,53.38000000
2018-02-26 05:05:08,0.00043970,224.00000000
2018-02-26 05:05:08,0.00043980,58.51000000
2018-02-26 05:05:08,0.00043990,92.76000000
2018-02-26 05:05:08,0.00043910,21.84000000
2018-02-26 05:05:09,0.00043990,13.69000000
2018-02-26 05:05:10,0.00043970,7.15000000
2018-02-26 05:05:10,0.00043970,14.79000000
2018-02-26 05:05:11,0.00043980,34.34000000
2018-02-26 05:05:11,0.00043990,54.92000000
2018-02-26 05:05:11,0.00043990,200.26000000
2018-02-26 05:05:11,0.00044000,175.22000000
2018-02-26 05:05:14,0.00043990,232.24000000
2018-02-26 05:05:14,0.00043970,19.86000000
2018-02-26 05:05:14,0.00044000,91.00000000
2018-02-26 05:05:15,0.00043920,213.46000000
2018-02-26 05:05:15,0.00043910,272.98000000
2018-02-26 05:05:15,0.00043910,63.11000000
2018-02-26 05:05:15,0.00043910,2.60000000
2018-02-26 05:05:15,0.00043910,2.66000000
2018-02-26 05:05:16,0.00043910,161.34000000
2018-02-26 05:05:17,0.00043900,22.75000000
2018-02-26 05:05:18,0.00043910,83.85000000
2018-02-26 05:05:19,0.00043990,13.69000000
2018-02-26 05:05:21,0.00043990,199.77000000
2018-02-26 05:05:21,0.00043990,70.77000000
2018-02-26 05:05:22,0.00044000,2494.83000000
2018-02-26 05:05:22,0.00044040,731.32000000
2018-02-26 05:05:22,0.00044050,1314.82000000
2018-02-26 05:05:23,0.00044050,3.46000000
2018-02-26 05:05:23,0.00044050,93.00000000
2018-02-26 05:05:23,0.00044050,103.31000000
2018-02-26 05:05:23,0.00043990,277.62000000
2018-02-26 05:05:23,0.00043940,754.93000000
2018-02-26 05:05:23,0.00043930,1185.74000000
2018-02-26 05:05:23,0.00043910,141.27000000
2018-02-26 05:05:23,0.00043900,304.02000000
2018-02-26 05:05:23,0.00043870,233.11000000
2018-02-26 05:05:23,0.00043870,125.89000000
2018-02-26 05:05:25,0.00043980,12.00000000
2018-02-26 05:05:25,0.00044060,52.51000000
2018-02-26 05:05:26,0.00044060,49.00000000
2018-02-26 05:05:26,0.00044000,83.04000000
2018-02-26 05:05:27,0.00044060,61.60000000
2018-02-26 05:05:28,0.00044100,49.88000000
2018-02-26 05:05:28,0.00044130,277.46000000
2018-02-26 05:05:28,0.00044140,330.79000000
2018-02-26 05:05:28,0.00044150,338.28000000
2018-02-26 05:05:29,0.00044140,0.36000000
2018-02-26 05:05:29,0.00044010,522.22000000
2018-02-26 05:05:29,0.00044000,85.93000000
2018-02-26 05:05:30,0.00044140,14.64000000
2018-02-26 05:05:30,0.00044150,113.02000000
2018-02-26 05:05:30,0.00044150,248.10000000
2018-02-26 05:05:30,0.00044130,13.69000000
2018-02-26 05:05:30,0.00044130,268.42000000
2018-02-26 05:05:31,0.00044130,61.21000000
2018-02-26 05:05:31,0.00044130,20.50000000
2018-02-26 05:05:31,0.00044130,394.94000000
2018-02-26 05:05:32,0.00044070,20.46000000
2018-02-26 05:05:32,0.00044070,29.27000000
2018-02-26 05:05:32,0.00044070,141.05000000
2018-02-26 05:05:32,0.00044130,15.30000000
2018-02-26 05:05:33,0.00044070,10.06000000
2018-02-26 05:05:33,0.00044070,12.62000000
2018-02-26 05:05:33,0.00044130,15.27000000
2018-02-26 05:05:33,0.00044150,13.00000000
2018-02-26 05:05:33,0.00044060,64.43000000
2018-02-26 05:05:33,0.00044100,414.00000000
2018-02-26 05:05:33,0.00044100,3.83000000
2018-02-26 05:05:34,0.00044060,0.02000000
2018-02-26 05:05:34,0.00044010,12.06000000
2018-02-26 05:05:34,0.00044090,26.67000000
2018-02-26 05:05:34,0.00044090,0.96000000
2018-02-26 05:05:35,0.00044090,0.24000000
2018-02-26 05:05:36,0.00044090,7.33000000
2018-02-26 05:05:36,0.00044000,1938.03000000
2018-02-26 05:05:36,0.00044000,192.03000000
2018-02-26 05:05:37,0.00044000,13.83000000
2018-02-26 05:05:37,0.00044000,35.20000000
2018-02-26 05:05:37,0.00044000,69.21000000
2018-02-26 05:05:37,0.00043990,3.00000000
2018-02-26 05:05:38,0.00044000,30.00000000
2018-02-26 05:05:39,0.00043990,194.56000000
2018-02-26 05:05:39,0.00044000,464.10000000
2018-02-26 05:05:39,0.00043990,314.75000000
2018-02-26 05:05:39,0.00044000,894.03000000
2018-02-26 05:05:40,0.00044000,542.59000000
2018-02-26 05:05:40,0.00044000,71.90000000
2018-02-26 05:05:41,0.00043990,127.34000000
2018-02-26 05:05:41,0.00043980,3.97000000
2018-02-26 05:05:42,0.00043940,76.04000000
2018-02-26 05:05:44,0.00043930,5.00000000
2018-02-26 05:05:44,0.00043920,5.83000000
2018-02-26 05:05:46,0.00043990,37.01000000
2018-02-26 05:05:47,0.00043960,71.95000000
2018-02-26 05:05:47,0.00044000,45.15000000
2018-02-26 05:05:47,0.00043950,37.01000000
2018-02-26 05:05:49,0.00043940,795.74000000
2018-02-26 05:05:49,0.00043940,2686.18000000
2018-02-26 05:05:50,0.00043950,173.97000000
2018-02-26 05:05:50,0.00043940,217.08000000
2018-02-26 05:05:50,0.00043920,718.39000000
2018-02-26 05:05:50,0.00043910,479.10000000
2018-02-26 05:05:50,0.00043900,203.08000000
2018-02-26 05:05:50,0.00043890,609.29000000
2018-02-26 05:05:50,0.00043870,84.98000000
2018-02-26 05:05:51,0.00043870,50.00000000
2018-02-26 05:05:51,0.00043940,4.36000000
2018-02-26 05:05:51,0.00043940,78.81000000
2018-02-26 05:05:52,0.00043940,46.03000000
2018-02-26 05:05:53,0.00043890,121.62000000
2018-02-26 05:05:54,0.00043900,94.87000000
2018-02-26 05:05:55,0.00043900,7.04000000
2018-02-26 05:05:55,0.00043900,2434.79000000
2018-02-26 05:05:55,0.00043900,5.70000000
2018-02-26 05:05:56,0.00043900,20.01000000
2018-02-26 05:05:56,0.00043870,108.05000000
2018-02-26 05:05:56,0.00043860,108.97000000
2018-02-26 05:05:56,0.00043850,2.70000000
2018-02-26 05:05:56,0.00043840,34.21000000
2018-02-26 05:05:56,0.00043830,531.08000000
2018-02-26 05:05:57,0.00043900,161.12000000
2018-02-26 05:05:57,0.00043900,17.51000000
2018-02-26 05:05:57,0.00043850,779.86000000
2018-02-26 05:05:57,0.00043850,4.47000000
2018-02-26 05:05:57,0.00043850,213.41000000
2018-02-26 05:05:57,0.00043850,4.43000000
2018-02-26 05:05:57,0.00043850,192.15000000
2018-02-26 05:05:57,0.00043890,11.37000000
2018-02-26 05:05:57,0.00043900,210.79000000
2018-02-26 05:05:58,0.00043870,95.44000000
2018-02-26 05:05:58,0.00043830,736.41000000
2018-02-26 05:05:58,0.00043900,291.00000000
2018-02-26 05:05:58,0.00043890,182.25000000
2018-02-26 05:05:58,0.00043860,149.19000000
2018-02-26 05:05:58,0.00043830,670.53000000
2018-02-26 05:05:58,0.00043820,602.90000000
2018-02-26 05:05:58,0.00043810,242.03000000
2018-02-26 05:05:58,0.00043800,668.74000000
2018-02-26 05:05:59,0.00043890,18.47000000
2018-02-26 05:06:00,0.00043850,200.72000000
2018-02-26 05:06:00,0.00043840,31.52000000
2018-02-26 05:06:00,0.00043840,2.77000000
2018-02-26 05:06:01,0.00043890,7.58000000
2018-02-26 05:06:02,0.00043890,28.60000000
2018-02-26 05:06:02,0.00043840,67.25000000
2018-02-26 05:06:02,0.00043840,68.30000000
2018-02-26 05:06:02,0.00043840,5.44000000
2018-02-26 05:06:02,0.00043840,17.05000000
2018-02-26 05:06:02,0.00043840,57.85000000
2018-02-26 05:06:03,0.00043840,146.91000000
2018-02-26 05:06:03,0.00043800,857.02000000
2018-02-26 05:06:03,0.00043800,139.81000000
2018-02-26 05:06:04,0.00043880,29.73000000
2018-02-26 05:06:05,0.00043800,31.31000000
2018-02-26 05:06:05,0.00043800,213.27000000
2018-02-26 05:06:05,0.00043880,3.95000000
2018-02-26 05:06:06,0.00043870,3.41000000
2018-02-26 05:06:07,0.00043860,3.41000000
2018-02-26 05:06:07,0.00043850,557.06000000
2018-02-26 05:06:07,0.00043800,22.16000000
2018-02-26 05:06:07,0.00043800,22.15000000
2018-02-26 05:06:07,0.00043800,5.43000000
2018-02-26 05:06:07,0.00043800,22.83000000
2018-02-26 05:06:07,0.00043800,20.00000000
2018-02-26 05:06:07,0.00043800,14.99000000
2018-02-26 05:06:07,0.00043870,11.59000000
2018-02-26 05:06:07,0.00043870,37.14000000
2018-02-26 05:06:08,0.00043870,517.27000000
2018-02-26 05:06:08,0.00043800,14.06000000
2018-02-26 05:06:08,0.00043780,11.59000000
2018-02-26 05:06:08,0.00043770,4.05000000
2018-02-26 05:06:08,0.00043770,100.00000000
2018-02-26 05:06:08,0.00043800,4.41000000
2018-02-26 05:06:08,0.00043800,1.47000000
2018-02-26 05:06:10,0.00043800,8.93000000
2018-02-26 05:06:12,0.00043800,126.08000000
2018-02-26 05:06:12,0.00043750,54.08000000
2018-02-26 05:06:12,0.00043740,1.73000000
2018-02-26 05:06:13,0.00043800,62.56000000
2018-02-26 05:06:15,0.00043800,104.65000000
2018-02-26 05:06:15,0.00043870,174.82000000
2018-02-26 05:06:15,0.00043740,100.00000000
2018-02-26 05:06:15,0.00043860,15.00000000
2018-02-26 05:06:15,0.00043870,15.16000000
2018-02-26 05:06:15,0.00043750,15.00000000
2018-02-26 05:06:15,0.00043740,123.70000000
2018-02-26 05:06:15,0.00043730,303.52000000
2018-02-26 05:06:15,0.00043720,9.21000000
2018-02-26 05:06:15,0.00043710,55.84000000
2018-02-26 05:06:16,0.00043720,100.00000000
2018-02-26 05:06:16,0.00043740,32.38000000
2018-02-26 05:06:17,0.00043720,1.47000000
2018-02-26 05:06:17,0.00043730,36.28000000
2018-02-26 05:06:17,0.00043730,63.72000000
2018-02-26 05:06:17,0.00043740,36.69000000
2018-02-26 05:06:18,0.00043740,28.43000000
2018-02-26 05:06:19,0.00043710,207.87000000
2018-02-26 05:06:19,0.00043710,57.52000000
2018-02-26 05:06:20,0.00043710,1444.44000000
2018-02-26 05:06:20,0.00043710,54.17000000
2018-02-26 05:06:20,0.00043700,4.58000000
2018-02-26 05:06:20,0.00043690,14.26000000
2018-02-26 05:06:20,0.00043650,740.99000000
2018-02-26 05:06:20,0.00043700,716.72000000
2018-02-26 05:06:21,0.00043700,7.18000000
2018-02-26 05:06:24,0.00043640,6.87000000
2018-02-26 05:06:24,0.00043630,39.69000000
2018-02-26 05:06:24,0.00043630,224.16000000
2018-02-26 05:06:24,0.00043620,491.77000000
2018-02-26 05:06:24,0.00043690,2.55000000
2018-02-26 05:06:24,0.00043620,213.54000000
2018-02-26 05:06:25,0.00043620,183.41000000
2018-02-26 05:06:27,0.00043690,210.91000000
2018-02-26 05:06:27,0.00043700,36.98000000
2018-02-26 05:06:27,0.00043640,247.82000000
2018-02-26 05:06:27,0.00043620,816.41000000
2018-02-26 05:06:27,0.00043620,69.94000000
2018-02-26 05:06:27,0.00043620,9.99000000
2018-02-26 05:06:27,0.00043620,7.16000000
2018-02-26 05:06:27,0.00043700,2.83000000
2018-02-26 05:06:28,0.00043650,9.99000000
2018-02-26 05:06:28,0.00043650,203.47000000
2018-02-26 05:06:28,0.00043620,99.43000000
2018-02-26 05:06:28,0.00043700,23.77000000
2018-02-26 05:06:28,0.00043600,18.35000000
2018-02-26 05:06:28,0.00043590,80.24000000
2018-02-26 05:06:28,0.00043580,2.31000000
2018-02-26 05:06:28,0.00043560,25.00000000
2018-02-26 05:06:28,0.00043550,231.51000000
2018-02-26 05:06:28,0.00043540,28.17000000
2018-02-26 05:06:30,0.00043540,12.00000000
2018-02-26 05:06:31,0.00043610,2.75000000
2018-02-26 05:06:31,0.00043540,2264.60000000
2018-02-26 05:06:33,0.00043540,10.39000000
2018-02-26 05:06:33,0.00043540,2.67000000
2018-02-26 05:06:33,0.00043540,10.42000000
2018-02-26 05:06:33,0.00043510,433.00000000
2018-02-26 05:06:33,0.00043500,41.56000000
2018-02-26 05:06:33,0.00043490,9.19000000
2018-02-26 05:06:33,0.00043480,50.38000000
2018-02-26 05:06:33,0.00043470,8.20000000
2018-02-26 05:06:33,0.00043410,15.00000000
2018-02-26 05:06:33,0.00043400,4.13000000
2018-02-26 05:06:33,0.00043390,68.35000000
2018-02-26 05:06:33,0.00043390,38.04000000
2018-02-26 05:06:33,0.00043380,955.99000000
2018-02-26 05:06:33,0.00043370,278.05000000
2018-02-26 05:06:33,0.00043360,64.22000000
2018-02-26 05:06:33,0.00043350,67.50000000
2018-02-26 05:06:33,0.00043340,524.75000000
2018-02-26 05:06:33,0.00043330,12.11000000
2018-02-26 05:06:33,0.00043320,240.84000000
2018-02-26 05:06:33,0.00043300,179.96000000
2018-02-26 05:06:33,0.00043290,1792.90000000
2018-02-26 05:06:33,0.00043490,54.81000000
2018-02-26 05:06:33,0.00043540,4.04000000
2018-02-26 05:06:33,0.00043540,20.50000000
2018-02-26 05:06:34,0.00043540,4.04000000
2018-02-26 05:06:34,0.00043540,28.10000000
2018-02-26 05:06:34,0.00043540,72.47000000
2018-02-26 05:06:35,0.00043500,10.81000000
2018-02-26 05:06:35,0.00043410,48.03000000
2018-02-26 05:06:36,0.00043530,65.59000000
2018-02-26 05:06:36,0.00043500,35.32000000
2018-02-26 05:06:36,0.00043420,11.51000000
2018-02-26 05:06:36,0.00043410,139.97000000
2018-02-26 05:06:36,0.00043400,77.00000000
2018-02-26 05:06:36,0.00043390,750.00000000
2018-02-26 05:06:36,0.00043300,76.04000000
2018-02-26 05:06:36,0.00043290,9.56000000
2018-02-26 05:06:36,0.00043280,170.57000000
2018-02-26 05:06:36,0.00043260,1512.74000000
2018-02-26 05:06:37,0.00043500,107.47000000
2018-02-26 05:06:37,0.00043500,68.59000000
2018-02-26 05:06:37,0.00043500,69.00000000
2018-02-26 05:06:37,0.00043500,89.56000000
2018-02-26 05:06:37,0.00043500,39.73000000
2018-02-26 05:06:37,0.00043500,68.59000000
2018-02-26 05:06:37,0.00043510,13.69000000
2018-02-26 05:06:38,0.00043510,425.94000000
2018-02-26 05:06:38,0.00043500,0.41000000
2018-02-26 05:06:38,0.00043350,0.79000000
2018-02-26 05:06:38,0.00043510,4.04000000
2018-02-26 05:06:40,0.00043490,230.84000000
2018-02-26 05:06:41,0.00043480,68.84000000
2018-02-26 05:06:41,0.00043480,22.99000000
2018-02-26 05:06:41,0.00043360,68.84000000
2018-02-26 05:06:41,0.00043480,9.14000000
2018-02-26 05:06:41,0.00043500,67.08000000
2018-02-26 05:06:41,0.00043350,219.05000000
2018-02-26 05:06:42,0.00043370,11.52000000
2018-02-26 05:06:42,0.00043350,56.12000000
2018-02-26 05:06:42,0.00043340,72.83000000
2018-02-26 05:06:42,0.00043320,19.84000000
2018-02-26 05:06:43,0.00043350,637.22000000
2018-02-26 05:06:43,0.00043350,69.04000000
2018-02-26 05:06:43,0.00043350,24.83000000
2018-02-26 05:06:45,0.00043480,9.05000000
2018-02-26 05:06:45,0.00043480,121.47000000
2018-02-26 05:06:46,0.00043480,32.35000000
2018-02-26 05:06:46,0.00043480,89.12000000
2018-02-26 05:06:46,0.00043360,15.00000000
2018-02-26 05:06:46,0.00043350,13.69000000
2018-02-26 05:06:46,0.00043350,58.09000000
2018-02-26 05:06:46,0.00043350,20.00000000
2018-02-26 05:06:46,0.00043350,4.10000000
2018-02-26 05:06:46,0.00043490,20.00000000
2018-02-26 05:06:47,0.00043490,59.98000000
2018-02-26 05:06:47,0.00043350,20.00000000
2018-02-26 05:06:47,0.00043330,79.90000000
2018-02-26 05:06:50,0.00043350,10.07000000
2018-02-26 05:06:50,0.00043350,5.70000000
2018-02-26 05:06:50,0.00043350,82.56000000
2018-02-26 05:06:51,0.00043350,5.70000000
2018-02-26 05:06:51,0.00043320,853.52000000
2018-02-26 05:06:51,0.00043280,122.56000000
2018-02-26 05:06:52,0.00043440,4.51000000
2018-02-26 05:06:52,0.00043400,4.51000000
2018-02-26 05:06:52,0.00043400,318.89000000
2018-02-26 05:06:53,0.00043410,4.51000000
2018-02-26 05:06:53,0.00043400,23.81000000
2018-02-26 05:06:53,0.00043400,57.42000000
2018-02-26 05:06:53,0.00043440,10.49000000
2018-02-26 05:06:53,0.00043450,34.44000000
2018-02-26 05:06:55,0.00043350,127.53000000
2018-02-26 05:06:55,0.00043360,10.49000000
2018-02-26 05:06:55,0.00043350,2.59000000
2018-02-26 05:06:55,0.00043350,54.40000000
2018-02-26 05:06:55,0.00043440,2.59000000
2018-02-26 05:06:55,0.00043440,1.92000000
2018-02-26 05:06:55,0.00043450,13.03000000
2018-02-26 05:06:56,0.00043450,183.29000000
2018-02-26 05:06:56,0.00043460,304.71000000
2018-02-26 05:06:58,0.00043430,35.57000000
2018-02-26 05:06:58,0.00043430,8.18000000
2018-02-26 05:06:59,0.00043360,217.97000000
2018-02-26 05:06:59,0.00043350,273.88000000
2018-02-26 05:07:01,0.00043380,510.41000000
2018-02-26 05:07:01,0.00043360,134.29000000
2018-02-26 05:07:01,0.00043350,611.01000000
2018-02-26 05:07:01,0.00043310,378.91000000
2018-02-26 05:07:01,0.00043300,1650.28000000
2018-02-26 05:07:01,0.00043400,2.97000000
2018-02-26 05:07:01,0.00043400,295.55000000
2018-02-26 05:07:01,0.00043400,68.98000000
2018-02-26 05:07:01,0.00043400,296.09000000
2018-02-26 05:07:02,0.00043390,23.24000000
2018-02-26 05:07:02,0.00043300,819.65000000
2018-02-26 05:07:02,0.00043270,50.59000000
2018-02-26 05:07:02,0.00043300,1291.05000000
2018-02-26 05:07:03,0.00043400,3.06000000
2018-02-26 05:07:03,0.00043390,85.22000000
2018-02-26 05:07:03,0.00043360,3.95000000
2018-02-26 05:07:03,0.00043360,9.64000000
2018-02-26 05:07:04,0.00043400,68.98000000
2018-02-26 05:07:04,0.00043400,103.22000000
2018-02-26 05:07:04,0.00043400,55.17000000
2018-02-26 05:07:04,0.00043400,68.98000000
2018-02-26 05:07:04,0.00043400,168.36000000
2018-02-26 05:07:04,0.00043360,59.08000000
2018-02-26 05:07:04,0.00043400,2.70000000
2018-02-26 05:07:07,0.00043360,99.97000000
2018-02-26 05:07:08,0.00043400,7.76000000
2018-02-26 05:07:08,0.00043400,55.38000000
2018-02-26 05:07:10,0.00043400,23.35000000
2018-02-26 05:07:10,0.00043370,9.22000000
2018-02-26 05:07:10,0.00043400,47.75000000
2018-02-26 05:07:11,0.00043400,169.38000000
2018-02-26 05:07:12,0.00043400,13.09000000
2018-02-26 05:07:13,0.00043400,60.00000000
2018-02-26 05:07:13,0.00043430,0.02000000
2018-02-26 05:07:14,0.00043430,3.93000000
2018-02-26 05:07:14,0.00043400,17.67000000
2018-02-26 05:07:14,0.00043450,256.74000000
2018-02-26 05:07:14,0.00043400,1068.17000000
2018-02-26 05:07:15,0.00043450,17.84000000
2018-02-26 05:07:15,0.00043460,56.26000000
2018-02-26 05:07:15,0.00043470,109.84000000
2018-02-26 05:07:16,0.00043400,338.52000000
2018-02-26 05:07:16,0.00043470,103.62000000
2018-02-26 05:07:16,0.00043470,109.56000000
2018-02-26 05:07:16,0.00043480,400.41000000
2018-02-26 05:07:17,0.00043480,382.36000000
2018-02-26 05:07:17,0.00043500,901.38000000
2018-02-26 05:07:17,0.00043510,1312.26000000
2018-02-26 05:07:17,0.00043470,11.28000000
2018-02-26 05:07:17,0.00043500,77.00000000
2018-02-26 05:07:18,0.00043500,4.04000000
2018-02-26 05:07:18,0.00043500,460.51000000
2018-02-26 05:07:19,0.00043500,2.45000000
2018-02-26 05:07:19,0.00043510,267.89000000
2018-02-26 05:07:19,0.00043530,403.88000000
2018-02-26 05:07:19,0.00043530,240.90000000
2018-02-26 05:07:19,0.00043510,422.73000000
2018-02-26 05:07:20,0.00043530,410.44000000
2018-02-26 05:07:20,0.00043540,1449.19000000
2018-02-26 05:07:20,0.00043540,644.78000000
2018-02-26 05:07:22,0.00043600,1.64000000
2018-02-26 05:07:22,0.00043540,20.34000000
2018-02-26 05:07:22,0.00043600,82.37000000
2018-02-26 05:07:23,0.00043600,31.46000000
2018-02-26 05:07:23,0.00043600,51.64000000
2018-02-26 05:07:23,0.00043640,38.21000000
2018-02-26 05:07:23,0.00043660,687.70000000
2018-02-26 05:07:23,0.00043560,36.03000000
2018-02-26 05:07:24,0.00043560,20.00000000
2018-02-26 05:07:24,0.00043560,29.55000000
2018-02-26 05:07:26,0.00043660,353.76000000
2018-02-26 05:07:26,0.00043620,2.63000000
2018-02-26 05:07:28,0.00043570,8.10000000
2018-02-26 05:07:29,0.00043570,92.00000000
2018-02-26 05:07:29,0.00043580,2.38000000
2018-02-26 05:07:29,0.00043580,58.58000000
2018-02-26 05:07:29,0.00043580,1.31000000
2018-02-26 05:07:29,0.00043570,83.82000000
2018-02-26 05:07:30,0.00043570,959.85000000
2018-02-26 05:07:31,0.00043570,21.44000000
2018-02-26 05:07:31,0.00043570,129.48000000
2018-02-26 05:07:31,0.00043560,37.35000000
2018-02-26 05:07:31,0.00043650,403.88000000
2018-02-26 05:07:31,0.00043660,1169.83000000
2018-02-26 05:07:31,0.00043690,374.63000000
2018-02-26 05:07:31,0.00043700,74.79000000
2018-02-26 05:07:31,0.00043700,22.99000000
2018-02-26 05:07:31,0.00043700,22.98000000
2018-02-26 05:07:31,0.00043700,23.00000000
2018-02-26 05:07:31,0.00043700,22.99000000
2018-02-26 05:07:31,0.00043700,6.49000000
2018-02-26 05:07:32,0.00043700,2.45000000
2018-02-26 05:07:32,0.00043700,34.15000000
2018-02-26 05:07:32,0.00043700,607.02000000
2018-02-26 05:07:32,0.00043700,316.70000000
2018-02-26 05:07:35,0.00043690,194.99000000
2018-02-26 05:07:35,0.00043700,162.10000000
2018-02-26 05:07:35,0.00043700,323.57000000
2018-02-26 05:07:35,0.00043580,84.99000000
2018-02-26 05:07:35,0.00043570,601.73000000
2018-02-26 05:07:35,0.00043560,33.26000000
2018-02-26 05:07:36,0.00043700,74.24000000
2018-02-26 05:07:37,0.00043700,47.22000000
2018-02-26 05:07:38,0.00043700,10.20000000
2018-02-26 05:07:40,0.00043690,128.56000000
2018-02-26 05:07:41,0.00043690,234.03000000
2018-02-26 05:07:41,0.00043700,4.19000000
2018-02-26 05:07:44,0.00043700,2.28000000
2018-02-26 05:07:44,0.00043660,191.52000000
2018-02-26 05:07:45,0.00043700,25.00000000
2018-02-26 05:07:45,0.00043700,100.49000000
2018-02-26 05:07:45,0.00043700,9.15000000
2018-02-26 05:07:47,0.00043690,2.29000000
2018-02-26 05:07:48,0.00043690,161.59000000
2018-02-26 05:07:48,0.00043690,733.94000000
2018-02-26 05:07:48,0.00043660,487.27000000
2018-02-26 05:07:48,0.00043630,22.21000000
2018-02-26 05:07:48,0.00043620,639.91000000
2018-02-26 05:07:48,0.00043600,499.55000000
2018-02-26 05:07:48,0.00043600,73.81000000
2018-02-26 05:07:49,0.00043580,31.25000000
2018-02-26 05:07:49,0.00043600,0.01000000
2018-02-26 05:07:49,0.00043680,34.15000000
2018-02-26 05:07:49,0.00043690,46.73000000
2018-02-26 05:07:50,0.00043690,0.76000000
2018-02-26 05:07:52,0.00043580,192.61000000
2018-02-26 05:07:52,0.00043570,2049.34000000
2018-02-26 05:07:53,0.00043570,15.00000000
2018-02-26 05:07:53,0.00043570,51.17000000
2018-02-26 05:07:53,0.00043570,222.00000000
2018-02-26 05:07:54,0.00043570,224.70000000
2018-02-26 05:07:54,0.00043570,201.86000000
2018-02-26 05:07:54,0.00043560,10.94000000
2018-02-26 05:07:54,0.00043550,187.61000000
2018-02-26 05:07:56,0.00043570,11.48000000
2018-02-26 05:07:56,0.00043550,903.56000000
2018-02-26 05:07:59,0.00043570,19.65000000
2018-02-26 05:07:59,0.00043570,20.35000000
2018-02-26 05:07:59,0.00043660,15.00000000
2018-02-26 05:07:59,0.00043670,172.64000000
2018-02-26 05:07:59,0.00043680,301.47000000
2018-02-26 05:07:59,0.00043700,521.35000000
2018-02-26 05:08:01,0.00043580,9.72000000
2018-02-26 05:08:06,0.00043580,183.90000000
2018-02-26 05:08:06,0.00043550,283.80000000
2018-02-26 05:08:09,0.00043580,11.24000000
2018-02-26 05:08:09,0.00043550,2584.76000000
2018-02-26 05:08:10,0.00043550,13.76000000
2018-02-26 05:08:10,0.00043510,446.22000000
2018-02-26 05:08:10,0.00043500,59.14000000
2018-02-26 05:08:10,0.00043470,42.80000000
2018-02-26 05:08:10,0.00043440,7.03000000
2018-02-26 05:08:10,0.00043420,213.46000000
2018-02-26 05:08:10,0.00043400,230.41000000
2018-02-26 05:08:10,0.00043400,242.66000000
2018-02-26 05:08:10,0.00043640,2.52000000
2018-02-26 05:08:11,0.00043640,217.87000000
2018-02-26 05:08:11,0.00043570,15.00000000
2018-02-26 05:08:11,0.00043560,73.25000000
2018-02-26 05:08:11,0.00043550,16.53000000
2018-02-26 05:08:14,0.00043540,54.00000000
2018-02-26 05:08:15,0.00043540,107.52000000
2018-02-26 05:08:16,0.00043440,15.00000000
2018-02-26 05:08:16,0.00043430,7.76000000
2018-02-26 05:08:17,0.00043430,15.57000000
2018-02-26 05:08:17,0.00043420,1.53000000
2018-02-26 05:08:18,0.00043480,7.24000000
2018-02-26 05:08:18,0.00043490,139.28000000
2018-02-26 05:08:18,0.00043490,89.76000000
2018-02-26 05:08:18,0.00043450,11.51000000
2018-02-26 05:08:18,0.00043410,309.24000000
2018-02-26 05:08:21,0.00043450,10.00000000
2018-02-26 05:08:21,0.00043410,9.12000000
2018-02-26 05:08:21,0.00043450,169.13000000
2018-02-26 05:08:21,0.00043450,4.48000000
2018-02-26 05:08:21,0.00043450,142.76000000
2018-02-26 05:08:21,0.00043450,6.08000000
2018-02-26 05:08:21,0.00043450,6.07000000
2018-02-26 05:08:22,0.00043450,185.18000000
2018-02-26 05:08:22,0.00043450,131.54000000
2018-02-26 05:08:22,0.00043420,29.64000000
2018-02-26 05:08:22,0.00043420,1026.54000000
2018-02-26 05:08:22,0.00043400,341.47000000
2018-02-26 05:08:22,0.00043370,106.07000000
2018-02-26 05:08:22,0.00043360,459.10000000
2018-02-26 05:08:22,0.00043340,1515.41000000
2018-02-26 05:08:22,0.00043330,3017.98000000
2018-02-26 05:08:22,0.00043330,230.78000000
2018-02-26 05:08:22,0.00043330,550.13000000
2018-02-26 05:08:22,0.00043330,69.04000000
2018-02-26 05:08:22,0.00043330,227.55000000
2018-02-26 05:08:23,0.00043330,273.06000000
2018-02-26 05:08:23,0.00043330,230.79000000
2018-02-26 05:08:23,0.00043330,9.76000000
2018-02-26 05:08:23,0.00043330,5.55000000
2018-02-26 05:08:23,0.00043330,22.99000000
2018-02-26 05:08:24,0.00043330,12.00000000
2018-02-26 05:08:24,0.00043330,17.67000000
2018-02-26 05:08:24,0.00043400,16.65000000
2018-02-26 05:08:24,0.00043330,4.07000000
2018-02-26 05:08:25,0.00043320,15.69000000
2018-02-26 05:08:25,0.00043310,432.89000000
2018-02-26 05:08:25,0.00043300,357.23000000
2018-02-26 05:08:25,0.00043290,36.26000000
2018-02-26 05:08:25,0.00043330,3.62000000
2018-02-26 05:08:25,0.00043290,79.24000000
2018-02-26 05:08:25,0.00043280,1056.74000000
2018-02-26 05:08:25,0.00043270,318.71000000
2018-02-26 05:08:25,0.00043320,21.95000000
2018-02-26 05:08:25,0.00043330,69.61000000
2018-02-26 05:08:27,0.00043320,5.83000000
2018-02-26 05:08:27,0.00043320,207.62000000
2018-02-26 05:08:29,0.00043330,1416.90000000
2018-02-26 05:08:31,0.00043320,1.16000000
2018-02-26 05:08:31,0.00043320,12.83000000
2018-02-26 05:08:32,0.00043320,2.62000000
2018-02-26 05:08:32,0.00043330,433.09000000
2018-02-26 05:08:34,0.00043330,14.55000000
2018-02-26 05:08:34,0.00043330,278.34000000
2018-02-26 05:08:34,0.00043280,89.50000000
2018-02-26 05:08:35,0.00043280,123.95000000
2018-02-26 05:08:35,0.00043270,420.05000000
2018-02-26 05:08:35,0.00043330,60.02000000
2018-02-26 05:08:35,0.00043330,482.48000000
2018-02-26 05:08:36,0.00043330,227.55000000
2018-02-26 05:08:36,0.00043330,12.70000000
2018-02-26 05:08:36,0.00043330,92.80000000
2018-02-26 05:08:37,0.00043330,164.00000000
2018-02-26 05:08:37,0.00043330,21.31000000
2018-02-26 05:08:37,0.00043280,133.63000000
2018-02-26 05:08:37,0.00043280,241.55000000
2018-02-26 05:08:39,0.00043310,2.71000000
2018-02-26 05:08:39,0.00043300,376.00000000
2018-02-26 05:08:40,0.00043310,128.56000000
2018-02-26 05:08:40,0.00043310,93.44000000
2018-02-26 05:08:40,0.00043300,7.64000000
2018-02-26 05:08:40,0.00043280,5304.16000000
2018-02-26 05:08:41,0.00043300,1191.78000000
2018-02-26 05:08:41,0.00043330,405.13000000
2018-02-26 05:08:42,0.00043290,18.37000000
2018-02-26 05:08:43,0.00043290,203.63000000
2018-02-26 05:08:43,0.00043280,3039.52000000
2018-02-26 05:08:43,0.00043300,45.00000000
2018-02-26 05:08:43,0.00043320,468.24000000
2018-02-26 05:08:44,0.00043300,23.25000000
2018-02-26 05:08:44,0.00043320,325.40000000
2018-02-26 05:08:46,0.00043300,21.61000000
2018-02-26 05:08:46,0.00043300,172.00000000
2018-02-26 05:08:46,0.00043320,174.57000000
2018-02-26 05:08:46,0.00043320,0.06000000
2018-02-26 05:08:46,0.00043320,5.91000000
2018-02-26 05:08:46,0.00043300,5.14000000
2018-02-26 05:08:47,0.00043280,4.82000000
2018-02-26 05:08:48,0.00043300,36.01000000
2018-02-26 05:08:49,0.00043300,61.82000000
2018-02-26 05:08:49,0.00043320,175.61000000
2018-02-26 05:08:50,0.00043290,308.03000000
2018-02-26 05:08:50,0.00043280,1384.57000000
2018-02-26 05:08:52,0.00043280,439.28000000
2018-02-26 05:08:52,0.00043300,147.27000000
2018-02-26 05:08:52,0.00043300,21.39000000
2018-02-26 05:08:52,0.00043280,209.48000000
2018-02-26 05:08:53,0.00043280,130.98000000
2018-02-26 05:08:54,0.00043280,166.68000000
2018-02-26 05:08:54,0.00043300,100.00000000
2018-02-26 05:08:54,0.00043320,556.87000000
2018-02-26 05:08:54,0.00043330,1190.87000000
2018-02-26 05:08:57,0.00043320,152.00000000
2018-02-26 05:08:58,0.00043320,61.46000000
2018-02-26 05:08:58,0.00043330,2413.39000000
2018-02-26 05:09:01,0.00043330,580.00000000
2018-02-26 05:09:03,0.00043350,13.37000000
2018-02-26 05:09:06,0.00043350,148.22000000
2018-02-26 05:09:08,0.00043420,145.00000000
2018-02-26 05:09:08,0.00043350,7.51000000
2018-02-26 05:09:08,0.00043420,5.91000000
2018-02-26 05:09:08,0.00043460,17.50000000
2018-02-26 05:09:09,0.00043350,16.68000000
2018-02-26 05:09:10,0.00043350,954.85000000
2018-02-26 05:09:10,0.00043330,1418.21000000
2018-02-26 05:09:12,0.00043330,1.64000000
2018-02-26 05:09:14,0.00043360,25.00000000
2018-02-26 05:09:14,0.00043350,6.03000000
2018-02-26 05:09:14,0.00043340,55.88000000
2018-02-26 05:09:15,0.00043400,797.87000000
2018-02-26 05:09:16,0.00043400,99.98000000
2018-02-26 05:09:17,0.00043400,45.35000000
2018-02-26 05:09:24,0.00043410,148.64000000
2018-02-26 05:09:24,0.00043400,1586.50000000
2018-02-26 05:09:24,0.00043400,699.09000000
2018-02-26 05:09:24,0.00043400,1269.45000000
2018-02-26 05:09:25,0.00043430,587.86000000
2018-02-26 05:09:25,0.00043400,179.46000000
2018-02-26 05:09:26,0.00043340,211.53000000
2018-02-26 05:09:26,0.00043340,217.95000000
2018-02-26 05:09:26,0.00043340,140.78000000
2018-02-26 05:09:26,0.00043390,92.70000000
2018-02-26 05:09:26,0.00043390,185.22000000
2018-02-26 05:09:26,0.00043400,341.50000000
2018-02-26 05:09:27,0.00043330,4.57000000
2018-02-26 05:09:28,0.00043390,248.38000000
2018-02-26 05:09:29,0.00043390,53.09000000
2018-02-26 05:09:29,0.00043400,46.91000000
2018-02-26 05:09:29,0.00043330,125.21000000
2018-02-26 05:09:30,0.00043330,56.98000000
2018-02-26 05:09:30,0.00043270,440.78000000
2018-02-26 05:09:30,0.00043270,77.90000000
2018-02-26 05:09:30,0.00043270,69.17000000
2018-02-26 05:09:30,0.00043270,213.46000000
2018-02-26 05:09:30,0.00043260,69.18000000
2018-02-26 05:09:30,0.00043270,11.56000000
2018-02-26 05:09:31,0.00043270,8.76000000
2018-02-26 05:09:31,0.00043270,17.25000000
2018-02-26 05:09:32,0.00043270,10.76000000
2018-02-26 05:09:32,0.00043260,99.90000000
2018-02-26 05:09:32,0.00043270,4.50000000
2018-02-26 05:09:33,0.00043270,266.73000000
2018-02-26 05:09:33,0.00043270,77.48000000
2018-02-26 05:09:34,0.00043270,222.00000000
2018-02-26 05:09:34,0.00043260,856.48000000
2018-02-26 05:09:34,0.00043250,480.89000000
2018-02-26 05:09:35,0.00043260,122.64000000
2018-02-26 05:09:36,0.00043260,109.73000000
2018-02-26 05:09:36,0.00043260,168.49000000
2018-02-26 05:09:36,0.00043260,24.30000000
2018-02-26 05:09:36,0.00043250,37.45000000
2018-02-26 05:09:39,0.00043300,35.00000000
2018-02-26 05:09:39,0.00043260,27.03000000
2018-02-26 05:09:39,0.00043250,176.79000000
2018-02-26 05:09:41,0.00043330,353.23000000
2018-02-26 05:09:41,0.00043360,130.35000000
2018-02-26 05:09:41,0.00043250,228.72000000
2018-02-26 05:09:41,0.00043270,20.00000000
2018-02-26 05:09:41,0.00043250,147.39000000
2018-02-26 05:09:41,0.00043230,2.75000000
2018-02-26 05:09:41,0.00043220,610.05000000
2018-02-26 05:09:42,0.00043220,1621.51000000
2018-02-26 05:09:42,0.00043210,212.22000000
2018-02-26 05:09:42,0.00043210,433.78000000
2018-02-26 05:09:42,0.00043220,15.00000000
2018-02-26 05:09:42,0.00043210,1316.84000000
2018-02-26 05:09:43,0.00043210,226.00000000
2018-02-26 05:09:43,0.00043210,860.46000000
2018-02-26 05:09:43,0.00043210,100.00000000
2018-02-26 05:09:43,0.00043210,1159.90000000
2018-02-26 05:09:43,0.00043200,163.46000000
2018-02-26 05:09:43,0.00043170,8.67000000
2018-02-26 05:09:43,0.00043160,63.02000000
2018-02-26 05:09:43,0.00043140,38.48000000
2018-02-26 05:09:43,0.00043130,12.21000000
2018-02-26 05:09:43,0.00043100,137.75000000
2018-02-26 05:09:43,0.00043090,4.33000000
2018-02-26 05:09:43,0.00043050,43.00000000
2018-02-26 05:09:43,0.00043040,5.05000000
2018-02-26 05:09:43,0.00043030,2.53000000
2018-02-26 05:09:43,0.00043020,152.85000000
2018-02-26 05:09:43,0.00043010,1246.59000000
2018-02-26 05:09:43,0.00043010,662.22000000
2018-02-26 05:09:43,0.00043090,67.32000000
2018-02-26 05:09:43,0.00043090,47.09000000
2018-02-26 05:09:43,0.00043090,3.73000000
2018-02-26 05:09:43,0.00043150,9.13000000
2018-02-26 05:09:43,0.00043150,139.72000000
2018-02-26 05:09:43,0.00043150,130.60000000
2018-02-26 05:09:43,0.00043150,69.28000000
2018-02-26 05:09:43,0.00043150,116.43000000
2018-02-26 05:09:43,0.00043150,306.98000000
2018-02-26 05:09:44,0.00043230,144.60000000
2018-02-26 05:09:44,0.00043230,39.00000000
2018-02-26 05:09:44,0.00043200,2.53000000
2018-02-26 05:09:45,0.00043200,669.26000000
2018-02-26 05:09:45,0.00043200,53.18000000
2018-02-26 05:09:45,0.00043150,5.76000000
2018-02-26 05:09:45,0.00043150,5.83000000
2018-02-26 05:09:45,0.00043100,20.00000000
2018-02-26 05:09:45,0.00043090,15.00000000
2018-02-26 05:09:45,0.00043100,19.99000000
2018-02-26 05:09:45,0.00043100,19.99000000
2018-02-26 05:09:45,0.00043100,20.00000000
2018-02-26 05:09:45,0.00043100,23.20000000
2018-02-26 05:09:45,0.00043100,20.00000000
2018-02-26 05:09:45,0.00043100,16.67000000
2018-02-26 05:09:45,0.00043100,87.99000000
2018-02-26 05:09:45,0.00043100,10.46000000
2018-02-26 05:09:45,0.00043100,4.98000000
2018-02-26 05:09:45,0.00043100,9.15000000
2018-02-26 05:09:45,0.00043100,7.02000000
2018-02-26 05:09:45,0.00043100,11.25000000
2018-02-26 05:09:46,0.00043100,3.50000000
2018-02-26 05:09:46,0.00043100,8.00000000
2018-02-26 05:09:46,0.00043100,282.35000000
2018-02-26 05:09:46,0.00043100,498.22000000
2018-02-26 05:09:46,0.00043100,4.08000000
2018-02-26 05:09:47,0.00043100,8.99000000
2018-02-26 05:09:47,0.00043090,87.28000000
2018-02-26 05:09:47,0.00043100,8.99000000
2018-02-26 05:09:47,0.00043100,8.99000000
2018-02-26 05:09:47,0.00043100,563.47000000
2018-02-26 05:09:47,0.00043100,353.56000000
2018-02-26 05:09:47,0.00043100,143.96000000
2018-02-26 05:09:47,0.00043100,9.05000000
2018-02-26 05:09:47,0.00043100,37.89000000
2018-02-26 05:09:47,0.00043100,0.12000000
2018-02-26 05:09:47,0.00043140,3.50000000
2018-02-26 05:09:47,0.00043190,522.35000000
2018-02-26 05:09:47,0.00043200,2124.74000000
2018-02-26 05:09:48,0.00043190,503.59000000
2018-02-26 05:09:48,0.00043140,25.78000000
2018-02-26 05:09:50,0.00043140,90.91000000
2018-02-26 05:09:50,0.00043020,10.20000000
2018-02-26 05:09:51,0.00043140,96.77000000
2018-02-26 05:09:51,0.00043040,24.78000000
2018-02-26 05:09:52,0.00043050,44.00000000
2018-02-26 05:09:53,0.00043100,5.82000000
2018-02-26 05:09:54,0.00043070,25.53000000
2018-02-26 05:09:54,0.00043060,23.42000000
2018-02-26 05:09:54,0.00043050,18.05000000
2018-02-26 05:09:54,0.00043090,7.40000000
2018-02-26 05:09:54,0.00043090,7.58000000
2018-02-26 05:09:55,0.00043080,10.99000000
2018-02-26 05:09:55,0.00043050,18.91000000
2018-02-26 05:09:55,0.00043040,59.65000000
2018-02-26 05:09:55,0.00043030,268.90000000
2018-02-26 05:09:55,0.00043090,9.15000000
2018-02-26 05:09:56,0.00043090,15.63000000
2018-02-26 05:09:56,0.00043100,148.11000000
2018-02-26 05:09:56,0.00043050,69.51000000
2018-02-26 05:09:56,0.00043050,125.75000000
2018-02-26 05:09:57,0.00043090,48.53000000
2018-02-26 05:09:57,0.00043030,32.57000000
2018-02-26 05:09:57,0.00043020,1.28000000
2018-02-26 05:09:58,0.00043020,448.36000000
2018-02-26 05:09:58,0.00043010,9.53000000
2018-02-26 05:09:59,0.00043010,14.08000000
2018-02-26 05:10:00,0.00043020,69.51000000
2018-02-26 05:10:00,0.00043020,23.24000000
2018-02-26 05:10:00,0.00043010,29.00000000
2018-02-26 05:10:00,0.00043020,69.51000000
2018-02-26 05:10:00,0.00043020,70.00000000
2018-02-26 05:10:00,0.00043020,70.00000000
2018-02-26 05:10:00,0.00043020,69.51000000
2018-02-26 05:10:00,0.00043010,69.51000000
2018-02-26 05:10:01,0.00043010,20.71000000
2018-02-26 05:10:01,0.00043020,750.69000000
2018-02-26 05:10:02,0.00043100,22.98000000
2018-02-26 05:10:02,0.00043020,34.02000000
2018-02-26 05:10:02,0.00043020,40.32000000
2018-02-26 05:10:03,0.00043050,69.54000000
2018-02-26 05:10:03,0.00043050,7.36000000
2018-02-26 05:10:04,0.00043020,17.72000000
2018-02-26 05:10:04,0.00043010,853.29000000
2018-02-26 05:10:04,0.00043000,25.76000000
2018-02-26 05:10:04,0.00043000,1235.15000000
2018-02-26 05:10:04,0.00043000,28.27000000
2018-02-26 05:10:04,0.00043000,5.00000000
2018-02-26 05:10:04,0.00043020,230.54000000
2018-02-26 05:10:06,0.00043030,0.83000000
2018-02-26 05:10:06,0.00043030,499.17000000
2018-02-26 05:10:06,0.00043020,6.19000000
2018-02-26 05:10:07,0.00043020,8.92000000
2018-02-26 05:10:07,0.00043090,20.00000000
2018-02-26 05:10:07,0.00043090,5.00000000
2018-02-26 05:10:07,0.00043050,510.17000000
2018-02-26 05:10:07,0.00043140,5.80000000
2018-02-26 05:10:09,0.00043140,0.83000000
2018-02-26 05:10:12,0.00043140,21.73000000
2018-02-26 05:10:12,0.00043150,29.63000000
2018-02-26 05:10:12,0.00043180,186.66000000
2018-02-26 05:10:12,0.00043180,17.60000000
2018-02-26 05:10:12,0.00043180,36.92000000
2018-02-26 05:10:12,0.00043190,25.00000000
2018-02-26 05:10:12,0.00043210,4.64000000
2018-02-26 05:10:12,0.00043240,9.15000000
2018-02-26 05:10:12,0.00043250,54.64000000
2018-02-26 05:10:12,0.00043300,301.47000000
2018-02-26 05:10:12,0.00043310,64.00000000
2018-02-26 05:10:12,0.00043320,2.78000000
2018-02-26 05:10:12,0.00043180,57.31000000
2018-02-26 05:10:12,0.00043190,25.51000000
2018-02-26 05:10:13,0.00043180,101.81000000
2018-02-26 05:10:14,0.00043180,0.83000000
2018-02-26 05:10:15,0.00043190,0.01000000
2018-02-26 05:10:15,0.00043290,25.51000000
2018-02-26 05:10:15,0.00043310,59.00000000
2018-02-26 05:10:15,0.00043320,409.55000000
2018-02-26 05:10:16,0.00043190,25.56000000
2018-02-26 05:10:16,0.00043180,33.96000000
2018-02-26 05:10:17,0.00043200,71.87000000
2018-02-26 05:10:17,0.00043200,35.35000000
2018-02-26 05:10:18,0.00043200,101.81000000
2018-02-26 05:10:18,0.00043200,69.00000000
2018-02-26 05:10:18,0.00043200,24.00000000
2018-02-26 05:10:18,0.00043200,13.95000000
2018-02-26 05:10:19,0.00043200,0.82000000
2018-02-26 05:10:20,0.00043200,82.49000000
2018-02-26 05:10:20,0.00043200,27.00000000
2018-02-26 05:10:23,0.00043230,3.12000000
2018-02-26 05:10:23,0.00043300,25.56000000
2018-02-26 05:10:23,0.00043330,21.32000000
2018-02-26 05:10:24,0.00043330,16.67000000
2018-02-26 05:10:24,0.00043340,105.16000000
2018-02-26 05:10:24,0.00043220,7.49000000
2018-02-26 05:10:25,0.00043220,10.13000000
2018-02-26 05:10:25,0.00043210,95.94000000
2018-02-26 05:10:27,0.00043230,20.00000000
2018-02-26 05:10:28,0.00043230,3.00000000
2018-02-26 05:10:29,0.00043230,28.99000000
2018-02-26 05:10:29,0.00043280,2.64000000
2018-02-26 05:10:29,0.00043290,15.00000000
2018-02-26 05:10:29,0.00043320,2.36000000
2018-02-26 05:10:29,0.00043230,65.00000000
2018-02-26 05:10:30,0.00043320,246.81000000
2018-02-26 05:10:30,0.00043330,397.41000000
2018-02-26 05:10:30,0.00043340,348.38000000
2018-02-26 05:10:31,0.00043250,31.80000000
2018-02-26 05:10:31,0.00043290,86.87000000
2018-02-26 05:10:31,0.00043360,445.07000000
2018-02-26 05:10:31,0.00043360,6.69000000
2018-02-26 05:10:31,0.00043370,11.57000000
2018-02-26 05:10:31,0.00043380,15.00000000
2018-02-26 05:10:31,0.00043390,75.45000000
2018-02-26 05:10:31,0.00043400,299.87000000
2018-02-26 05:10:32,0.00043360,0.01000000
2018-02-26 05:10:32,0.00043340,18.69000000
2018-02-26 05:10:32,0.00043340,160.27000000
2018-02-26 05:10:32,0.00043300,537.81000000
2018-02-26 05:10:32,0.00043290,2764.39000000
2018-02-26 05:10:32,0.00043250,232.53000000
2018-02-26 05:10:33,0.00043390,16.80000000
2018-02-26 05:10:33,0.00043400,657.03000000
2018-02-26 05:10:33,0.00043400,19.99000000
2018-02-26 05:10:33,0.00043400,83.13000000
2018-02-26 05:10:34,0.00043360,1555.00000000
2018-02-26 05:10:34,0.00043350,30.03000000
2018-02-26 05:10:35,0.00043350,183.43000000
2018-02-26 05:10:35,0.00043360,56.71000000
2018-02-26 05:10:36,0.00043360,124.94000000
2018-02-26 05:10:36,0.00043440,888.00000000
2018-02-26 05:10:36,0.00043450,6.80000000
2018-02-26 05:10:36,0.00043480,115.50000000
2018-02-26 05:10:36,0.00043490,64.76000000
2018-02-26 05:10:37,0.00043470,15.00000000
2018-02-26 05:10:37,0.00043480,75.00000000
2018-02-26 05:10:40,0.00043480,10.01000000
2018-02-26 05:10:43,0.00043360,4.07000000
2018-02-26 05:10:43,0.00043360,4.07000000
2018-02-26 05:10:43,0.00043470,246.81000000
2018-02-26 05:10:43,0.00043360,4.07000000
2018-02-26 05:10:44,0.00043450,100.00000000
2018-02-26 05:10:45,0.00043450,461.14000000
2018-02-26 05:10:45,0.00043470,663.69000000
2018-02-26 05:10:45,0.00043470,49.50000000
2018-02-26 05:10:45,0.00043480,473.27000000
2018-02-26 05:10:45,0.00043360,38.13000000
2018-02-26 05:10:45,0.00043460,740.00000000
2018-02-26 05:10:45,0.00043470,19.03000000
2018-02-26 05:10:45,0.00043470,1332.20000000
2018-02-26 05:10:45,0.00043360,19.04000000
2018-02-26 05:10:45,0.00043330,143.99000000
2018-02-26 05:10:47,0.00043460,0.01000000
2018-02-26 05:10:48,0.00043460,0.05000000
2018-02-26 05:10:49,0.00043450,13.80000000
2018-02-26 05:10:49,0.00043470,11.31000000
2018-02-26 05:10:50,0.00043460,19.33000000
2018-02-26 05:10:50,0.00043470,33.65000000
2018-02-26 05:10:50,0.00043470,50.85000000
2018-02-26 05:10:50,0.00043470,6.69000000
2018-02-26 05:10:50,0.00043470,6.69000000
2018-02-26 05:10:50,0.00043470,6.69000000
2018-02-26 05:10:51,0.00043470,10.18000000
2018-02-26 05:10:51,0.00043470,230.03000000
2018-02-26 05:10:51,0.00043470,137.71000000
2018-02-26 05:10:51,0.00043470,154.46000000
2018-02-26 05:10:52,0.00043470,11.08000000
2018-02-26 05:10:52,0.00043470,779.62000000
2018-02-26 05:10:52,0.00043480,179.99000000
2018-02-26 05:10:53,0.00043480,17.25000000
2018-02-26 05:10:55,0.00043480,183.04000000
2018-02-26 05:10:55,0.00043500,31.09000000
2018-02-26 05:10:55,0.00043500,77.23000000
2018-02-26 05:10:57,0.00043500,26.85000000
2018-02-26 05:10:57,0.00043500,66.00000000
2018-02-26 05:10:57,0.00043500,33.00000000
2018-02-26 05:11:00,0.00043530,94.00000000
2018-02-26 05:11:03,0.00043530,653.85000000
2018-02-26 05:11:03,0.00043530,1.00000000
2018-02-26 05:11:03,0.00043530,6.02000000
2018-02-26 05:11:05,0.00043540,137.29000000
2018-02-26 05:11:06,0.00043570,48.57000000
2018-02-26 05:11:08,0.00043570,170.76000000
2018-02-26 05:11:09,0.00043570,50.00000000
2018-02-26 05:11:09,0.00043570,32.71000000
2018-02-26 05:11:09,0.00043610,526.72000000
2018-02-26 05:11:09,0.00043610,38.61000000
2018-02-26 05:11:09,0.00043610,243.87000000
2018-02-26 05:11:09,0.00043610,16.98000000
2018-02-26 05:11:09,0.00043610,20.34000000
2018-02-26 05:11:09,0.00043610,16.98000000
2018-02-26 05:11:09,0.00043610,4.04000000
2018-02-26 05:11:10,0.00043640,13.74000000
2018-02-26 05:11:10,0.00043660,106.67000000
2018-02-26 05:11:10,0.00043670,15.59000000
2018-02-26 05:11:10,0.00043670,35.02000000
2018-02-26 05:11:10,0.00043670,23.70000000
2018-02-26 05:11:10,0.00043610,11.15000000
2018-02-26 05:11:10,0.00043610,31.65000000
2018-02-26 05:11:10,0.00043610,135.72000000
2018-02-26 05:11:11,0.00043610,52.27000000
2018-02-26 05:11:12,0.00043690,20.65000000
2018-02-26 05:11:12,0.00043700,1003.91000000
2018-02-26 05:11:12,0.00043700,6.49000000
2018-02-26 05:11:12,0.00043700,272.38000000
2018-02-26 05:11:12,0.00043700,300.21000000
2018-02-26 05:11:12,0.00043700,208.30000000
2018-02-26 05:11:12,0.00043610,36.49000000
2018-02-26 05:11:15,0.00043610,19.31000000
2018-02-26 05:11:18,0.00043610,183.04000000
2018-02-26 05:11:19,0.00043610,19.31000000
2018-02-26 05:11:20,0.00043610,4.23000000
2018-02-26 05:11:20,0.00043670,10.05000000
2018-02-26 05:11:21,0.00043610,392.36000000
2018-02-26 05:11:21,0.00043600,23.70000000
2018-02-26 05:11:21,0.00043570,437.82000000
2018-02-26 05:11:21,0.00043560,525.83000000
2018-02-26 05:11:21,0.00043560,572.86000000
2018-02-26 05:11:21,0.00043560,593.02000000
2018-02-26 05:11:21,0.00043560,154.14000000
2018-02-26 05:11:22,0.00043610,5.19000000
2018-02-26 05:11:22,0.00043550,185.08000000
2018-02-26 05:11:23,0.00043660,100.00000000
2018-02-26 05:11:23,0.00043700,280.02000000
2018-02-26 05:11:23,0.00043610,9.40000000
2018-02-26 05:11:23,0.00043560,90.60000000
2018-02-26 05:11:23,0.00043560,100.00000000
2018-02-26 05:11:23,0.00043560,100.00000000
2018-02-26 05:11:23,0.00043560,100.00000000
2018-02-26 05:11:24,0.00043560,103.71000000
2018-02-26 05:11:24,0.00043530,44.40000000
2018-02-26 05:11:24,0.00043500,180.66000000
2018-02-26 05:11:24,0.00043480,221.23000000
2018-02-26 05:11:25,0.00043480,19.07000000
2018-02-26 05:11:26,0.00043480,185.36000000
2018-02-26 05:11:26,0.00043350,64.00000000
2018-02-26 05:11:26,0.00043340,82.92000000
2018-02-26 05:11:26,0.00043500,5.80000000
2018-02-26 05:11:27,0.00043500,182.44000000
2018-02-26 05:11:27,0.00043590,301.47000000
2018-02-26 05:11:27,0.00043600,196.35000000
2018-02-26 05:11:27,0.00043590,12.15000000
2018-02-26 05:11:27,0.00043600,357.05000000
2018-02-26 05:11:27,0.00043610,82.56000000
2018-02-26 05:11:29,0.00043620,15.00000000
2018-02-26 05:11:29,0.00043610,82.58000000
2018-02-26 05:11:31,0.00043620,109.38000000
2018-02-26 05:11:31,0.00043620,192.09000000
2018-02-26 05:11:31,0.00043610,48.81000000
2018-02-26 05:11:31,0.00043610,11.45000000
2018-02-26 05:11:31,0.00043610,4572.35000000
2018-02-26 05:11:32,0.00043510,69.41000000
2018-02-26 05:11:32,0.00043610,478.62000000
2018-02-26 05:11:34,0.00043610,76.38000000
2018-02-26 05:11:34,0.00043610,1136.14000000
2018-02-26 05:11:34,0.00043650,13.80000000
2018-02-26 05:11:34,0.00043650,37.46000000
2018-02-26 05:11:34,0.00043650,77.28000000
2018-02-26 05:11:34,0.00043650,82.92000000
2018-02-26 05:11:34,0.00043650,2091.23000000
2018-02-26 05:11:35,0.00043650,6.20000000
2018-02-26 05:11:36,0.00043650,65.80000000
2018-02-26 05:11:37,0.00043660,17.22000000
2018-02-26 05:11:37,0.00043650,1147.23000000
