DATE,PRICE,VOLUME
2018-02-26 07:00:01,0.00041450,24.13000000
2018-02-26 07:00:05,0.00041380,20.89000000
2018-02-26 07:00:08,0.00041450,66.46000000
2018-02-26 07:00:08,0.00041480,79.59000000
2018-02-26 07:00:09,0.00041380,3.23000000
2018-02-26 07:00:10,0.00041480,40.77000000
2018-02-26 07:00:12,0.00041480,96.43000000
2018-02-26 07:00:13,0.00041480,5.30000000
2018-02-26 07:00:18,0.00041470,2.65000000
2018-02-26 07:00:21,0.00041470,4.82000000
2018-02-26 07:00:28,0.00041460,200.00000000
2018-02-26 07:00:30,0.00041420,165.32000000
2018-02-26 07:00:30,0.00041410,786.72000000
2018-02-26 07:00:43,0.00041410,395.43000000
2018-02-26 07:00:50,0.00041410,212.30000000
2018-02-26 07:00:58,0.00041380,18.99000000
2018-02-26 07:01:03,0.00041410,112.12000000
2018-02-26 07:01:03,0.00041440,190.05000000
2018-02-26 07:01:03,0.00041450,171.83000000
2018-02-26 07:01:04,0.00041380,21.37000000
2018-02-26 07:01:09,0.00041450,261.53000000
2018-02-26 07:01:09,0.00041460,134.64000000
2018-02-26 07:01:14,0.00041460,50.00000000
2018-02-26 07:01:15,0.00041460,2.68000000
2018-02-26 07:01:18,0.00041460,33.77000000
2018-02-26 07:01:19,0.00041460,68.79000000
2018-02-26 07:01:24,0.00041410,43.35000000
2018-02-26 07:01:27,0.00041410,12.07000000
2018-02-26 07:01:27,0.00041410,3.14000000
2018-02-26 07:01:27,0.00041410,89.81000000
2018-02-26 07:01:29,0.00041410,2312.64000000
2018-02-26 07:01:29,0.00041410,26.34000000
2018-02-26 07:01:29,0.00041410,92.31000000
2018-02-26 07:01:31,0.00041400,20.00000000
2018-02-26 07:01:31,0.00041400,65.00000000
2018-02-26 07:01:35,0.00041410,3.78000000
2018-02-26 07:01:38,0.00041410,1440.70000000
2018-02-26 07:01:43,0.00041430,23.98000000
2018-02-26 07:01:44,0.00041420,17.00000000
2018-02-26 07:01:45,0.00041430,11.27000000
2018-02-26 07:01:45,0.00041450,15.43000000
2018-02-26 07:01:49,0.00041450,775.79000000
2018-02-26 07:01:56,0.00041450,59.38000000
2018-02-26 07:02:02,0.00041450,175.09000000
2018-02-26 07:02:04,0.00041450,40.09000000
2018-02-26 07:02:04,0.00041420,9.61000000
2018-02-26 07:02:06,0.00041460,141.64000000
2018-02-26 07:02:11,0.00041460,5.47000000
2018-02-26 07:02:18,0.00041430,50.00000000
2018-02-26 07:02:20,0.00041430,10.96000000
2018-02-26 07:02:21,0.00041430,4.70000000
2018-02-26 07:02:21,0.00041460,51.00000000
2018-02-26 07:02:22,0.00041460,76.47000000
2018-02-26 07:02:23,0.00041430,16.80000000
2018-02-26 07:02:23,0.00041430,3.21000000
2018-02-26 07:02:27,0.00041430,77.28000000
2018-02-26 07:02:27,0.00041420,33.23000000
2018-02-26 07:02:27,0.00041460,10.85000000
2018-02-26 07:02:33,0.00041460,9.15000000
2018-02-26 07:02:41,0.00041460,3.89000000
2018-02-26 07:02:45,0.00041470,5.81000000
2018-02-26 07:02:46,0.00041460,13.99000000
2018-02-26 07:02:56,0.00041470,255.09000000
2018-02-26 07:02:57,0.00041500,50.00000000
2018-02-26 07:02:59,0.00041470,10.00000000
2018-02-26 07:03:03,0.00041500,457.95000000
2018-02-26 07:03:03,0.00041500,2334.35000000
2018-02-26 07:03:03,0.00041470,10.00000000
2018-02-26 07:03:03,0.00041500,5.30000000
2018-02-26 07:03:03,0.00041470,4.00000000
2018-02-26 07:03:04,0.00041470,3.00000000
2018-02-26 07:03:06,0.00041500,149.56000000
2018-02-26 07:03:07,0.00041500,73.95000000
2018-02-26 07:03:21,0.00041470,391.51000000
2018-02-26 07:03:21,0.00041460,535.93000000
2018-02-26 07:03:21,0.00041440,96.97000000
2018-02-26 07:03:26,0.00041440,47.00000000
2018-02-26 07:03:33,0.00041500,0.06000000
2018-02-26 07:03:34,0.00041500,74.46000000
2018-02-26 07:03:34,0.00041500,24.09000000
2018-02-26 07:03:34,0.00041500,26.43000000
2018-02-26 07:03:34,0.00041500,26.42000000
2018-02-26 07:03:46,0.00041510,45.09000000
2018-02-26 07:03:47,0.00041510,179.26000000
2018-02-26 07:03:47,0.00041500,144.53000000
2018-02-26 07:03:47,0.00041500,5.12000000
2018-02-26 07:03:48,0.00041500,311.00000000
2018-02-26 07:03:51,0.00041490,190.35000000
2018-02-26 07:03:52,0.00041490,3.33000000
2018-02-26 07:03:54,0.00041490,6.75000000
2018-02-26 07:03:56,0.00041440,10.00000000
2018-02-26 07:03:56,0.00041490,235.79000000
2018-02-26 07:03:56,0.00041490,118.75000000
2018-02-26 07:03:58,0.00041490,78.97000000
2018-02-26 07:03:59,0.00041490,98.00000000
2018-02-26 07:04:03,0.00041490,94.88000000
2018-02-26 07:04:04,0.00041460,241.19000000
2018-02-26 07:04:04,0.00041460,223.30000000
2018-02-26 07:04:04,0.00041440,10.61000000
2018-02-26 07:04:07,0.00041460,100.00000000
2018-02-26 07:04:10,0.00041440,138.49000000
2018-02-26 07:04:10,0.00041440,249.30000000
2018-02-26 07:04:10,0.00041460,36.20000000
2018-02-26 07:04:16,0.00041460,10.00000000
2018-02-26 07:04:24,0.00041460,10.70000000
2018-02-26 07:04:27,0.00041460,284.05000000
2018-02-26 07:04:27,0.00041460,329.94000000
2018-02-26 07:04:30,0.00041460,3.33000000
2018-02-26 07:04:33,0.00041460,288.01000000
2018-02-26 07:04:35,0.00041500,3.00000000
2018-02-26 07:04:37,0.00041500,8.97000000
2018-02-26 07:04:37,0.00041500,838.64000000
2018-02-26 07:04:37,0.00041500,213.81000000
2018-02-26 07:04:38,0.00041500,428.62000000
2018-02-26 07:04:39,0.00041510,230.00000000
2018-02-26 07:04:42,0.00041500,84.59000000
2018-02-26 07:04:44,0.00041500,20.01000000
2018-02-26 07:04:45,0.00041500,10.50000000
2018-02-26 07:04:49,0.00041500,28.69000000
2018-02-26 07:05:03,0.00041510,46.00000000
2018-02-26 07:05:08,0.00041570,230.00000000
2018-02-26 07:05:08,0.00041580,110.31000000
2018-02-26 07:05:08,0.00041580,5.53000000
2018-02-26 07:05:12,0.00041580,28.86000000
2018-02-26 07:05:17,0.00041570,7.20000000
2018-02-26 07:05:21,0.00041570,364.05000000
2018-02-26 07:05:22,0.00041570,4.66000000
2018-02-26 07:05:22,0.00041570,20.00000000
2018-02-26 07:05:54,0.00041610,127.61000000
2018-02-26 07:05:54,0.00041620,58.82000000
2018-02-26 07:05:54,0.00041640,314.63000000
2018-02-26 07:05:54,0.00041650,878.89000000
2018-02-26 07:05:54,0.00041660,2296.98000000
2018-02-26 07:05:54,0.00041670,1694.83000000
2018-02-26 07:05:55,0.00041610,210.00000000
2018-02-26 07:05:55,0.00041610,43.81000000
2018-02-26 07:05:55,0.00041640,294.00000000
2018-02-26 07:05:55,0.00041610,9.04000000
2018-02-26 07:05:55,0.00041610,71.74000000
2018-02-26 07:05:55,0.00041610,592.20000000
2018-02-26 07:05:55,0.00041600,414.50000000
2018-02-26 07:05:55,0.00041590,22.80000000
2018-02-26 07:05:55,0.00041580,784.50000000
2018-02-26 07:05:57,0.00041590,16.52000000
2018-02-26 07:06:05,0.00041640,60.19000000
2018-02-26 07:06:06,0.00041640,45.81000000
2018-02-26 07:06:06,0.00041640,4.70000000
2018-02-26 07:06:10,0.00041670,241.02000000
2018-02-26 07:06:14,0.00041670,59.34000000
2018-02-26 07:06:16,0.00041640,4.61000000
2018-02-26 07:06:16,0.00041670,164.10000000
2018-02-26 07:06:17,0.00041670,80.60000000
2018-02-26 07:06:20,0.00041640,50.00000000
2018-02-26 07:06:23,0.00041670,53.00000000
2018-02-26 07:06:24,0.00041670,84.79000000
2018-02-26 07:06:24,0.00041670,100.00000000
2018-02-26 07:06:26,0.00041670,86.55000000
2018-02-26 07:06:26,0.00041650,961.77000000
2018-02-26 07:06:26,0.00041670,86.55000000
2018-02-26 07:06:27,0.00041670,66.00000000
2018-02-26 07:06:27,0.00041670,3.51000000
2018-02-26 07:06:27,0.00041670,100.00000000
2018-02-26 07:06:28,0.00041670,18.73000000
2018-02-26 07:06:28,0.00041670,3.19000000
2018-02-26 07:06:29,0.00041670,5.50000000
2018-02-26 07:06:29,0.00041670,656.87000000
2018-02-26 07:06:30,0.00041670,100.00000000
2018-02-26 07:06:31,0.00041670,2228.40000000
2018-02-26 07:06:32,0.00041670,3.51000000
2018-02-26 07:06:33,0.00041670,107.81000000
2018-02-26 07:06:34,0.00041670,32.14000000
2018-02-26 07:06:34,0.00041670,100.00000000
2018-02-26 07:06:34,0.00041690,330.04000000
2018-02-26 07:06:36,0.00041690,0.31000000
2018-02-26 07:06:36,0.00041730,224.54000000
2018-02-26 07:06:36,0.00041670,100.00000000
2018-02-26 07:06:37,0.00041670,2.50000000
2018-02-26 07:06:38,0.00041680,4.61000000
2018-02-26 07:06:38,0.00041680,224.37000000
2018-02-26 07:06:40,0.00041680,0.02000000
2018-02-26 07:06:40,0.00041670,99.98000000
2018-02-26 07:06:40,0.00041730,4.00000000
2018-02-26 07:06:40,0.00041740,51.62000000
2018-02-26 07:06:40,0.00041670,3.51000000
2018-02-26 07:06:40,0.00041730,26.50000000
2018-02-26 07:06:40,0.00041670,131.90000000
2018-02-26 07:06:41,0.00041700,113.64000000
2018-02-26 07:06:41,0.00041700,226.96000000
2018-02-26 07:06:42,0.00041670,122.12000000
2018-02-26 07:06:43,0.00041670,100.00000000
2018-02-26 07:06:44,0.00041690,141.82000000
2018-02-26 07:06:44,0.00041680,49.88000000
2018-02-26 07:06:45,0.00041680,368.87000000
2018-02-26 07:06:46,0.00041680,291.25000000
2018-02-26 07:06:46,0.00041680,100.00000000
2018-02-26 07:06:46,0.00041690,61.18000000
2018-02-26 07:06:46,0.00041700,113.96000000
2018-02-26 07:06:49,0.00041690,61.20000000
2018-02-26 07:06:49,0.00041690,571.15000000
2018-02-26 07:06:50,0.00041740,44.92000000
2018-02-26 07:06:50,0.00041700,95.01000000
2018-02-26 07:06:50,0.00041740,44.98000000
2018-02-26 07:06:50,0.00041700,333.48000000
2018-02-26 07:06:52,0.00041690,30.00000000
2018-02-26 07:06:52,0.00041760,13.83000000
2018-02-26 07:06:54,0.00041750,3.44000000
2018-02-26 07:06:55,0.00041750,50.00000000
2018-02-26 07:06:56,0.00041750,31.50000000
2018-02-26 07:06:56,0.00041750,0.86000000
2018-02-26 07:06:58,0.00041750,0.21000000
2018-02-26 07:06:59,0.00041700,9.90000000
2018-02-26 07:06:59,0.00041680,490.10000000
2018-02-26 07:07:00,0.00041750,0.05000000
2018-02-26 07:07:01,0.00041700,4.95000000
2018-02-26 07:07:01,0.00041750,141.94000000
2018-02-26 07:07:01,0.00041750,7.02000000
2018-02-26 07:07:01,0.00041750,5.00000000
2018-02-26 07:07:01,0.00041760,0.02000000
2018-02-26 07:07:04,0.00041760,49.67000000
2018-02-26 07:07:06,0.00041760,35.16000000
2018-02-26 07:07:07,0.00041760,54.00000000
2018-02-26 07:07:08,0.00041760,276.03000000
2018-02-26 07:07:09,0.00041760,65.03000000
2018-02-26 07:07:14,0.00041770,14.91000000
2018-02-26 07:07:14,0.00041770,101.12000000
2018-02-26 07:07:15,0.00041780,0.02000000
2018-02-26 07:07:17,0.00041770,3.18000000
2018-02-26 07:07:18,0.00041780,147.87000000
2018-02-26 07:07:20,0.00041790,37.50000000
2018-02-26 07:07:22,0.00041800,6.16000000
2018-02-26 07:07:25,0.00041850,2.87000000
2018-02-26 07:07:27,0.00041800,23.92000000
2018-02-26 07:07:28,0.00041840,57.84000000
2018-02-26 07:07:28,0.00041840,478.01000000
2018-02-26 07:07:28,0.00041840,149.18000000
2018-02-26 07:07:28,0.00041850,9.81000000
2018-02-26 07:07:29,0.00041850,132.58000000
2018-02-26 07:07:29,0.00041850,255.85000000
2018-02-26 07:07:30,0.00041810,10.50000000
2018-02-26 07:07:32,0.00041850,27.38000000
2018-02-26 07:07:35,0.00041850,100.00000000
2018-02-26 07:07:35,0.00041850,3.17000000
2018-02-26 07:07:35,0.00041850,61.67000000
2018-02-26 07:07:35,0.00041860,93.64000000
2018-02-26 07:07:35,0.00041850,117.90000000
2018-02-26 07:07:36,0.00041850,0.01000000
2018-02-26 07:07:36,0.00041810,24.99000000
2018-02-26 07:07:38,0.00041860,31.00000000
2018-02-26 07:07:40,0.00041860,35.17000000
2018-02-26 07:07:40,0.00041860,58.28000000
2018-02-26 07:07:41,0.00041860,121.70000000
2018-02-26 07:07:42,0.00041860,0.02000000
2018-02-26 07:07:42,0.00041820,9.42000000
2018-02-26 07:07:43,0.00041870,30.00000000
2018-02-26 07:07:43,0.00041900,91.68000000
2018-02-26 07:07:45,0.00041910,949.19000000
2018-02-26 07:07:47,0.00041860,60.00000000
2018-02-26 07:07:47,0.00041900,50.05000000
2018-02-26 07:07:48,0.00041900,89.71000000
2018-02-26 07:07:48,0.00041910,143.30000000
2018-02-26 07:07:48,0.00041930,65.80000000
2018-02-26 07:07:48,0.00041940,249.29000000
2018-02-26 07:07:48,0.00041950,2276.50000000
2018-02-26 07:07:49,0.00041890,329.34000000
2018-02-26 07:07:51,0.00041890,29.32000000
2018-02-26 07:07:52,0.00041890,346.03000000
2018-02-26 07:07:52,0.00041890,7.00000000
2018-02-26 07:07:54,0.00041890,48.03000000
2018-02-26 07:07:54,0.00041900,50.00000000
2018-02-26 07:07:59,0.00041950,2.49000000
2018-02-26 07:08:02,0.00041950,42.00000000
2018-02-26 07:08:02,0.00041950,3.07000000
2018-02-26 07:08:02,0.00041920,3.17000000
2018-02-26 07:08:03,0.00041950,276.74000000
2018-02-26 07:08:03,0.00041920,10.59000000
2018-02-26 07:08:03,0.00041920,3.85000000
2018-02-26 07:08:04,0.00041950,104.70000000
2018-02-26 07:08:04,0.00041920,325.79000000
2018-02-26 07:08:04,0.00041910,160.93000000
2018-02-26 07:08:04,0.00041900,278.00000000
2018-02-26 07:08:04,0.00041890,422.09000000
2018-02-26 07:08:04,0.00041860,381.11000000
2018-02-26 07:08:05,0.00041830,48.31000000
2018-02-26 07:08:05,0.00041940,228.00000000
2018-02-26 07:08:05,0.00041950,611.58000000
2018-02-26 07:08:05,0.00041970,1638.45000000
2018-02-26 07:08:07,0.00041960,120.62000000
2018-02-26 07:08:07,0.00041970,3041.77000000
2018-02-26 07:08:07,0.00041950,48.32000000
2018-02-26 07:08:07,0.00041950,120.55000000
2018-02-26 07:08:08,0.00041840,7.87000000
2018-02-26 07:08:08,0.00041830,2.97000000
2018-02-26 07:08:08,0.00041830,24.11000000
2018-02-26 07:08:10,0.00041840,3.11000000
2018-02-26 07:08:10,0.00041950,101.00000000
2018-02-26 07:08:10,0.00041960,59.69000000
2018-02-26 07:08:11,0.00041840,12.40000000
2018-02-26 07:08:12,0.00041840,5.30000000
2018-02-26 07:08:13,0.00041950,34.00000000
2018-02-26 07:08:13,0.00041840,7.93000000
2018-02-26 07:08:14,0.00041940,13.79000000
2018-02-26 07:08:15,0.00041900,49.59000000
2018-02-26 07:08:15,0.00041910,10.66000000
2018-02-26 07:08:15,0.00041910,0.50000000
2018-02-26 07:08:16,0.00041920,8.07000000
2018-02-26 07:08:17,0.00041900,7.87000000
2018-02-26 07:08:17,0.00041900,133.11000000
2018-02-26 07:08:17,0.00041920,68.83000000
2018-02-26 07:08:19,0.00041860,122.04000000
2018-02-26 07:08:20,0.00041840,24.11000000
2018-02-26 07:08:20,0.00041860,31.67000000
2018-02-26 07:08:21,0.00041860,114.07000000
2018-02-26 07:08:22,0.00041870,256.98000000
2018-02-26 07:08:25,0.00041940,100.00000000
2018-02-26 07:08:25,0.00041950,900.00000000
2018-02-26 07:08:26,0.00041870,346.48000000
2018-02-26 07:08:27,0.00041870,3.10000000
2018-02-26 07:08:27,0.00041870,102.50000000
2018-02-26 07:08:29,0.00041870,16.01000000
2018-02-26 07:08:32,0.00041850,227.37000000
2018-02-26 07:08:33,0.00041850,1068.54000000
2018-02-26 07:08:35,0.00041850,17.92000000
2018-02-26 07:08:35,0.00041840,55.00000000
2018-02-26 07:08:36,0.00041850,106.31000000
2018-02-26 07:08:37,0.00041850,39.27000000
2018-02-26 07:08:38,0.00041870,6.07000000
2018-02-26 07:08:40,0.00041870,13.36000000
2018-02-26 07:08:42,0.00041870,64.31000000
2018-02-26 07:08:42,0.00041850,0.97000000
2018-02-26 07:08:46,0.00041850,53.18000000
2018-02-26 07:08:47,0.00041850,89.91000000
2018-02-26 07:08:48,0.00041850,24.03000000
2018-02-26 07:08:49,0.00041870,112.11000000
2018-02-26 07:08:49,0.00041900,338.87000000
2018-02-26 07:08:55,0.00041920,20.00000000
2018-02-26 07:08:55,0.00041930,50.00000000
2018-02-26 07:08:55,0.00041940,1707.98000000
2018-02-26 07:09:00,0.00041940,484.24000000
2018-02-26 07:09:03,0.00041940,25.00000000
2018-02-26 07:09:03,0.00041940,6.00000000
2018-02-26 07:09:10,0.00041940,6.51000000
2018-02-26 07:09:10,0.00041900,4.81000000
2018-02-26 07:09:13,0.00041900,9.62000000
2018-02-26 07:09:17,0.00041900,18.21000000
2018-02-26 07:09:18,0.00041900,56.53000000
2018-02-26 07:09:20,0.00041850,5.03000000
2018-02-26 07:09:20,0.00041850,4.60000000
2018-02-26 07:09:20,0.00041900,25.40000000
2018-02-26 07:09:21,0.00041900,196.00000000
2018-02-26 07:09:21,0.00041900,46.84000000
2018-02-26 07:09:23,0.00041890,503.94000000
2018-02-26 07:09:23,0.00041890,185.81000000
2018-02-26 07:09:26,0.00041890,30.00000000
2018-02-26 07:09:26,0.00041850,3.78000000
2018-02-26 07:09:26,0.00041850,87.79000000
2018-02-26 07:09:27,0.00041850,36.78000000
2018-02-26 07:09:28,0.00041850,135.75000000
2018-02-26 07:09:28,0.00041890,34.08000000
2018-02-26 07:09:28,0.00041900,26.17000000
2018-02-26 07:09:29,0.00041880,10.00000000
2018-02-26 07:09:30,0.00041890,30.00000000
2018-02-26 07:09:30,0.00041890,452.71000000
2018-02-26 07:09:30,0.00041900,262.57000000
2018-02-26 07:09:33,0.00041900,256.71000000
2018-02-26 07:09:35,0.00041940,168.00000000
2018-02-26 07:09:35,0.00041850,370.00000000
2018-02-26 07:09:35,0.00041840,393.80000000
2018-02-26 07:09:35,0.00041820,1169.11000000
2018-02-26 07:09:37,0.00041860,12.08000000
2018-02-26 07:09:41,0.00041850,227.00000000
2018-02-26 07:09:41,0.00041860,25.01000000
2018-02-26 07:09:42,0.00041860,0.01000000
2018-02-26 07:09:42,0.00041900,5.00000000
2018-02-26 07:09:42,0.00041930,20.01000000
2018-02-26 07:09:43,0.00041830,15.00000000
2018-02-26 07:09:43,0.00041820,33.13000000
2018-02-26 07:09:46,0.00041820,352.45000000
2018-02-26 07:09:46,0.00041820,105.68000000
2018-02-26 07:09:46,0.00041820,840.67000000
2018-02-26 07:09:48,0.00041810,342.84000000
2018-02-26 07:09:48,0.00041800,2420.64000000
2018-02-26 07:09:48,0.00041800,76.47000000
2018-02-26 07:09:48,0.00041800,796.43000000
2018-02-26 07:10:04,0.00041880,48.21000000
2018-02-26 07:10:04,0.00041820,11.88000000
2018-02-26 07:10:05,0.00041870,242.00000000
2018-02-26 07:10:10,0.00041880,35.04000000
2018-02-26 07:10:11,0.00041830,6.38000000
2018-02-26 07:10:21,0.00041870,6.00000000
2018-02-26 07:10:24,0.00041870,142.11000000
2018-02-26 07:10:24,0.00041880,187.49000000
2018-02-26 07:10:27,0.00041880,222.20000000
2018-02-26 07:10:28,0.00041880,27.70000000
2018-02-26 07:10:30,0.00041870,19.20000000
2018-02-26 07:10:35,0.00041870,365.03000000
2018-02-26 07:10:35,0.00041880,573.61000000
2018-02-26 07:10:35,0.00041890,243.22000000
2018-02-26 07:10:35,0.00041900,115.00000000
2018-02-26 07:10:35,0.00041910,354.59000000
2018-02-26 07:10:35,0.00041920,560.46000000
2018-02-26 07:10:36,0.00041870,143.30000000
2018-02-26 07:10:36,0.00041840,11.96000000
2018-02-26 07:10:36,0.00041830,26.00000000
2018-02-26 07:10:36,0.00041820,179.27000000
2018-02-26 07:10:37,0.00041910,15.00000000
2018-02-26 07:10:37,0.00041920,216.37000000
2018-02-26 07:10:37,0.00041930,546.68000000
2018-02-26 07:10:37,0.00041940,245.90000000
2018-02-26 07:10:37,0.00041950,635.96000000
2018-02-26 07:10:39,0.00041950,546.93000000
2018-02-26 07:10:43,0.00041950,42.92000000
2018-02-26 07:10:48,0.00041950,278.42000000
2018-02-26 07:10:49,0.00041850,30.00000000
2018-02-26 07:10:49,0.00041840,110.24000000
2018-02-26 07:10:52,0.00041940,30.00000000
2018-02-26 07:10:52,0.00041950,82.37000000
2018-02-26 07:10:52,0.00041940,110.00000000
2018-02-26 07:10:52,0.00041950,359.43000000
2018-02-26 07:10:54,0.00041930,15.00000000
2018-02-26 07:10:54,0.00041920,0.01000000
2018-02-26 07:10:55,0.00041920,54.21000000
2018-02-26 07:11:00,0.00041930,28.15000000
2018-02-26 07:11:01,0.00041920,143.42000000
2018-02-26 07:11:02,0.00041920,22.76000000
2018-02-26 07:11:04,0.00041920,150.00000000
2018-02-26 07:11:04,0.00041920,72.00000000
2018-02-26 07:11:05,0.00041880,13.80000000
2018-02-26 07:11:07,0.00041920,199.24000000
2018-02-26 07:11:07,0.00041930,72.51000000
2018-02-26 07:11:08,0.00041880,241.02000000
2018-02-26 07:11:08,0.00041930,26.67000000
2018-02-26 07:11:10,0.00041880,60.10000000
2018-02-26 07:11:20,0.00041920,10.46000000
2018-02-26 07:11:30,0.00041880,149.41000000
2018-02-26 07:11:31,0.00041920,1.70000000
2018-02-26 07:11:34,0.00041930,796.47000000
2018-02-26 07:11:36,0.00041930,314.61000000
2018-02-26 07:11:38,0.00041930,33.61000000
2018-02-26 07:11:40,0.00041930,1000.00000000
2018-02-26 07:11:40,0.00041930,4.15000000
2018-02-26 07:11:42,0.00041930,13.95000000
2018-02-26 07:11:45,0.00041930,0.06000000
2018-02-26 07:11:49,0.00041930,299.28000000
2018-02-26 07:11:50,0.00041930,34.94000000
2018-02-26 07:11:50,0.00041930,279.98000000
2018-02-26 07:11:52,0.00041930,3.30000000
2018-02-26 07:11:53,0.00041930,76.24000000
2018-02-26 07:11:55,0.00041930,426.42000000
2018-02-26 07:11:56,0.00041930,23.27000000
2018-02-26 07:12:00,0.00041930,0.15000000
2018-02-26 07:12:00,0.00041930,222.36000000
2018-02-26 07:12:02,0.00041920,2107.97000000
2018-02-26 07:12:05,0.00041920,58.59000000
2018-02-26 07:12:07,0.00041880,71.83000000
2018-02-26 07:12:11,0.00041880,3332.78000000
2018-02-26 07:12:17,0.00041880,1111.13000000
2018-02-26 07:12:18,0.00041900,3.57000000
2018-02-26 07:12:20,0.00041880,90.29000000
2018-02-26 07:12:22,0.00041880,798.58000000
2018-02-26 07:12:24,0.00041850,205.01000000
2018-02-26 07:12:24,0.00041850,76.24000000
2018-02-26 07:12:32,0.00041850,102.99000000
2018-02-26 07:12:32,0.00041840,397.01000000
2018-02-26 07:12:33,0.00041840,162.71000000
2018-02-26 07:12:33,0.00041820,35.69000000
2018-02-26 07:12:34,0.00041820,956.60000000
2018-02-26 07:12:34,0.00041820,380.51000000
2018-02-26 07:12:35,0.00041880,16.13000000
2018-02-26 07:12:36,0.00041860,181.39000000
2018-02-26 07:12:39,0.00041880,9.17000000
2018-02-26 07:12:42,0.00041880,32.69000000
2018-02-26 07:12:42,0.00041860,34.18000000
2018-02-26 07:12:42,0.00041810,1533.13000000
2018-02-26 07:12:48,0.00041810,1000.00000000
2018-02-26 07:12:49,0.00041890,0.04000000
2018-02-26 07:12:54,0.00041810,2466.87000000
2018-02-26 07:12:54,0.00041800,382.13000000
2018-02-26 07:12:55,0.00041820,62.99000000
2018-02-26 07:12:55,0.00041800,3173.60000000
2018-02-26 07:12:56,0.00041800,975.83000000
2018-02-26 07:12:56,0.00041810,18.40000000
2018-02-26 07:12:57,0.00041800,1542.49000000
2018-02-26 07:12:58,0.00041770,102.00000000
2018-02-26 07:12:59,0.00041800,29.96000000
2018-02-26 07:13:00,0.00041800,83.14000000
2018-02-26 07:13:03,0.00041770,100.00000000
2018-02-26 07:13:04,0.00041800,224.40000000
2018-02-26 07:13:04,0.00041770,29.76000000
2018-02-26 07:13:04,0.00041750,38.39000000
2018-02-26 07:13:04,0.00041700,120.03000000
2018-02-26 07:13:04,0.00041690,1.82000000
2018-02-26 07:13:07,0.00041770,23.26000000
2018-02-26 07:13:07,0.00041700,43.50000000
2018-02-26 07:13:08,0.00041700,170.50000000
2018-02-26 07:13:08,0.00041690,59.38000000
2018-02-26 07:13:08,0.00041680,133.84000000
2018-02-26 07:13:08,0.00041680,3.58000000
2018-02-26 07:13:08,0.00041680,23.90000000
2018-02-26 07:13:08,0.00041680,131.55000000
2018-02-26 07:13:08,0.00041680,162.11000000
2018-02-26 07:13:08,0.00041680,238.64000000
2018-02-26 07:13:08,0.00041680,5.88000000
2018-02-26 07:13:08,0.00041680,23.89000000
2018-02-26 07:13:08,0.00041680,1275.92000000
2018-02-26 07:13:08,0.00041680,72.00000000
2018-02-26 07:13:08,0.00041680,783.06000000
2018-02-26 07:13:08,0.00041680,315.75000000
2018-02-26 07:13:08,0.00041680,23.89000000
2018-02-26 07:13:09,0.00041690,18.56000000
2018-02-26 07:13:09,0.00041690,18.53000000
2018-02-26 07:13:09,0.00041690,11.99000000
2018-02-26 07:13:09,0.00041690,11.99000000
2018-02-26 07:13:09,0.00041690,5.87000000
2018-02-26 07:13:09,0.00041690,2.49000000
2018-02-26 07:13:10,0.00041790,10.00000000
2018-02-26 07:13:10,0.00041800,3.39000000
2018-02-26 07:13:14,0.00041700,25.00000000
2018-02-26 07:13:16,0.00041690,14.50000000
2018-02-26 07:13:16,0.00041700,140.77000000
2018-02-26 07:13:17,0.00041700,118.62000000
2018-02-26 07:13:17,0.00041700,8.17000000
2018-02-26 07:13:17,0.00041700,52.88000000
2018-02-26 07:13:27,0.00041700,1886.07000000
2018-02-26 07:13:27,0.00041700,356.37000000
2018-02-26 07:13:29,0.00041680,136.81000000
2018-02-26 07:13:29,0.00041700,469.75000000
2018-02-26 07:13:31,0.00041780,10.01000000
2018-02-26 07:13:32,0.00041700,57.39000000
2018-02-26 07:13:32,0.00041690,67.61000000
2018-02-26 07:13:35,0.00041780,3.11000000
2018-02-26 07:13:39,0.00041790,7.90000000
2018-02-26 07:13:54,0.00041710,10.00000000
2018-02-26 07:13:55,0.00041710,129.19000000
2018-02-26 07:14:03,0.00041710,14.05000000
2018-02-26 07:14:05,0.00041710,7.19000000
2018-02-26 07:14:06,0.00041710,76.57000000
2018-02-26 07:14:06,0.00041710,51.19000000
2018-02-26 07:14:06,0.00041700,229.85000000
2018-02-26 07:14:09,0.00041710,145.96000000
2018-02-26 07:14:11,0.00041710,141.58000000
2018-02-26 07:14:12,0.00041710,312.72000000
2018-02-26 07:14:13,0.00041710,80.00000000
2018-02-26 07:14:18,0.00041710,215.77000000
2018-02-26 07:14:20,0.00041720,7.37000000
2018-02-26 07:14:22,0.00041710,1298.77000000
2018-02-26 07:14:22,0.00041700,1624.67000000
2018-02-26 07:14:23,0.00041700,21.21000000
2018-02-26 07:14:23,0.00041690,6.00000000
2018-02-26 07:14:23,0.00041660,11.00000000
2018-02-26 07:14:25,0.00041660,37.95000000
2018-02-26 07:14:29,0.00041700,38.10000000
2018-02-26 07:14:32,0.00041700,17.25000000
2018-02-26 07:14:32,0.00041710,6.73000000
2018-02-26 07:14:37,0.00041680,12.00000000
2018-02-26 07:14:40,0.00041680,405.44000000
2018-02-26 07:14:41,0.00041680,48.65000000
2018-02-26 07:14:42,0.00041670,22.72000000
2018-02-26 07:14:47,0.00041700,40.00000000
2018-02-26 07:14:47,0.00041710,99.99000000
2018-02-26 07:14:48,0.00041710,99.79000000
2018-02-26 07:14:49,0.00041680,0.45000000
2018-02-26 07:14:50,0.00041700,512.88000000
2018-02-26 07:15:04,0.00041690,114.67000000
2018-02-26 07:15:04,0.00041700,65.33000000
2018-02-26 07:15:07,0.00041700,80.06000000
2018-02-26 07:15:11,0.00041690,12.00000000
2018-02-26 07:15:11,0.00041680,24.21000000
2018-02-26 07:15:11,0.00041700,7.91000000
2018-02-26 07:15:12,0.00041700,2.77000000
2018-02-26 07:15:14,0.00041700,4.03000000
2018-02-26 07:15:20,0.00041690,12.51000000
2018-02-26 07:15:27,0.00041690,32.68000000
2018-02-26 07:15:28,0.00041690,19.28000000
2018-02-26 07:15:28,0.00041700,198.45000000
2018-02-26 07:15:32,0.00041700,561.80000000
2018-02-26 07:15:32,0.00041710,13.98000000
2018-02-26 07:15:34,0.00041710,3.18000000
2018-02-26 07:15:49,0.00041720,2.91000000
2018-02-26 07:15:54,0.00041760,13.40000000
2018-02-26 07:15:57,0.00041760,10.60000000
2018-02-26 07:15:57,0.00041780,14.68000000
2018-02-26 07:15:59,0.00041780,311.03000000
2018-02-26 07:16:02,0.00041790,48.19000000
2018-02-26 07:16:11,0.00041860,6.44000000
2018-02-26 07:16:13,0.00041800,4.00000000
2018-02-26 07:16:14,0.00041800,16.84000000
2018-02-26 07:16:15,0.00041860,255.10000000
2018-02-26 07:16:15,0.00041860,0.55000000
2018-02-26 07:16:15,0.00041870,7.32000000
2018-02-26 07:16:16,0.00041850,18.68000000
2018-02-26 07:16:16,0.00041870,28.50000000
2018-02-26 07:16:18,0.00041800,4.73000000
2018-02-26 07:16:20,0.00041860,377.59000000
2018-02-26 07:16:20,0.00041870,73.12000000
2018-02-26 07:16:20,0.00041870,23.88000000
2018-02-26 07:16:20,0.00041870,67.70000000
2018-02-26 07:16:20,0.00041800,8.05000000
2018-02-26 07:16:22,0.00041810,2.40000000
2018-02-26 07:16:27,0.00041820,3.06000000
2018-02-26 07:16:34,0.00041870,67.99000000
2018-02-26 07:16:38,0.00041820,2.00000000
2018-02-26 07:16:43,0.00041820,23.86000000
2018-02-26 07:16:44,0.00041830,22.69000000
2018-02-26 07:16:47,0.00041830,0.01000000
2018-02-26 07:16:47,0.00041830,19.15000000
2018-02-26 07:16:48,0.00041830,6.98000000
2018-02-26 07:16:54,0.00041830,7.44000000
2018-02-26 07:16:54,0.00041830,119.34000000
2018-02-26 07:16:57,0.00041830,41.46000000
2018-02-26 07:16:58,0.00041900,67.59000000
2018-02-26 07:16:59,0.00041900,189.29000000
2018-02-26 07:17:01,0.00041840,215.40000000
2018-02-26 07:17:01,0.00041830,84.59000000
2018-02-26 07:17:05,0.00041850,71.32000000
2018-02-26 07:17:07,0.00041850,12.66000000
2018-02-26 07:17:08,0.00041850,55.38000000
2018-02-26 07:17:08,0.00041830,626.34000000
2018-02-26 07:17:08,0.00041820,506.25000000
2018-02-26 07:17:17,0.00041900,0.29000000
2018-02-26 07:17:21,0.00041840,5.00000000
2018-02-26 07:17:25,0.00041840,191.48000000
2018-02-26 07:17:25,0.00041830,89.05000000
2018-02-26 07:17:27,0.00041890,156.46000000
2018-02-26 07:17:28,0.00041890,2.38000000
2018-02-26 07:17:28,0.00041890,68.60000000
2018-02-26 07:17:28,0.00041890,4.66000000
2018-02-26 07:17:29,0.00041900,2.39000000
2018-02-26 07:17:30,0.00041890,10.48000000
2018-02-26 07:17:34,0.00041900,13.79000000
2018-02-26 07:17:35,0.00041890,29.29000000
2018-02-26 07:17:36,0.00041890,139.19000000
2018-02-26 07:17:38,0.00041890,167.95000000
2018-02-26 07:17:39,0.00041840,50.00000000
2018-02-26 07:17:40,0.00041890,55.46000000
2018-02-26 07:17:41,0.00041890,63.92000000
2018-02-26 07:17:47,0.00041890,486.79000000
2018-02-26 07:17:49,0.00041840,12.97000000
2018-02-26 07:18:02,0.00041890,169.00000000
2018-02-26 07:18:04,0.00041840,7.19000000
2018-02-26 07:18:06,0.00041850,10.00000000
2018-02-26 07:18:13,0.00041850,1.95000000
2018-02-26 07:18:14,0.00041850,234.00000000
2018-02-26 07:18:17,0.00041850,11.95000000
2018-02-26 07:18:23,0.00041840,141.44000000
2018-02-26 07:18:25,0.00041850,21.77000000
2018-02-26 07:18:27,0.00041840,397.14000000
2018-02-26 07:18:27,0.00041840,25.10000000
2018-02-26 07:18:35,0.00041840,129.16000000
2018-02-26 07:18:36,0.00041840,166.63000000
2018-02-26 07:18:36,0.00041850,171.48000000
2018-02-26 07:18:36,0.00041890,772.71000000
2018-02-26 07:18:36,0.00041900,738.58000000
2018-02-26 07:18:43,0.00041840,20.00000000
2018-02-26 07:18:44,0.00041840,20.00000000
2018-02-26 07:18:45,0.00041840,5.87000000
2018-02-26 07:18:45,0.00041840,1.13000000
2018-02-26 07:18:45,0.00041890,148.98000000
2018-02-26 07:18:48,0.00041890,10.00000000
2018-02-26 07:18:52,0.00041890,14.31000000
2018-02-26 07:18:56,0.00041890,30.15000000
2018-02-26 07:19:04,0.00041850,957.08000000
2018-02-26 07:19:04,0.00041840,340.92000000
2018-02-26 07:19:06,0.00041890,60.00000000
2018-02-26 07:19:20,0.00041890,0.01000000
2018-02-26 07:19:24,0.00041890,114.02000000
2018-02-26 07:19:27,0.00041890,8.35000000
2018-02-26 07:19:27,0.00041890,509.44000000
2018-02-26 07:19:27,0.00041890,166.26000000
2018-02-26 07:19:30,0.00041890,200.00000000
2018-02-26 07:19:30,0.00041840,39.97000000
2018-02-26 07:19:35,0.00041890,521.81000000
2018-02-26 07:19:37,0.00041890,1510.92000000
2018-02-26 07:19:39,0.00041890,65.00000000
2018-02-26 07:19:46,0.00041900,6.54000000
2018-02-26 07:19:47,0.00041900,506.60000000
2018-02-26 07:19:50,0.00041900,353.98000000
2018-02-26 07:20:02,0.00041910,84.56000000
2018-02-26 07:20:03,0.00041910,203.00000000
2018-02-26 07:20:06,0.00041910,3.00000000
2018-02-26 07:20:07,0.00041900,365.50000000
2018-02-26 07:20:08,0.00041910,10.74000000
2018-02-26 07:20:12,0.00041910,102.76000000
2018-02-26 07:20:14,0.00041910,3.57000000
2018-02-26 07:20:15,0.00041900,15.85000000
2018-02-26 07:20:28,0.00041910,56.99000000
2018-02-26 07:20:29,0.00041900,2102.26000000
2018-02-26 07:20:32,0.00041900,150.00000000
2018-02-26 07:20:37,0.00041900,39.90000000
2018-02-26 07:20:38,0.00041900,21.65000000
2018-02-26 07:20:51,0.00041890,200.00000000
2018-02-26 07:20:54,0.00041890,1044.86000000
2018-02-26 07:20:55,0.00041890,52.45000000
2018-02-26 07:20:57,0.00041890,17.69000000
2018-02-26 07:21:04,0.00041870,54.00000000
2018-02-26 07:21:11,0.00041870,9.07000000
2018-02-26 07:21:11,0.00041850,140.89000000
2018-02-26 07:21:13,0.00041890,26.42000000
2018-02-26 07:21:19,0.00041890,137.43000000
2018-02-26 07:21:31,0.00041890,0.01000000
2018-02-26 07:21:31,0.00041900,3.56000000
2018-02-26 07:21:31,0.00041900,146.07000000
2018-02-26 07:21:34,0.00041900,129.93000000
2018-02-26 07:21:36,0.00041900,64.19000000
2018-02-26 07:21:36,0.00041910,39.81000000
2018-02-26 07:21:40,0.00041900,120.00000000
2018-02-26 07:21:40,0.00041910,38.97000000
2018-02-26 07:21:50,0.00041900,528.92000000
2018-02-26 07:21:51,0.00041910,4.54000000
2018-02-26 07:21:56,0.00041910,58.00000000
2018-02-26 07:22:04,0.00041910,30.00000000
2018-02-26 07:22:05,0.00041910,104.78000000
2018-02-26 07:22:07,0.00041910,200.00000000
2018-02-26 07:22:08,0.00041910,212.18000000
2018-02-26 07:22:13,0.00041930,44.23000000
2018-02-26 07:22:14,0.00041930,45.20000000
2018-02-26 07:22:15,0.00041950,8.52000000
2018-02-26 07:22:15,0.00041960,130.09000000
2018-02-26 07:22:26,0.00041960,450.01000000
2018-02-26 07:22:26,0.00041970,8.84000000
2018-02-26 07:22:28,0.00041970,5.00000000
2018-02-26 07:22:34,0.00041930,44.23000000
2018-02-26 07:22:38,0.00041930,20.40000000
2018-02-26 07:22:39,0.00041950,0.32000000
2018-02-26 07:22:39,0.00041910,1185.20000000
2018-02-26 07:22:40,0.00041960,12.00000000
2018-02-26 07:22:41,0.00041970,187.14000000
2018-02-26 07:22:44,0.00041960,35.78000000
2018-02-26 07:22:49,0.00041910,13.05000000
2018-02-26 07:22:50,0.00041910,2.39000000
2018-02-26 07:22:50,0.00041910,8.18000000
2018-02-26 07:23:02,0.00041960,1449.33000000
2018-02-26 07:23:02,0.00041970,1047.33000000
2018-02-26 07:23:07,0.00041980,6.49000000
2018-02-26 07:23:10,0.00041970,100.00000000
2018-02-26 07:23:11,0.00041970,35.00000000
2018-02-26 07:23:13,0.00041980,1.62000000
2018-02-26 07:23:14,0.00041980,16.81000000
2018-02-26 07:23:14,0.00041990,5.00000000
2018-02-26 07:23:14,0.00042000,296.87000000
2018-02-26 07:23:14,0.00042000,316.74000000
2018-02-26 07:23:15,0.00041970,449.25000000
2018-02-26 07:23:15,0.00041930,234.00000000
2018-02-26 07:23:15,0.00041920,228.00000000
2018-02-26 07:23:15,0.00041910,1209.33000000
2018-02-26 07:23:15,0.00041900,1141.50000000
2018-02-26 07:23:15,0.00041890,533.78000000
2018-02-26 07:23:15,0.00041880,6250.61000000
2018-02-26 07:23:19,0.00041990,0.41000000
2018-02-26 07:23:20,0.00041990,0.10000000
2018-02-26 07:23:20,0.00041990,227.49000000
2018-02-26 07:23:21,0.00042000,0.03000000
2018-02-26 07:23:21,0.00041990,886.74000000
2018-02-26 07:23:27,0.00041900,5.30000000
2018-02-26 07:23:27,0.00041900,9.01000000
2018-02-26 07:23:34,0.00041990,234.00000000
2018-02-26 07:23:34,0.00042000,743.53000000
2018-02-26 07:23:34,0.00042000,560.84000000
2018-02-26 07:23:34,0.00042000,166.80000000
2018-02-26 07:23:35,0.00042000,42.55000000
2018-02-26 07:23:40,0.00042000,20.00000000
2018-02-26 07:23:41,0.00042000,2.63000000
2018-02-26 07:23:50,0.00042000,226.28000000
2018-02-26 07:23:54,0.00042000,302.64000000
2018-02-26 07:23:55,0.00042000,61.17000000
2018-02-26 07:23:59,0.00042040,10.25000000
2018-02-26 07:24:03,0.00042040,3.07000000
2018-02-26 07:24:07,0.00042000,4.83000000
2018-02-26 07:24:08,0.00042050,15.53000000
2018-02-26 07:24:11,0.00042000,16.11000000
2018-02-26 07:24:12,0.00042000,407.75000000
2018-02-26 07:24:12,0.00041990,262.66000000
2018-02-26 07:24:12,0.00041920,234.00000000
2018-02-26 07:24:12,0.00041910,228.00000000
2018-02-26 07:24:12,0.00041900,1224.85000000
2018-02-26 07:24:14,0.00041910,4.83000000
2018-02-26 07:24:14,0.00041910,5.78000000
2018-02-26 07:24:16,0.00041920,12.02000000
2018-02-26 07:24:16,0.00041920,2.29000000
2018-02-26 07:24:17,0.00041910,19.32000000
2018-02-26 07:24:18,0.00041910,5.41000000
2018-02-26 07:24:18,0.00041910,16.66000000
2018-02-26 07:24:19,0.00041990,23.90000000
2018-02-26 07:24:19,0.00042000,3.10000000
2018-02-26 07:24:20,0.00041920,6.05000000
2018-02-26 07:24:20,0.00041920,56.26000000
2018-02-26 07:24:20,0.00041920,64.09000000
2018-02-26 07:24:21,0.00041920,0.01000000
2018-02-26 07:24:21,0.00041970,225.00000000
2018-02-26 07:24:21,0.00041980,234.00000000
2018-02-26 07:24:21,0.00042010,219.52000000
2018-02-26 07:24:21,0.00042050,56.90000000
2018-02-26 07:24:23,0.00041930,15.00000000
2018-02-26 07:24:23,0.00041920,11.92000000
2018-02-26 07:24:23,0.00041910,294.85000000
2018-02-26 07:24:23,0.00041900,2035.49000000
2018-02-26 07:24:28,0.00041910,6.09000000
2018-02-26 07:24:30,0.00042000,15.00000000
2018-02-26 07:24:40,0.00042010,13.91000000
2018-02-26 07:24:42,0.00042000,6.59000000
2018-02-26 07:24:42,0.00042010,173.34000000
2018-02-26 07:24:46,0.00042000,3.41000000
2018-02-26 07:24:50,0.00041930,3.95000000
2018-02-26 07:24:52,0.00041930,14.42000000
2018-02-26 07:24:53,0.00041980,38.00000000
2018-02-26 07:24:53,0.00041990,64.09000000
2018-02-26 07:24:53,0.00042000,3.32000000
2018-02-26 07:24:56,0.00041930,5.99000000
2018-02-26 07:25:04,0.00041940,32.00000000
2018-02-26 07:25:12,0.00041940,10.70000000
2018-02-26 07:25:12,0.00041990,18.02000000
2018-02-26 07:25:12,0.00042000,16.18000000
2018-02-26 07:25:13,0.00042000,43.00000000
2018-02-26 07:25:15,0.00042010,40.89000000
2018-02-26 07:25:16,0.00042000,216.03000000
2018-02-26 07:25:16,0.00041950,228.00000000
2018-02-26 07:25:16,0.00041940,448.27000000
2018-02-26 07:25:16,0.00041930,784.23000000
2018-02-26 07:25:16,0.00041910,348.88000000
2018-02-26 07:25:16,0.00041900,4916.34000000
2018-02-26 07:25:16,0.00041890,500.00000000
2018-02-26 07:25:16,0.00041880,1893.30000000
2018-02-26 07:25:16,0.00041880,2356.56000000
2018-02-26 07:25:22,0.00041970,24.00000000
2018-02-26 07:25:26,0.00041940,22.06000000
2018-02-26 07:25:27,0.00041940,117.00000000
2018-02-26 07:25:31,0.00041940,95.94000000
2018-02-26 07:25:33,0.00041940,153.47000000
2018-02-26 07:25:33,0.00041880,21.31000000
2018-02-26 07:25:33,0.00041850,5.02000000
2018-02-26 07:25:33,0.00041840,112.37000000
2018-02-26 07:25:35,0.00041940,50.00000000
2018-02-26 07:25:37,0.00041890,16.88000000
2018-02-26 07:25:37,0.00041940,5.91000000
2018-02-26 07:25:38,0.00041940,20.02000000
2018-02-26 07:25:40,0.00041940,171.01000000
2018-02-26 07:25:40,0.00041930,5.02000000
2018-02-26 07:25:42,0.00041930,21.49000000
2018-02-26 07:25:43,0.00041940,209.33000000
2018-02-26 07:25:47,0.00041940,66.90000000
2018-02-26 07:25:52,0.00041940,91.59000000
2018-02-26 07:25:54,0.00041940,21.33000000
2018-02-26 07:25:56,0.00041940,56.53000000
2018-02-26 07:25:58,0.00041940,110.00000000
2018-02-26 07:25:58,0.00041930,8.34000000
2018-02-26 07:25:59,0.00041940,5.87000000
2018-02-26 07:26:00,0.00041940,149.00000000
2018-02-26 07:26:01,0.00041940,1091.11000000
2018-02-26 07:26:04,0.00041940,154.87000000
2018-02-26 07:26:05,0.00041940,31.60000000
2018-02-26 07:26:10,0.00041940,126.81000000
2018-02-26 07:26:10,0.00041940,178.22000000
2018-02-26 07:26:11,0.00041940,0.94000000
2018-02-26 07:26:14,0.00041930,352.37000000
2018-02-26 07:26:14,0.00041940,267.07000000
2018-02-26 07:26:14,0.00041940,175.57000000
2018-02-26 07:26:15,0.00041940,10.72000000
2018-02-26 07:26:15,0.00041940,8.93000000
2018-02-26 07:26:15,0.00041940,11.92000000
2018-02-26 07:26:15,0.00041940,8.93000000
2018-02-26 07:26:15,0.00041940,23.84000000
2018-02-26 07:26:15,0.00041940,14.31000000
2018-02-26 07:26:15,0.00041940,21.19000000
2018-02-26 07:26:15,0.00041940,486.31000000
2018-02-26 07:26:22,0.00041940,30.00000000
2018-02-26 07:26:23,0.00041940,5.16000000
2018-02-26 07:26:24,0.00041940,67.43000000
2018-02-26 07:26:24,0.00041940,7.41000000
2018-02-26 07:26:25,0.00041940,254.50000000
2018-02-26 07:26:27,0.00041940,3.57000000
2018-02-26 07:26:28,0.00041940,50.00000000
2018-02-26 07:26:31,0.00041940,28.62000000
2018-02-26 07:26:43,0.00041940,244.91000000
2018-02-26 07:26:53,0.00041940,86.95000000
2018-02-26 07:26:53,0.00041940,125.98000000
2018-02-26 07:26:56,0.00041940,3.57000000
2018-02-26 07:26:57,0.00041940,167.74000000
2018-02-26 07:26:58,0.00041940,6.91000000
2018-02-26 07:27:03,0.00041930,17.12000000
2018-02-26 07:27:03,0.00041930,227.12000000
2018-02-26 07:27:03,0.00041930,33.91000000
2018-02-26 07:27:03,0.00041940,756.32000000
2018-02-26 07:27:07,0.00041930,21.42000000
2018-02-26 07:27:08,0.00041930,95.20000000
2018-02-26 07:27:13,0.00041930,158.37000000
2018-02-26 07:27:13,0.00041930,0.01000000
2018-02-26 07:27:13,0.00041940,3.56000000
2018-02-26 07:27:14,0.00041940,877.61000000
2018-02-26 07:27:17,0.00041890,1361.95000000
2018-02-26 07:27:21,0.00041880,8.53000000
2018-02-26 07:27:21,0.00041860,7.22000000
2018-02-26 07:27:21,0.00041850,2207.95000000
2018-02-26 07:27:29,0.00041940,670.59000000
2018-02-26 07:27:41,0.00041960,32.14000000
2018-02-26 07:27:51,0.00041960,6.91000000
2018-02-26 07:27:51,0.00041960,430.12000000
2018-02-26 07:27:59,0.00041960,40.30000000
2018-02-26 07:28:03,0.00041950,5.87000000
2018-02-26 07:28:03,0.00041950,16.21000000
2018-02-26 07:28:20,0.00041870,12.91000000
2018-02-26 07:28:32,0.00041880,12.77000000
2018-02-26 07:28:32,0.00041870,432.18000000
2018-02-26 07:28:38,0.00041930,15.75000000
2018-02-26 07:28:42,0.00041930,212.25000000
2018-02-26 07:28:42,0.00041940,30.00000000
2018-02-26 07:28:42,0.00041950,550.85000000
2018-02-26 07:28:43,0.00041950,340.53000000
2018-02-26 07:28:45,0.00041950,171.01000000
2018-02-26 07:28:45,0.00041960,23.86000000
2018-02-26 07:28:45,0.00041970,1805.13000000
2018-02-26 07:28:49,0.00041890,228.00000000
2018-02-26 07:28:49,0.00041880,224.77000000
2018-02-26 07:28:56,0.00041960,19.40000000
2018-02-26 07:29:00,0.00041960,208.60000000
2018-02-26 07:29:00,0.00041970,194.87000000
2018-02-26 07:29:00,0.00041970,79.86000000
2018-02-26 07:29:02,0.00041970,20.00000000
2018-02-26 07:29:02,0.00041970,10.00000000
2018-02-26 07:29:03,0.00041970,20.94000000
2018-02-26 07:29:04,0.00041970,19.00000000
2018-02-26 07:29:06,0.00041970,65.27000000
2018-02-26 07:29:09,0.00041970,28.00000000
2018-02-26 07:29:11,0.00041970,412.14000000
2018-02-26 07:29:16,0.00042000,388.53000000
2018-02-26 07:29:17,0.00041970,5.02000000
2018-02-26 07:29:21,0.00042000,7.02000000
2018-02-26 07:29:25,0.00042010,513.83000000
2018-02-26 07:29:26,0.00042010,20.00000000
2018-02-26 07:29:26,0.00042000,0.15000000
2018-02-26 07:29:26,0.00042010,966.17000000
2018-02-26 07:29:32,0.00042010,42.14000000
2018-02-26 07:29:37,0.00042050,92.79000000
2018-02-26 07:29:37,0.00042070,107.30000000
2018-02-26 07:29:37,0.00042070,4.41000000
2018-02-26 07:29:37,0.00042070,0.02000000
2018-02-26 07:29:37,0.00042060,4.41000000
2018-02-26 07:29:38,0.00042070,121.08000000
2018-02-26 07:29:38,0.00042070,48.89000000
2018-02-26 07:29:38,0.00042080,30.66000000
2018-02-26 07:29:38,0.00042020,3.48000000
2018-02-26 07:29:40,0.00042080,196.00000000
2018-02-26 07:29:42,0.00042080,6.42000000
2018-02-26 07:29:49,0.00042070,23.00000000
2018-02-26 07:29:49,0.00042080,19.17000000
2018-02-26 07:29:49,0.00042080,122.94000000
2018-02-26 07:29:49,0.00042080,23.71000000
2018-02-26 07:29:49,0.00042080,71.29000000
2018-02-26 07:29:49,0.00042080,147.53000000
2018-02-26 07:29:49,0.00042020,23.71000000
2018-02-26 07:29:51,0.00042030,10.01000000
2018-02-26 07:29:54,0.00042070,9.63000000
2018-02-26 07:29:54,0.00042070,713.98000000
2018-02-26 07:30:00,0.00042070,848.39000000
2018-02-26 07:30:00,0.00042080,538.65000000
2018-02-26 07:30:02,0.00042080,1550.63000000
2018-02-26 07:30:05,0.00042100,13.27000000
2018-02-26 07:30:06,0.00042100,2.71000000
2018-02-26 07:30:06,0.00042120,0.85000000
2018-02-26 07:30:07,0.00042120,134.27000000
2018-02-26 07:30:07,0.00042130,21.03000000
2018-02-26 07:30:10,0.00042140,70.84000000
2018-02-26 07:30:10,0.00042140,76.56000000
2018-02-26 07:30:10,0.00042140,160.34000000
2018-02-26 07:30:11,0.00042150,11.58000000
2018-02-26 07:30:12,0.00042140,4.54000000
2018-02-26 07:30:14,0.00042150,41.83000000
2018-02-26 07:30:16,0.00042170,3.55000000
2018-02-26 07:30:18,0.00042170,140.51000000
2018-02-26 07:30:18,0.00042180,70.87000000
2018-02-26 07:30:18,0.00042180,28.95000000
2018-02-26 07:30:19,0.00042150,990.17000000
2018-02-26 07:30:19,0.00042140,113.99000000
2018-02-26 07:30:19,0.00042140,222.73000000
2018-02-26 07:30:20,0.00042150,323.35000000
2018-02-26 07:30:21,0.00042170,65.64000000
2018-02-26 07:30:21,0.00042150,7.17000000
2018-02-26 07:30:22,0.00042180,36.38000000
2018-02-26 07:30:22,0.00042150,13.45000000
2018-02-26 07:30:26,0.00042150,23.69000000
2018-02-26 07:30:27,0.00042150,168.46000000
2018-02-26 07:30:27,0.00042150,133.40000000
2018-02-26 07:30:28,0.00042150,24.01000000
2018-02-26 07:30:30,0.00042180,879.87000000
2018-02-26 07:30:30,0.00042180,852.32000000
2018-02-26 07:30:30,0.00042190,85.07000000
2018-02-26 07:30:30,0.00042200,87.02000000
2018-02-26 07:30:30,0.00042200,570.98000000
2018-02-26 07:30:31,0.00042200,14.90000000
2018-02-26 07:30:32,0.00042180,9.62000000
2018-02-26 07:30:32,0.00042200,686.48000000
2018-02-26 07:30:32,0.00042200,200.78000000
2018-02-26 07:30:32,0.00042220,184.56000000
2018-02-26 07:30:32,0.00042230,110.33000000
2018-02-26 07:30:32,0.00042240,744.33000000
2018-02-26 07:30:33,0.00042240,50.05000000
2018-02-26 07:30:35,0.00042200,3.16000000
2018-02-26 07:30:36,0.00042200,14.31000000
2018-02-26 07:30:37,0.00042240,112.70000000
2018-02-26 07:30:37,0.00042260,127.18000000
2018-02-26 07:30:37,0.00042260,28.87000000
2018-02-26 07:30:37,0.00042260,5.77000000
2018-02-26 07:30:37,0.00042200,34.59000000
2018-02-26 07:30:37,0.00042200,34.64000000
2018-02-26 07:30:38,0.00042200,23.69000000
2018-02-26 07:30:39,0.00042200,0.07000000
2018-02-26 07:30:39,0.00042210,4.20000000
2018-02-26 07:30:40,0.00042220,4.20000000
2018-02-26 07:30:40,0.00042220,4.20000000
2018-02-26 07:30:41,0.00042220,4.20000000
2018-02-26 07:30:42,0.00042240,11.26000000
2018-02-26 07:30:42,0.00042230,4.20000000
2018-02-26 07:30:43,0.00042230,21.46000000
2018-02-26 07:30:43,0.00042230,30.05000000
2018-02-26 07:30:43,0.00042240,3.75000000
2018-02-26 07:30:43,0.00042230,5.45000000
2018-02-26 07:30:44,0.00042240,8.09000000
2018-02-26 07:30:45,0.00042240,4.20000000
2018-02-26 07:30:45,0.00042240,17.82000000
2018-02-26 07:30:46,0.00042240,5.69000000
2018-02-26 07:30:46,0.00042240,5.69000000
2018-02-26 07:30:46,0.00042240,5.75000000
2018-02-26 07:30:46,0.00042240,5.69000000
2018-02-26 07:30:47,0.00042240,223.81000000
2018-02-26 07:30:47,0.00042240,102.65000000
2018-02-26 07:30:47,0.00042240,4.20000000
2018-02-26 07:30:47,0.00042240,73.34000000
2018-02-26 07:30:48,0.00042240,328.54000000
2018-02-26 07:30:48,0.00042260,5.78000000
2018-02-26 07:30:48,0.00042260,231.21000000
2018-02-26 07:30:48,0.00042260,5.85000000
2018-02-26 07:30:49,0.00042240,216.84000000
2018-02-26 07:30:49,0.00042250,39.80000000
2018-02-26 07:30:50,0.00042250,2.70000000
2018-02-26 07:30:50,0.00042250,127.68000000
2018-02-26 07:30:51,0.00042250,80.10000000
2018-02-26 07:30:52,0.00042260,238.63000000
2018-02-26 07:30:52,0.00042240,19.37000000
2018-02-26 07:30:53,0.00042240,110.31000000
2018-02-26 07:30:54,0.00042260,0.24000000
2018-02-26 07:31:00,0.00042280,345.64000000
2018-02-26 07:31:00,0.00042280,363.25000000
2018-02-26 07:31:00,0.00042280,10.54000000
2018-02-26 07:31:01,0.00042280,139.22000000
2018-02-26 07:31:01,0.00042290,199.37000000
2018-02-26 07:31:02,0.00042290,97.74000000
2018-02-26 07:31:03,0.00042290,209.87000000
2018-02-26 07:31:04,0.00042290,2081.02000000
2018-02-26 07:31:04,0.00042290,169.28000000
2018-02-26 07:31:04,0.00042290,23.64000000
2018-02-26 07:31:04,0.00042290,21.38000000
2018-02-26 07:31:04,0.00042290,31.17000000
2018-02-26 07:31:05,0.00042290,4.20000000
2018-02-26 07:31:05,0.00042290,6.50000000
2018-02-26 07:31:06,0.00042290,257.88000000
2018-02-26 07:31:06,0.00042300,3.07000000
2018-02-26 07:31:06,0.00042290,0.02000000
2018-02-26 07:31:07,0.00042280,60.00000000
2018-02-26 07:31:07,0.00042290,19.46000000
2018-02-26 07:31:07,0.00042280,4.20000000
2018-02-26 07:31:07,0.00042290,96.40000000
2018-02-26 07:31:07,0.00042300,60.70000000
2018-02-26 07:31:08,0.00042280,6.94000000
2018-02-26 07:31:08,0.00042300,498.26000000
2018-02-26 07:31:08,0.00042280,285.49000000
2018-02-26 07:31:08,0.00042280,4.20000000
2018-02-26 07:31:09,0.00042280,22.53000000
2018-02-26 07:31:09,0.00042300,90.96000000
2018-02-26 07:31:09,0.00042300,218.11000000
2018-02-26 07:31:10,0.00042280,27.19000000
2018-02-26 07:31:10,0.00042300,28.51000000
2018-02-26 07:31:15,0.00042300,456.12000000
2018-02-26 07:31:19,0.00042340,10.00000000
2018-02-26 07:31:19,0.00042350,8.49000000
2018-02-26 07:31:21,0.00042300,8.97000000
2018-02-26 07:31:21,0.00042350,14.80000000
2018-02-26 07:31:22,0.00042340,27.18000000
2018-02-26 07:31:22,0.00042340,5.00000000
2018-02-26 07:31:22,0.00042350,89.14000000
2018-02-26 07:31:22,0.00042360,21.86000000
2018-02-26 07:31:22,0.00042340,21.05000000
2018-02-26 07:31:22,0.00042340,103.48000000
2018-02-26 07:31:24,0.00042340,6.29000000
2018-02-26 07:31:24,0.00042340,209.68000000
2018-02-26 07:31:24,0.00042360,122.81000000
2018-02-26 07:31:24,0.00042370,930.15000000
2018-02-26 07:31:26,0.00042370,20.80000000
2018-02-26 07:31:26,0.00042340,502.44000000
2018-02-26 07:31:27,0.00042340,9.36000000
2018-02-26 07:31:28,0.00042360,12.00000000
2018-02-26 07:31:29,0.00042360,1.31000000
2018-02-26 07:31:30,0.00042360,90.00000000
2018-02-26 07:31:32,0.00042360,29.75000000
2018-02-26 07:31:32,0.00042360,77.51000000
2018-02-26 07:31:33,0.00042360,27.57000000
2018-02-26 07:31:34,0.00042360,32.24000000
2018-02-26 07:31:36,0.00042350,85.34000000
2018-02-26 07:31:36,0.00042360,404.05000000
2018-02-26 07:31:36,0.00042360,350.10000000
2018-02-26 07:31:37,0.00042360,675.25000000
2018-02-26 07:31:37,0.00042360,52.04000000
2018-02-26 07:31:37,0.00042360,172.56000000
2018-02-26 07:31:37,0.00042360,46.41000000
2018-02-26 07:31:37,0.00042360,8.93000000
2018-02-26 07:31:38,0.00042360,238.29000000
2018-02-26 07:31:38,0.00042360,3.99000000
2018-02-26 07:31:39,0.00042370,1549.05000000
2018-02-26 07:31:45,0.00042370,146.87000000
2018-02-26 07:31:45,0.00042380,13.12000000
2018-02-26 07:31:46,0.00042380,18.59000000
2018-02-26 07:31:46,0.00042380,160.60000000
2018-02-26 07:31:47,0.00042380,223.32000000
2018-02-26 07:31:49,0.00042380,62.26000000
2018-02-26 07:31:49,0.00042370,62.26000000
2018-02-26 07:31:49,0.00042380,62.00000000
2018-02-26 07:31:49,0.00042380,46.16000000
2018-02-26 07:31:50,0.00042390,11.46000000
2018-02-26 07:31:50,0.00042380,49.46000000
2018-02-26 07:31:50,0.00042370,262.81000000
2018-02-26 07:31:51,0.00042390,5.00000000
2018-02-26 07:31:55,0.00042390,1441.19000000
2018-02-26 07:31:56,0.00042370,7.13000000
2018-02-26 07:31:56,0.00042370,1441.60000000
2018-02-26 07:31:56,0.00042390,432.26000000
2018-02-26 07:31:57,0.00042380,597.91000000
2018-02-26 07:31:57,0.00042390,3796.18000000
2018-02-26 07:31:58,0.00042390,66.03000000
2018-02-26 07:32:02,0.00042400,5.49000000
2018-02-26 07:32:02,0.00042400,30.25000000
2018-02-26 07:32:04,0.00042400,382.37000000
2018-02-26 07:32:05,0.00042410,333.93000000
2018-02-26 07:32:07,0.00042410,111.20000000
2018-02-26 07:32:11,0.00042410,67.39000000
2018-02-26 07:32:11,0.00042410,14.50000000
2018-02-26 07:32:12,0.00042410,65.21000000
2018-02-26 07:32:12,0.00042410,279.66000000
2018-02-26 07:32:13,0.00042440,134.13000000
2018-02-26 07:32:13,0.00042450,69.85000000
2018-02-26 07:32:15,0.00042450,498.02000000
2018-02-26 07:32:15,0.00042420,14.00000000
2018-02-26 07:32:15,0.00042450,583.18000000
2018-02-26 07:32:15,0.00042470,57.20000000
2018-02-26 07:32:17,0.00042410,142.74000000
2018-02-26 07:32:18,0.00042410,1396.14000000
2018-02-26 07:32:19,0.00042400,909.21000000
2018-02-26 07:32:19,0.00042390,238.41000000
2018-02-26 07:32:20,0.00042390,261.00000000
2018-02-26 07:32:20,0.00042390,860.40000000
2018-02-26 07:32:20,0.00042390,220.62000000
2018-02-26 07:32:21,0.00042390,120.09000000
2018-02-26 07:32:21,0.00042390,71.37000000
2018-02-26 07:32:21,0.00042390,199.37000000
2018-02-26 07:32:22,0.00042390,975.98000000
2018-02-26 07:32:23,0.00042410,1975.37000000
2018-02-26 07:32:24,0.00042390,138.62000000
2018-02-26 07:32:24,0.00042390,1059.06000000
2018-02-26 07:32:25,0.00042390,186.92000000
2018-02-26 07:32:25,0.00042400,780.49000000
2018-02-26 07:32:25,0.00042400,230.00000000
2018-02-26 07:32:25,0.00042380,2.89000000
2018-02-26 07:32:25,0.00042380,35.69000000
2018-02-26 07:32:25,0.00042380,28.80000000
2018-02-26 07:32:27,0.00042400,540.14000000
2018-02-26 07:32:27,0.00042400,383.92000000
2018-02-26 07:32:28,0.00042400,234.00000000
2018-02-26 07:32:28,0.00042400,500.08000000
2018-02-26 07:32:28,0.00042400,18.25000000
2018-02-26 07:32:31,0.00042390,3.01000000
2018-02-26 07:32:31,0.00042410,5.22000000
2018-02-26 07:32:31,0.00042380,3.10000000
2018-02-26 07:32:32,0.00042380,42.37000000
2018-02-26 07:32:33,0.00042390,3.03000000
2018-02-26 07:32:33,0.00042380,6.02000000
2018-02-26 07:32:34,0.00042380,2.41000000
2018-02-26 07:32:34,0.00042390,37.22000000
2018-02-26 07:32:34,0.00042380,25.34000000
2018-02-26 07:32:35,0.00042390,166.75000000
2018-02-26 07:32:35,0.00042380,70.39000000
2018-02-26 07:32:37,0.00042380,6.00000000
2018-02-26 07:32:37,0.00042380,15.00000000
2018-02-26 07:32:37,0.00042380,4.82000000
2018-02-26 07:32:37,0.00042380,35.69000000
2018-02-26 07:32:38,0.00042390,5.00000000
2018-02-26 07:32:38,0.00042390,41.69000000
2018-02-26 07:32:39,0.00042390,288.05000000
2018-02-26 07:32:39,0.00042390,59.32000000
2018-02-26 07:32:40,0.00042400,23.00000000
2018-02-26 07:32:40,0.00042390,274.00000000
2018-02-26 07:32:40,0.00042400,13.89000000
2018-02-26 07:32:40,0.00042390,115.88000000
2018-02-26 07:32:44,0.00042390,90.83000000
2018-02-26 07:32:44,0.00042380,591.55000000
2018-02-26 07:32:44,0.00042370,660.23000000
2018-02-26 07:32:45,0.00042390,134.39000000
2018-02-26 07:32:45,0.00042390,577.87000000
2018-02-26 07:32:45,0.00042350,417.82000000
2018-02-26 07:32:45,0.00042290,375.28000000
2018-02-26 07:32:47,0.00042290,8.39000000
2018-02-26 07:32:47,0.00042290,126.62000000
2018-02-26 07:32:48,0.00042390,60.43000000
2018-02-26 07:32:48,0.00042400,33.71000000
2018-02-26 07:32:48,0.00042290,21.74000000
2018-02-26 07:32:48,0.00042290,32.57000000
2018-02-26 07:32:48,0.00042290,11.88000000
2018-02-26 07:32:48,0.00042290,4.80000000
2018-02-26 07:32:48,0.00042290,6.00000000
2018-02-26 07:32:48,0.00042290,7.21000000
2018-02-26 07:32:48,0.00042290,19.14000000
2018-02-26 07:32:48,0.00042290,7.21000000
2018-02-26 07:32:48,0.00042290,28.15000000
2018-02-26 07:32:48,0.00042300,14.31000000
2018-02-26 07:32:48,0.00042290,18.05000000
2018-02-26 07:32:48,0.00042290,5.99000000
2018-02-26 07:32:48,0.00042290,1336.76000000
2018-02-26 07:32:49,0.00042300,48.08000000
2018-02-26 07:32:49,0.00042300,16.76000000
2018-02-26 07:32:49,0.00042300,4.81000000
2018-02-26 07:32:49,0.00042300,7.19000000
2018-02-26 07:32:49,0.00042300,5.63000000
2018-02-26 07:32:49,0.00042400,200.00000000
2018-02-26 07:32:49,0.00042390,6.99000000
2018-02-26 07:32:49,0.00042390,1004.63000000
2018-02-26 07:32:49,0.00042390,203.78000000
2018-02-26 07:32:50,0.00042390,16.53000000
2018-02-26 07:32:50,0.00042390,11.98000000
2018-02-26 07:32:50,0.00042390,8.38000000
2018-02-26 07:32:50,0.00042390,5.28000000
2018-02-26 07:32:50,0.00042390,2.62000000
2018-02-26 07:32:50,0.00042390,4.55000000
2018-02-26 07:32:50,0.00042390,46.63000000
2018-02-26 07:32:50,0.00042390,5.99000000
2018-02-26 07:32:50,0.00042390,38.02000000
2018-02-26 07:32:50,0.00042390,2.87000000
2018-02-26 07:32:50,0.00042390,14.88000000
2018-02-26 07:32:50,0.00042390,5.53000000
2018-02-26 07:32:50,0.00042390,28.37000000
2018-02-26 07:32:50,0.00042390,8.65000000
2018-02-26 07:32:50,0.00042390,68.32000000
2018-02-26 07:32:50,0.00042300,115.60000000
2018-02-26 07:32:50,0.00042280,183.73000000
2018-02-26 07:32:51,0.00042390,61.84000000
2018-02-26 07:32:51,0.00042250,3.11000000
2018-02-26 07:32:52,0.00042380,9.59000000
2018-02-26 07:32:52,0.00042260,12.02000000
2018-02-26 07:32:52,0.00042260,8.39000000
2018-02-26 07:32:52,0.00042260,9.62000000
2018-02-26 07:32:52,0.00042260,5.30000000
2018-02-26 07:32:53,0.00042270,9.59000000
2018-02-26 07:32:53,0.00042260,3.65000000
2018-02-26 07:32:54,0.00042260,17.07000000
2018-02-26 07:32:54,0.00042260,4.31000000
2018-02-26 07:32:54,0.00042260,6.00000000
2018-02-26 07:32:54,0.00042380,30.00000000
2018-02-26 07:32:54,0.00042390,1526.96000000
2018-02-26 07:32:54,0.00042260,96.33000000
2018-02-26 07:32:55,0.00042270,30.00000000
2018-02-26 07:32:55,0.00042260,179.66000000
2018-02-26 07:32:56,0.00042270,18.49000000
2018-02-26 07:32:56,0.00042270,25.93000000
2018-02-26 07:32:56,0.00042260,7.20000000
2018-02-26 07:32:57,0.00042260,6.02000000
2018-02-26 07:32:57,0.00042260,48.08000000
2018-02-26 07:32:57,0.00042280,13.36000000
2018-02-26 07:32:57,0.00042280,14.62000000
2018-02-26 07:32:58,0.00042280,6.74000000
2018-02-26 07:32:59,0.00042280,5.29000000
2018-02-26 07:32:59,0.00042280,193.99000000
2018-02-26 07:33:01,0.00042260,13.95000000
2018-02-26 07:33:01,0.00042290,3288.52000000
2018-02-26 07:33:01,0.00042290,19.28000000
2018-02-26 07:33:01,0.00042290,4.82000000
2018-02-26 07:33:01,0.00042350,279.32000000
2018-02-26 07:33:02,0.00042290,2.89000000
2018-02-26 07:33:03,0.00042290,12.75000000
2018-02-26 07:33:03,0.00042350,3.54000000
2018-02-26 07:33:04,0.00042290,72.20000000
2018-02-26 07:33:04,0.00042290,10.79000000
2018-02-26 07:33:04,0.00042290,5.05000000
2018-02-26 07:33:04,0.00042290,71.55000000
2018-02-26 07:33:04,0.00042290,195.80000000
2018-02-26 07:33:05,0.00042350,19.55000000
2018-02-26 07:33:05,0.00042290,98.14000000
2018-02-26 07:33:05,0.00042290,9.41000000
2018-02-26 07:33:05,0.00042290,3.62000000
2018-02-26 07:33:05,0.00042350,22.76000000
2018-02-26 07:33:06,0.00042290,11.87000000
2018-02-26 07:33:06,0.00042300,19.26000000
2018-02-26 07:33:07,0.00042350,23.82000000
2018-02-26 07:33:07,0.00042340,234.00000000
2018-02-26 07:33:07,0.00042350,147.67000000
2018-02-26 07:33:08,0.00042300,27.35000000
2018-02-26 07:33:09,0.00042320,8.35000000
2018-02-26 07:33:09,0.00042300,3.67000000
2018-02-26 07:33:10,0.00042300,16.75000000
2018-02-26 07:33:11,0.00042300,41.24000000
2018-02-26 07:33:11,0.00042300,12.01000000
2018-02-26 07:33:11,0.00042300,7.93000000
2018-02-26 07:33:11,0.00042300,107.92000000
2018-02-26 07:33:11,0.00042340,99.46000000
2018-02-26 07:33:11,0.00042300,2.87000000
2018-02-26 07:33:12,0.00042340,3.54000000
2018-02-26 07:33:12,0.00042300,561.21000000
2018-02-26 07:33:12,0.00042290,4805.18000000
2018-02-26 07:33:13,0.00042300,129.78000000
2018-02-26 07:33:13,0.00042300,65.62000000
2018-02-26 07:33:13,0.00042300,1100.00000000
2018-02-26 07:33:14,0.00042290,878.32000000
2018-02-26 07:33:14,0.00042290,254.85000000
2018-02-26 07:33:14,0.00042290,8.60000000
2018-02-26 07:33:15,0.00042300,234.00000000
2018-02-26 07:33:15,0.00042290,2000.00000000
2018-02-26 07:33:15,0.00042290,241.53000000
2018-02-26 07:33:18,0.00042260,7.19000000
2018-02-26 07:33:19,0.00042280,283.56000000
2018-02-26 07:33:19,0.00042290,75.21000000
2018-02-26 07:33:19,0.00042300,64.27000000
2018-02-26 07:33:19,0.00042260,23.19000000
2018-02-26 07:33:20,0.00042250,136.22000000
2018-02-26 07:33:23,0.00042240,24.13000000
2018-02-26 07:33:23,0.00042290,234.00000000
2018-02-26 07:33:23,0.00042300,28.13000000
2018-02-26 07:33:27,0.00042300,14.54000000
2018-02-26 07:33:27,0.00042240,50.24000000
2018-02-26 07:33:27,0.00042210,11.21000000
2018-02-26 07:33:27,0.00042200,30.00000000
2018-02-26 07:33:27,0.00042150,359.46000000
2018-02-26 07:33:29,0.00042250,7.20000000
2018-02-26 07:33:30,0.00042250,4.09000000
2018-02-26 07:33:30,0.00042180,6.78000000
2018-02-26 07:33:30,0.00042160,21.15000000
2018-02-26 07:33:31,0.00042200,21.10000000
2018-02-26 07:33:32,0.00042300,14.34000000
2018-02-26 07:33:33,0.00042300,81.49000000
2018-02-26 07:33:33,0.00042210,80.00000000
2018-02-26 07:33:33,0.00042200,213.90000000
2018-02-26 07:33:33,0.00042160,49.71000000
2018-02-26 07:33:33,0.00042160,71.33000000
2018-02-26 07:33:36,0.00042300,99.49000000
2018-02-26 07:33:36,0.00042300,124.05000000
2018-02-26 07:33:36,0.00042300,11.46000000
2018-02-26 07:33:36,0.00042300,11.45000000
2018-02-26 07:33:39,0.00042300,3.14000000
2018-02-26 07:33:44,0.00042350,56.53000000
2018-02-26 07:33:44,0.00042360,244.94000000
2018-02-26 07:33:46,0.00042340,180.16000000
2018-02-26 07:33:46,0.00042360,56.53000000
2018-02-26 07:33:46,0.00042380,249.00000000
2018-02-26 07:33:46,0.00042390,276.39000000
2018-02-26 07:33:46,0.00042400,2510.03000000
2018-02-26 07:33:47,0.00042400,23.64000000
2018-02-26 07:33:47,0.00042400,20.00000000
2018-02-26 07:33:47,0.00042400,31.44000000
2018-02-26 07:33:48,0.00042400,7.19000000
2018-02-26 07:33:49,0.00042400,232.69000000
2018-02-26 07:33:50,0.00042410,32.39000000
2018-02-26 07:33:51,0.00042400,1412.92000000
2018-02-26 07:33:56,0.00042400,6.00000000
2018-02-26 07:33:57,0.00042400,29.29000000
2018-02-26 07:33:58,0.00042400,4.19000000
2018-02-26 07:33:59,0.00042400,692.46000000
2018-02-26 07:34:03,0.00042370,9.25000000
2018-02-26 07:34:05,0.00042380,20.00000000
2018-02-26 07:34:06,0.00042380,100.00000000
2018-02-26 07:34:07,0.00042390,215.19000000
2018-02-26 07:34:07,0.00042400,394.15000000
2018-02-26 07:34:08,0.00042380,9.25000000
2018-02-26 07:34:10,0.00042380,0.01000000
2018-02-26 07:34:10,0.00042360,1715.44000000
2018-02-26 07:34:12,0.00042360,211.03000000
2018-02-26 07:34:12,0.00042310,9.59000000
2018-02-26 07:34:13,0.00042360,2215.07000000
2018-02-26 07:34:14,0.00042310,81.51000000
2018-02-26 07:34:15,0.00042310,5.99000000
2018-02-26 07:34:16,0.00042310,40.64000000
2018-02-26 07:34:19,0.00042390,61.70000000
2018-02-26 07:34:22,0.00042320,5.70000000
2018-02-26 07:34:23,0.00042390,76.29000000
2018-02-26 07:34:26,0.00042350,878.99000000
2018-02-26 07:34:30,0.00042350,5.44000000
2018-02-26 07:34:33,0.00042350,21.08000000
2018-02-26 07:34:35,0.00042350,203.97000000
2018-02-26 07:34:37,0.00042380,106.85000000
2018-02-26 07:34:38,0.00042360,38.13000000
2018-02-26 07:34:38,0.00042350,698.29000000
2018-02-26 07:34:38,0.00042350,310.56000000
2018-02-26 07:34:38,0.00042350,107.57000000
2018-02-26 07:34:40,0.00042350,151.03000000
2018-02-26 07:34:40,0.00042350,18.30000000
2018-02-26 07:34:40,0.00042350,4.97000000
2018-02-26 07:34:41,0.00042350,147.53000000
2018-02-26 07:34:43,0.00042350,51.95000000
2018-02-26 07:34:44,0.00042350,36.04000000
2018-02-26 07:34:46,0.00042320,138.37000000
2018-02-26 07:34:47,0.00042350,13.11000000
2018-02-26 07:34:48,0.00042350,82.45000000
2018-02-26 07:34:48,0.00042360,50.99000000
2018-02-26 07:34:51,0.00042350,30.00000000
2018-02-26 07:34:51,0.00042350,3157.30000000
2018-02-26 07:34:56,0.00042350,69.24000000
2018-02-26 07:34:57,0.00042350,1140.88000000
2018-02-26 07:34:57,0.00042350,20.69000000
2018-02-26 07:34:57,0.00042350,161.60000000
2018-02-26 07:34:58,0.00042350,255.48000000
2018-02-26 07:34:58,0.00042370,21.10000000
2018-02-26 07:34:58,0.00042370,77.61000000
2018-02-26 07:35:00,0.00042370,56.00000000
2018-02-26 07:35:05,0.00042350,19.00000000
2018-02-26 07:35:07,0.00042350,300.00000000
2018-02-26 07:35:09,0.00042350,81.00000000
2018-02-26 07:35:10,0.00042360,8.34000000
2018-02-26 07:35:10,0.00042360,120.16000000
2018-02-26 07:35:10,0.00042320,25.74000000
2018-02-26 07:35:11,0.00042370,6.10000000
2018-02-26 07:35:16,0.00042370,87.18000000
2018-02-26 07:35:17,0.00042370,14.52000000
2018-02-26 07:35:20,0.00042370,6.26000000
2018-02-26 07:35:21,0.00042390,1363.23000000
2018-02-26 07:35:21,0.00042390,120.85000000
2018-02-26 07:35:21,0.00042390,200.00000000
2018-02-26 07:35:22,0.00042390,87.76000000
2018-02-26 07:35:27,0.00042390,226.39000000
2018-02-26 07:35:27,0.00042390,242.91000000
2018-02-26 07:35:29,0.00042400,108.63000000
2018-02-26 07:35:30,0.00042400,29.97000000
2018-02-26 07:35:31,0.00042400,17.53000000
2018-02-26 07:35:31,0.00042400,75.58000000
2018-02-26 07:35:32,0.00042400,97.57000000
2018-02-26 07:35:33,0.00042410,33.00000000
2018-02-26 07:35:33,0.00042400,3.95000000
2018-02-26 07:35:34,0.00042410,42.26000000
2018-02-26 07:35:35,0.00042410,8.79000000
2018-02-26 07:35:36,0.00042410,40.00000000
2018-02-26 07:35:37,0.00042400,14.52000000
2018-02-26 07:35:38,0.00042410,101.83000000
2018-02-26 07:35:38,0.00042400,20.23000000
2018-02-26 07:35:39,0.00042410,5.30000000
2018-02-26 07:35:39,0.00042410,50.00000000
2018-02-26 07:35:41,0.00042410,8.56000000
2018-02-26 07:35:42,0.00042410,292.42000000
2018-02-26 07:35:43,0.00042410,11.18000000
2018-02-26 07:35:44,0.00042410,13.27000000
2018-02-26 07:35:46,0.00042440,35.40000000
2018-02-26 07:35:46,0.00042450,104.65000000
2018-02-26 07:35:46,0.00042460,83.78000000
2018-02-26 07:35:46,0.00042470,16.17000000
2018-02-26 07:35:48,0.00042460,238.29000000
2018-02-26 07:35:48,0.00042470,61.71000000
2018-02-26 07:35:49,0.00042450,94.76000000
2018-02-26 07:35:50,0.00042470,222.76000000
2018-02-26 07:35:54,0.00042470,195.42000000
2018-02-26 07:35:55,0.00042470,94.36000000
2018-02-26 07:35:55,0.00042450,24.44000000
2018-02-26 07:35:56,0.00042470,124.73000000
2018-02-26 07:35:57,0.00042470,908.35000000
2018-02-26 07:35:58,0.00042470,100.72000000
2018-02-26 07:35:58,0.00042450,0.01000000
2018-02-26 07:35:58,0.00042420,147.37000000
2018-02-26 07:35:58,0.00042470,75.34000000
2018-02-26 07:35:59,0.00042470,11.51000000
2018-02-26 07:36:00,0.00042470,14.34000000
2018-02-26 07:36:00,0.00042470,27.97000000
2018-02-26 07:36:03,0.00042420,53.48000000
2018-02-26 07:36:03,0.00042420,24.15000000
2018-02-26 07:36:03,0.00042410,47.23000000
2018-02-26 07:36:06,0.00042410,1097.61000000
2018-02-26 07:36:06,0.00042400,481.05000000
2018-02-26 07:36:07,0.00042400,1801.08000000
2018-02-26 07:36:08,0.00042400,566.67000000
2018-02-26 07:36:09,0.00042400,36.91000000
2018-02-26 07:36:09,0.00042390,452.06000000
2018-02-26 07:36:09,0.00042360,84.11000000
2018-02-26 07:36:09,0.00042320,14.57000000
2018-02-26 07:36:09,0.00042310,58.60000000
2018-02-26 07:36:11,0.00042390,119.30000000
2018-02-26 07:36:11,0.00042400,421.73000000
2018-02-26 07:36:13,0.00042310,2.87000000
2018-02-26 07:36:14,0.00042390,4.19000000
2018-02-26 07:36:15,0.00042390,30.00000000
2018-02-26 07:36:15,0.00042310,195.22000000
2018-02-26 07:36:16,0.00042310,1037.37000000
2018-02-26 07:36:16,0.00042310,320.17000000
2018-02-26 07:36:16,0.00042390,36.29000000
2018-02-26 07:36:18,0.00042300,1798.93000000
2018-02-26 07:36:18,0.00042310,50.25000000
2018-02-26 07:36:18,0.00042310,30.00000000
2018-02-26 07:36:18,0.00042300,15.03000000
2018-02-26 07:36:18,0.00042310,240.10000000
2018-02-26 07:36:19,0.00042310,49.99000000
2018-02-26 07:36:19,0.00042310,31.37000000
2018-02-26 07:36:20,0.00042310,77.87000000
2018-02-26 07:36:22,0.00042310,124.10000000
2018-02-26 07:36:22,0.00042300,25.25000000
2018-02-26 07:36:22,0.00042300,2516.73000000
2018-02-26 07:36:22,0.00042300,25.25000000
2018-02-26 07:36:22,0.00042310,177.48000000
2018-02-26 07:36:23,0.00042310,509.18000000
2018-02-26 07:36:24,0.00042310,10.00000000
2018-02-26 07:36:25,0.00042280,120.47000000
2018-02-26 07:36:25,0.00042260,23.60000000
2018-02-26 07:36:25,0.00042240,322.67000000
2018-02-26 07:36:26,0.00042300,153.01000000
2018-02-26 07:36:28,0.00042300,7.59000000
2018-02-26 07:36:29,0.00042300,110.98000000
2018-02-26 07:36:29,0.00042310,207.41000000
2018-02-26 07:36:29,0.00042280,7.15000000
2018-02-26 07:36:30,0.00042310,24.94000000
2018-02-26 07:36:31,0.00042310,7.00000000
2018-02-26 07:36:31,0.00042310,125.85000000
2018-02-26 07:36:35,0.00042310,13.15000000
2018-02-26 07:36:35,0.00042310,387.91000000
2018-02-26 07:36:38,0.00042300,358.97000000
2018-02-26 07:36:38,0.00042370,97.00000000
2018-02-26 07:36:38,0.00042380,24.28000000
2018-02-26 07:36:38,0.00042390,398.30000000
2018-02-26 07:36:40,0.00042390,171.94000000
2018-02-26 07:36:41,0.00042310,17.36000000
2018-02-26 07:36:41,0.00042300,37.04000000
2018-02-26 07:36:41,0.00042390,3.07000000
2018-02-26 07:36:43,0.00042390,396.38000000
2018-02-26 07:36:44,0.00042310,11.82000000
2018-02-26 07:36:44,0.00042300,35.90000000
2018-02-26 07:36:44,0.00042390,124.74000000
2018-02-26 07:36:46,0.00042390,138.40000000
2018-02-26 07:36:46,0.00042390,37.71000000
2018-02-26 07:36:46,0.00042390,368.39000000
2018-02-26 07:36:48,0.00042310,11.82000000
2018-02-26 07:36:56,0.00042390,122.94000000
2018-02-26 07:36:56,0.00042400,12.29000000
2018-02-26 07:36:56,0.00042410,24.00000000
2018-02-26 07:36:56,0.00042420,151.78000000
2018-02-26 07:37:00,0.00042410,21.62000000
2018-02-26 07:37:00,0.00042410,63.60000000
2018-02-26 07:37:01,0.00042410,90.00000000
2018-02-26 07:37:05,0.00042400,10.00000000
2018-02-26 07:37:05,0.00042400,21.00000000
2018-02-26 07:37:06,0.00042400,24.00000000
2018-02-26 07:37:06,0.00042400,20.74000000
2018-02-26 07:37:07,0.00042400,144.86000000
2018-02-26 07:37:12,0.00042390,20.00000000
2018-02-26 07:37:12,0.00042390,21.81000000
2018-02-26 07:37:12,0.00042400,128.38000000
2018-02-26 07:37:14,0.00042390,4.01000000
2018-02-26 07:37:15,0.00042320,509.74000000
2018-02-26 07:37:15,0.00042390,50.00000000
2018-02-26 07:37:15,0.00042390,25.00000000
2018-02-26 07:37:18,0.00042390,21.17000000
2018-02-26 07:37:19,0.00042390,281.90000000
2018-02-26 07:37:19,0.00042400,148.10000000
2018-02-26 07:37:21,0.00042390,58.91000000
2018-02-26 07:37:21,0.00042390,47.48000000
2018-02-26 07:37:23,0.00042390,20.00000000
2018-02-26 07:37:23,0.00042390,20.00000000
2018-02-26 07:37:23,0.00042390,47.28000000
2018-02-26 07:37:24,0.00042390,983.94000000
2018-02-26 07:37:24,0.00042400,1747.88000000
2018-02-26 07:37:27,0.00042410,28.60000000
2018-02-26 07:37:27,0.00042420,6.88000000
2018-02-26 07:37:30,0.00042400,356.37000000
2018-02-26 07:37:30,0.00042420,72.12000000
2018-02-26 07:37:31,0.00042400,675.51000000
2018-02-26 07:37:32,0.00042420,7.29000000
2018-02-26 07:37:34,0.00042420,25.00000000
2018-02-26 07:37:38,0.00042400,39.86000000
2018-02-26 07:37:39,0.00042420,0.08000000
2018-02-26 07:37:40,0.00042420,31.32000000
2018-02-26 07:37:40,0.00042400,240.98000000
2018-02-26 07:37:43,0.00042420,300.43000000
2018-02-26 07:37:43,0.00042400,1339.90000000
2018-02-26 07:37:46,0.00042400,28.94000000
2018-02-26 07:37:46,0.00042400,9.48000000
2018-02-26 07:37:46,0.00042420,4.83000000
2018-02-26 07:37:49,0.00042330,6.91000000
2018-02-26 07:37:49,0.00042400,6.99000000
2018-02-26 07:37:50,0.00042330,8.09000000
2018-02-26 07:37:51,0.00042330,25.64000000
2018-02-26 07:37:54,0.00042330,16.83000000
2018-02-26 07:37:54,0.00042390,15.00000000
2018-02-26 07:37:54,0.00042400,5.40000000
2018-02-26 07:37:56,0.00042320,4.19000000
2018-02-26 07:37:58,0.00042390,22.00000000
2018-02-26 07:37:59,0.00042390,11.00000000
2018-02-26 07:37:59,0.00042400,14.00000000
2018-02-26 07:38:02,0.00042400,483.35000000
2018-02-26 07:38:03,0.00042420,74.62000000
2018-02-26 07:38:07,0.00042400,540.49000000
2018-02-26 07:38:07,0.00042400,4.86000000
2018-02-26 07:38:14,0.00042410,8.51000000
2018-02-26 07:38:15,0.00042410,0.02000000
2018-02-26 07:38:15,0.00042420,8.94000000
2018-02-26 07:38:16,0.00042420,4.16000000
2018-02-26 07:38:16,0.00042420,249.78000000
2018-02-26 07:38:17,0.00042420,76.01000000
2018-02-26 07:38:17,0.00042420,354.31000000
2018-02-26 07:38:17,0.00042430,3.53000000
2018-02-26 07:38:17,0.00042430,15.00000000
2018-02-26 07:38:19,0.00042400,136.44000000
2018-02-26 07:38:19,0.00042430,39.25000000
2018-02-26 07:38:20,0.00042400,20.85000000
2018-02-26 07:38:24,0.00042430,4.16000000
2018-02-26 07:38:25,0.00042430,19.35000000
2018-02-26 07:38:25,0.00042430,15.83000000
2018-02-26 07:38:26,0.00042430,193.25000000
2018-02-26 07:38:27,0.00042400,650.07000000
2018-02-26 07:38:29,0.00042430,0.01000000
2018-02-26 07:38:31,0.00042450,1175.79000000
2018-02-26 07:38:33,0.00042450,5.00000000
2018-02-26 07:38:34,0.00042460,492.18000000
2018-02-26 07:38:34,0.00042470,7513.98000000
2018-02-26 07:38:34,0.00042480,3209.18000000
2018-02-26 07:38:34,0.00042490,2521.94000000
2018-02-26 07:38:34,0.00042500,1866.22000000
2018-02-26 07:38:35,0.00042500,1500.00000000
2018-02-26 07:38:36,0.00042500,3608.07000000
2018-02-26 07:38:36,0.00042500,2072.89000000
2018-02-26 07:38:37,0.00042500,134.89000000
2018-02-26 07:38:37,0.00042500,1790.46000000
2018-02-26 07:38:37,0.00042500,1276.38000000
2018-02-26 07:38:37,0.00042500,604.26000000
2018-02-26 07:38:37,0.00042500,17.63000000
2018-02-26 07:38:38,0.00042500,30.39000000
2018-02-26 07:38:38,0.00042500,99.72000000
2018-02-26 07:38:39,0.00042500,1350.12000000
2018-02-26 07:38:39,0.00042500,743.89000000
2018-02-26 07:38:39,0.00042500,25.00000000
2018-02-26 07:38:39,0.00042500,1683.29000000
2018-02-26 07:38:40,0.00042500,12.47000000
2018-02-26 07:38:40,0.00042500,498.40000000
2018-02-26 07:38:40,0.00042500,1000.00000000
2018-02-26 07:38:41,0.00042500,20.92000000
2018-02-26 07:38:42,0.00042500,240.85000000
2018-02-26 07:38:42,0.00042500,2055.31000000
2018-02-26 07:38:42,0.00042500,5.88000000
2018-02-26 07:38:43,0.00042500,1550.76000000
2018-02-26 07:38:43,0.00042500,145.93000000
2018-02-26 07:38:44,0.00042500,2527.49000000
2018-02-26 07:38:45,0.00042500,355.54000000
2018-02-26 07:38:45,0.00042460,46.72000000
2018-02-26 07:38:45,0.00042500,2073.14000000
2018-02-26 07:38:45,0.00042500,22.79000000
2018-02-26 07:38:45,0.00042500,463.59000000
2018-02-26 07:38:45,0.00042500,198.08000000
2018-02-26 07:38:46,0.00042500,93.08000000
2018-02-26 07:38:46,0.00042500,7142.29000000
2018-02-26 07:38:46,0.00042500,53.23000000
2018-02-26 07:38:46,0.00042500,1242.57000000
2018-02-26 07:38:46,0.00042500,421.61000000
2018-02-26 07:38:46,0.00042500,2600.36000000
2018-02-26 07:38:46,0.00042500,844.20000000
2018-02-26 07:38:46,0.00042500,234.30000000
2018-02-26 07:38:47,0.00042500,487.35000000
2018-02-26 07:38:47,0.00042500,3733.09000000
2018-02-26 07:38:47,0.00042500,873.11000000
2018-02-26 07:38:47,0.00042500,109.02000000
2018-02-26 07:38:47,0.00042500,1473.40000000
2018-02-26 07:38:47,0.00042500,441.53000000
2018-02-26 07:38:47,0.00042500,138.36000000
2018-02-26 07:38:48,0.00042470,288.00000000
2018-02-26 07:38:48,0.00042460,254.75000000
2018-02-26 07:38:48,0.00042450,658.33000000
2018-02-26 07:38:48,0.00042500,290.69000000
2018-02-26 07:38:48,0.00042500,3.22000000
2018-02-26 07:38:48,0.00042500,701.82000000
2018-02-26 07:38:49,0.00042500,1374.56000000
2018-02-26 07:38:49,0.00042500,63.35000000
2018-02-26 07:38:49,0.00042500,889.57000000
2018-02-26 07:38:49,0.00042470,6.00000000
2018-02-26 07:38:49,0.00042500,611.55000000
2018-02-26 07:38:49,0.00042500,1348.95000000
2018-02-26 07:38:49,0.00042530,23.34000000
2018-02-26 07:38:49,0.00042550,136.16000000
2018-02-26 07:38:50,0.00042500,270.97000000
2018-02-26 07:38:50,0.00042560,50.00000000
2018-02-26 07:38:51,0.00042510,6.91000000
2018-02-26 07:38:51,0.00042570,14.31000000
2018-02-26 07:38:51,0.00042580,122.69000000
2018-02-26 07:38:52,0.00042510,4.94000000
2018-02-26 07:38:53,0.00042580,9.94000000
2018-02-26 07:38:53,0.00042580,71.54000000
2018-02-26 07:38:58,0.00042580,653.92000000
2018-02-26 07:38:59,0.00042580,71.60000000
2018-02-26 07:38:59,0.00042580,23.48000000
2018-02-26 07:38:59,0.00042580,57.36000000
2018-02-26 07:38:59,0.00042580,23.48000000
2018-02-26 07:38:59,0.00042580,26.30000000
2018-02-26 07:38:59,0.00042580,95.31000000
2018-02-26 07:39:00,0.00042580,363.79000000
2018-02-26 07:39:00,0.00042510,206.39000000
2018-02-26 07:39:01,0.00042580,72.20000000
2018-02-26 07:39:03,0.00042570,3.46000000
2018-02-26 07:39:04,0.00042510,22.90000000
2018-02-26 07:39:04,0.00042500,585.55000000
2018-02-26 07:39:05,0.00042570,10.00000000
2018-02-26 07:39:05,0.00042500,10.74000000
2018-02-26 07:39:06,0.00042560,50.00000000
2018-02-26 07:39:07,0.00042560,37.76000000
2018-02-26 07:39:07,0.00042500,1247.06000000
2018-02-26 07:39:08,0.00042500,108.19000000
2018-02-26 07:39:10,0.00042490,198.08000000
2018-02-26 07:39:11,0.00042500,3.42000000
2018-02-26 07:39:11,0.00042490,13.43000000
2018-02-26 07:39:12,0.00042490,50.00000000
2018-02-26 07:39:12,0.00042490,21.10000000
2018-02-26 07:39:12,0.00042490,84.97000000
2018-02-26 07:39:15,0.00042480,1093.49000000
2018-02-26 07:39:15,0.00042450,1147.65000000
2018-02-26 07:39:15,0.00042490,573.64000000
2018-02-26 07:39:15,0.00042500,398.84000000
2018-02-26 07:39:16,0.00042490,24.91000000
2018-02-26 07:39:16,0.00042450,872.24000000
2018-02-26 07:39:17,0.00042480,334.91000000
2018-02-26 07:39:17,0.00042450,8.76000000
2018-02-26 07:39:18,0.00042480,223.18000000
2018-02-26 07:39:18,0.00042500,1224.77000000
2018-02-26 07:39:18,0.00042450,5.19000000
2018-02-26 07:39:18,0.00042450,1275.11000000
2018-02-26 07:39:18,0.00042470,421.61000000
2018-02-26 07:39:20,0.00042480,5.96000000
2018-02-26 07:39:22,0.00042490,29.42000000
2018-02-26 07:39:22,0.00042500,204.87000000
2018-02-26 07:39:24,0.00042500,13.94000000
2018-02-26 07:39:25,0.00042490,6.00000000
2018-02-26 07:39:27,0.00042500,608.60000000
2018-02-26 07:39:27,0.00042500,547.15000000
2018-02-26 07:39:27,0.00042560,66.54000000
2018-02-26 07:39:27,0.00042570,93.08000000
2018-02-26 07:39:27,0.00042590,410.27000000
2018-02-26 07:39:27,0.00042600,35.20000000
2018-02-26 07:39:27,0.00042640,107.15000000
2018-02-26 07:39:30,0.00042620,52.82000000
2018-02-26 07:39:32,0.00042580,185.18000000
2018-02-26 07:39:32,0.00042580,41.78000000
2018-02-26 07:39:33,0.00042580,13.58000000
2018-02-26 07:39:33,0.00042580,96.76000000
2018-02-26 07:39:34,0.00042580,747.24000000
2018-02-26 07:39:34,0.00042520,3.13000000
2018-02-26 07:39:38,0.00042620,14.31000000
2018-02-26 07:39:38,0.00042640,44.69000000
2018-02-26 07:39:45,0.00042550,119.56000000
2018-02-26 07:39:45,0.00042620,3.87000000
2018-02-26 07:39:46,0.00042600,204.87000000
2018-02-26 07:39:46,0.00042620,52.37000000
2018-02-26 07:39:46,0.00042630,22.95000000
2018-02-26 07:39:49,0.00042620,22.70000000
2018-02-26 07:39:49,0.00042620,0.01000000
2018-02-26 07:39:49,0.00042540,22.70000000
2018-02-26 07:39:49,0.00042540,22.71000000
2018-02-26 07:39:50,0.00042600,22.71000000
2018-02-26 07:39:50,0.00042630,77.29000000
2018-02-26 07:39:51,0.00042630,16.65000000
2018-02-26 07:39:53,0.00042630,210.98000000
2018-02-26 07:39:53,0.00042550,121.34000000
2018-02-26 07:39:55,0.00042620,45.00000000
2018-02-26 07:39:55,0.00042630,169.10000000
2018-02-26 07:39:55,0.00042550,213.00000000
2018-02-26 07:39:55,0.00042600,96.39000000
2018-02-26 07:39:57,0.00042550,20.89000000
2018-02-26 07:39:57,0.00042600,27.58000000
2018-02-26 07:39:59,0.00042600,65.14000000
2018-02-26 07:40:00,0.00042590,89.24000000
2018-02-26 07:40:01,0.00042590,11.00000000
2018-02-26 07:40:02,0.00042550,250.12000000
2018-02-26 07:40:02,0.00042590,9.76000000
2018-02-26 07:40:02,0.00042600,561.25000000
2018-02-26 07:40:02,0.00042600,556.12000000
2018-02-26 07:40:02,0.00042600,23.46000000
2018-02-26 07:40:02,0.00042600,1081.50000000
2018-02-26 07:40:03,0.00042600,128.26000000
2018-02-26 07:40:03,0.00042600,25.66000000
2018-02-26 07:40:04,0.00042600,108.50000000
2018-02-26 07:40:04,0.00042600,7.29000000
2018-02-26 07:40:04,0.00042610,23.46000000
2018-02-26 07:40:04,0.00042610,21.70000000
2018-02-26 07:40:04,0.00042610,23.46000000
2018-02-26 07:40:04,0.00042610,23.45000000
2018-02-26 07:40:04,0.00042610,131.93000000
2018-02-26 07:40:04,0.00042600,23.67000000
2018-02-26 07:40:04,0.00042600,155.48000000
2018-02-26 07:40:04,0.00042600,5.13000000
2018-02-26 07:40:04,0.00042600,23.46000000
2018-02-26 07:40:05,0.00042600,29.25000000
2018-02-26 07:40:05,0.00042600,214.24000000
2018-02-26 07:40:05,0.00042600,9.83000000
2018-02-26 07:40:05,0.00042600,305.19000000
2018-02-26 07:40:06,0.00042550,6.87000000
2018-02-26 07:40:07,0.00042590,28.75000000
2018-02-26 07:40:07,0.00042550,9.17000000
2018-02-26 07:40:07,0.00042590,11.73000000
2018-02-26 07:40:08,0.00042590,70.20000000
2018-02-26 07:40:08,0.00042550,14.21000000
2018-02-26 07:40:08,0.00042590,384.13000000
2018-02-26 07:40:08,0.00042600,554.95000000
2018-02-26 07:40:08,0.00042630,2.86000000
2018-02-26 07:40:10,0.00042610,426.95000000
2018-02-26 07:40:10,0.00042550,142.52000000
2018-02-26 07:40:10,0.00042550,23.46000000
2018-02-26 07:40:11,0.00042600,4.34000000
2018-02-26 07:40:13,0.00042640,40.78000000
2018-02-26 07:40:13,0.00042600,3.13000000
2018-02-26 07:40:13,0.00042600,516.86000000
2018-02-26 07:40:13,0.00042640,9.03000000
2018-02-26 07:40:13,0.00042550,199.54000000
2018-02-26 07:40:14,0.00042550,1044.93000000
2018-02-26 07:40:14,0.00042590,48.36000000
2018-02-26 07:40:14,0.00042590,25.00000000
2018-02-26 07:40:16,0.00042590,19.50000000
2018-02-26 07:40:16,0.00042590,11.71000000
2018-02-26 07:40:16,0.00042550,3623.65000000
2018-02-26 07:40:17,0.00042590,489.06000000
2018-02-26 07:40:17,0.00042550,750.81000000
2018-02-26 07:40:18,0.00042550,903.13000000
2018-02-26 07:40:18,0.00042550,68.38000000
2018-02-26 07:40:18,0.00042580,3.22000000
2018-02-26 07:40:18,0.00042590,28.40000000
2018-02-26 07:40:19,0.00042560,16.07000000
2018-02-26 07:40:19,0.00042560,5.00000000
2018-02-26 07:40:19,0.00042560,240.85000000
2018-02-26 07:40:20,0.00042590,3.27000000
2018-02-26 07:40:21,0.00042560,190.87000000
2018-02-26 07:40:21,0.00042590,868.50000000
2018-02-26 07:40:22,0.00042590,2826.48000000
2018-02-26 07:40:24,0.00042590,23.73000000
2018-02-26 07:40:26,0.00042590,33.77000000
2018-02-26 07:40:29,0.00042590,10.00000000
2018-02-26 07:40:32,0.00042590,249.41000000
2018-02-26 07:40:34,0.00042590,10.00000000
2018-02-26 07:40:35,0.00042590,305.70000000
2018-02-26 07:40:35,0.00042590,3.65000000
2018-02-26 07:40:37,0.00042590,8.96000000
2018-02-26 07:40:47,0.00042610,1.00000000
2018-02-26 07:40:48,0.00042610,173.00000000
2018-02-26 07:40:48,0.00042620,72.20000000
2018-02-26 07:40:48,0.00042670,44.80000000
2018-02-26 07:40:51,0.00042670,1.00000000
2018-02-26 07:40:54,0.00042670,1.00000000
2018-02-26 07:40:56,0.00042670,1.00000000
2018-02-26 07:40:56,0.00042670,46.21000000
2018-02-26 07:40:59,0.00042670,91.68000000
2018-02-26 07:40:59,0.00042680,124.53000000
2018-02-26 07:41:01,0.00042680,91.29000000
2018-02-26 07:41:01,0.00042670,18.11000000
2018-02-26 07:41:01,0.00042670,18.12000000
2018-02-26 07:41:01,0.00042670,27.75000000
2018-02-26 07:41:01,0.00042670,27.74000000
2018-02-26 07:41:01,0.00042670,3.44000000
2018-02-26 07:41:04,0.00042690,0.10000000
2018-02-26 07:41:04,0.00042690,222.91000000
2018-02-26 07:41:04,0.00042700,670.60000000
2018-02-26 07:41:04,0.00042710,7.86000000
2018-02-26 07:41:04,0.00042750,150.00000000
2018-02-26 07:41:04,0.00042770,708.23000000
2018-02-26 07:41:04,0.00042780,1161.09000000
2018-02-26 07:41:04,0.00042790,1177.90000000
2018-02-26 07:41:04,0.00042800,2223.55000000
2018-02-26 07:41:05,0.00042790,69.00000000
2018-02-26 07:41:06,0.00042680,12.00000000
2018-02-26 07:41:08,0.00042680,11.81000000
2018-02-26 07:41:08,0.00042680,23.38000000
2018-02-26 07:41:08,0.00042680,24.71000000
2018-02-26 07:41:08,0.00042790,0.10000000
2018-02-26 07:41:08,0.00042790,23.06000000
2018-02-26 07:41:11,0.00042750,24.88000000
2018-02-26 07:41:11,0.00042750,2.42000000
2018-02-26 07:41:12,0.00042750,0.10000000
2018-02-26 07:41:12,0.00042750,35.51000000
2018-02-26 07:41:13,0.00042750,504.26000000
2018-02-26 07:41:13,0.00042750,16.62000000
2018-02-26 07:41:15,0.00042690,67.47000000
2018-02-26 07:41:18,0.00042740,11.81000000
2018-02-26 07:41:19,0.00042700,4.42000000
2018-02-26 07:41:19,0.00042750,862.05000000
2018-02-26 07:41:19,0.00042800,1422.16000000
2018-02-26 07:41:20,0.00042750,7.01000000
2018-02-26 07:41:20,0.00042730,56.34000000
2018-02-26 07:41:20,0.00042800,1293.37000000
2018-02-26 07:41:20,0.00042800,13.50000000
2018-02-26 07:41:21,0.00042800,64.93000000
2018-02-26 07:41:23,0.00042800,30.00000000
2018-02-26 07:41:23,0.00042800,1.00000000
2018-02-26 07:41:24,0.00042800,30.00000000
2018-02-26 07:41:25,0.00042810,123.67000000
2018-02-26 07:41:25,0.00042830,3805.83000000
2018-02-26 07:41:26,0.00042810,53.70000000
2018-02-26 07:41:26,0.00042800,128.30000000
2018-02-26 07:41:26,0.00042800,224.77000000
2018-02-26 07:41:26,0.00042810,184.15000000
2018-02-26 07:41:29,0.00042810,3.00000000
2018-02-26 07:41:29,0.00042830,14.36000000
2018-02-26 07:41:30,0.00042810,183.68000000
2018-02-26 07:41:32,0.00042830,78.75000000
2018-02-26 07:41:32,0.00042810,19.93000000
2018-02-26 07:41:36,0.00042820,112.95000000
2018-02-26 07:41:36,0.00042810,59.61000000
2018-02-26 07:41:38,0.00042820,10.00000000
2018-02-26 07:41:40,0.00042830,578.34000000
2018-02-26 07:41:40,0.00042870,150.15000000
2018-02-26 07:41:40,0.00042880,446.15000000
2018-02-26 07:41:40,0.00042900,229.75000000
2018-02-26 07:41:40,0.00042900,99.61000000
2018-02-26 07:41:42,0.00042830,5.00000000
2018-02-26 07:41:47,0.00042900,10.42000000
2018-02-26 07:41:47,0.00042970,1209.58000000
2018-02-26 07:41:48,0.00042840,223.00000000
2018-02-26 07:41:48,0.00042830,1015.05000000
2018-02-26 07:41:48,0.00042850,16.39000000
2018-02-26 07:41:49,0.00042950,33.26000000
2018-02-26 07:41:51,0.00042900,163.89000000
2018-02-26 07:41:51,0.00042900,42.45000000
2018-02-26 07:41:51,0.00042900,17.01000000
2018-02-26 07:41:54,0.00042920,16.39000000
2018-02-26 07:41:54,0.00042940,14.31000000
2018-02-26 07:41:54,0.00042960,98.19000000
2018-02-26 07:41:55,0.00042920,19.17000000
2018-02-26 07:41:55,0.00042920,576.80000000
2018-02-26 07:41:55,0.00042960,197.99000000
2018-02-26 07:41:55,0.00042920,133.53000000
2018-02-26 07:41:55,0.00042830,85.41000000
2018-02-26 07:41:55,0.00042910,21.32000000
2018-02-26 07:41:56,0.00042900,176.00000000
2018-02-26 07:41:59,0.00042900,26.50000000
2018-02-26 07:42:00,0.00042910,50.31000000
2018-02-26 07:42:03,0.00042960,13.00000000
2018-02-26 07:42:03,0.00042970,917.78000000
2018-02-26 07:42:03,0.00042980,49.34000000
2018-02-26 07:42:05,0.00042970,3.82000000
2018-02-26 07:42:05,0.00042970,61.86000000
2018-02-26 07:42:05,0.00042970,61.76000000
2018-02-26 07:42:05,0.00042970,61.76000000
2018-02-26 07:42:05,0.00042970,8.48000000
2018-02-26 07:42:05,0.00042970,8.63000000
2018-02-26 07:42:05,0.00042970,210.02000000
2018-02-26 07:42:06,0.00042970,45.81000000
2018-02-26 07:42:06,0.00042960,4.12000000
2018-02-26 07:42:07,0.00042970,0.05000000
2018-02-26 07:42:07,0.00042980,6.48000000
2018-02-26 07:42:07,0.00042980,52.64000000
2018-02-26 07:42:07,0.00042960,181.49000000
2018-02-26 07:42:07,0.00042970,18.47000000
2018-02-26 07:42:11,0.00042980,220.11000000
2018-02-26 07:42:12,0.00042980,107.53000000
2018-02-26 07:42:12,0.00042980,29.05000000
2018-02-26 07:42:14,0.00042980,32.28000000
2018-02-26 07:42:14,0.00042990,1206.97000000
2018-02-26 07:42:14,0.00043000,1254.58000000
2018-02-26 07:42:14,0.00043000,209.23000000
2018-02-26 07:42:14,0.00042980,84.37000000
2018-02-26 07:42:16,0.00042980,9.31000000
2018-02-26 07:42:17,0.00042980,29.11000000
2018-02-26 07:42:17,0.00043000,1257.25000000
2018-02-26 07:42:18,0.00042990,13.39000000
2018-02-26 07:42:18,0.00043000,584.61000000
2018-02-26 07:42:18,0.00043000,6.74000000
2018-02-26 07:42:19,0.00043000,795.64000000
2018-02-26 07:42:19,0.00043000,204.71000000
2018-02-26 07:42:20,0.00042980,261.16000000
2018-02-26 07:42:20,0.00043000,62.75000000
2018-02-26 07:42:20,0.00043000,99.07000000
2018-02-26 07:42:20,0.00043010,2.24000000
2018-02-26 07:42:21,0.00043010,560.00000000
2018-02-26 07:42:22,0.00043000,107.09000000
2018-02-26 07:42:22,0.00043010,102.65000000
2018-02-26 07:42:22,0.00043010,232.05000000
2018-02-26 07:42:24,0.00043010,37.47000000
2018-02-26 07:42:24,0.00043010,98.31000000
2018-02-26 07:42:24,0.00043000,376.67000000
2018-02-26 07:42:25,0.00043010,433.88000000
2018-02-26 07:42:26,0.00043010,23.00000000
2018-02-26 07:42:28,0.00043030,47.41000000
2018-02-26 07:42:28,0.00043040,91.86000000
2018-02-26 07:42:28,0.00043010,614.07000000
2018-02-26 07:42:28,0.00043000,997.84000000
2018-02-26 07:42:28,0.00042990,71.58000000
2018-02-26 07:42:28,0.00042980,2039.70000000
2018-02-26 07:42:28,0.00042970,222.22000000
2018-02-26 07:42:28,0.00042920,1847.00000000
2018-02-26 07:42:28,0.00042910,605.07000000
2018-02-26 07:42:29,0.00043020,92.10000000
2018-02-26 07:42:30,0.00043010,100.00000000
2018-02-26 07:42:30,0.00042920,11.70000000
2018-02-26 07:42:30,0.00042910,1.04000000
2018-02-26 07:42:30,0.00042910,53.48000000
2018-02-26 07:42:31,0.00043000,153.26000000
2018-02-26 07:42:31,0.00042910,11.90000000
2018-02-26 07:42:31,0.00042910,302.91000000
2018-02-26 07:42:31,0.00042900,3012.88000000
2018-02-26 07:42:31,0.00042900,15.54000000
2018-02-26 07:42:32,0.00042900,25.65000000
2018-02-26 07:42:32,0.00042890,3.07000000
2018-02-26 07:42:32,0.00042900,390.54000000
2018-02-26 07:42:33,0.00042890,16.95000000
2018-02-26 07:42:33,0.00042870,264.02000000
2018-02-26 07:42:33,0.00042840,182.16000000
2018-02-26 07:42:33,0.00042900,76.96000000
2018-02-26 07:42:34,0.00042900,19.38000000
2018-02-26 07:42:34,0.00042890,11.65000000
2018-02-26 07:42:34,0.00042830,152.70000000
2018-02-26 07:42:35,0.00042830,37.68000000
2018-02-26 07:42:35,0.00042820,23.28000000
2018-02-26 07:42:35,0.00042810,604.59000000
2018-02-26 07:42:35,0.00042800,2980.20000000
2018-02-26 07:42:35,0.00042900,8.56000000
2018-02-26 07:42:35,0.00042830,18.66000000
2018-02-26 07:42:35,0.00042890,38.60000000
2018-02-26 07:42:36,0.00042890,17.73000000
2018-02-26 07:42:36,0.00042840,58.79000000
2018-02-26 07:42:36,0.00042830,81.29000000
2018-02-26 07:42:37,0.00042830,0.01000000
2018-02-26 07:42:37,0.00042890,257.11000000
2018-02-26 07:42:37,0.00042800,56.60000000
2018-02-26 07:42:37,0.00042800,534.15000000
2018-02-26 07:42:37,0.00042800,2.38000000
2018-02-26 07:42:38,0.00042800,100.00000000
2018-02-26 07:42:38,0.00042800,143.20000000
2018-02-26 07:42:38,0.00042800,20.92000000
2018-02-26 07:42:38,0.00042800,11.84000000
2018-02-26 07:42:39,0.00042800,59.16000000
2018-02-26 07:42:39,0.00042890,128.61000000
2018-02-26 07:42:39,0.00042900,128.51000000
2018-02-26 07:42:39,0.00042800,1596.40000000
2018-02-26 07:42:39,0.00042800,670.49000000
2018-02-26 07:42:39,0.00042800,525.71000000
2018-02-26 07:42:39,0.00042800,630.85000000
2018-02-26 07:42:39,0.00042800,23.31000000
2018-02-26 07:42:39,0.00042800,630.85000000
2018-02-26 07:42:39,0.00042800,23.36000000
2018-02-26 07:42:39,0.00042800,119.86000000
2018-02-26 07:42:39,0.00042800,23.31000000
2018-02-26 07:42:39,0.00042800,11.68000000
2018-02-26 07:42:39,0.00042770,23.31000000
2018-02-26 07:42:39,0.00042770,59.50000000
2018-02-26 07:42:39,0.00042770,23.31000000
2018-02-26 07:42:40,0.00042770,157.01000000
2018-02-26 07:42:40,0.00042760,163.89000000
2018-02-26 07:42:40,0.00042760,8.90000000
2018-02-26 07:42:40,0.00042700,4.00000000
2018-02-26 07:42:40,0.00042700,1.00000000
2018-02-26 07:42:40,0.00042700,8.73000000
2018-02-26 07:42:40,0.00042700,8.75000000
2018-02-26 07:42:40,0.00042700,8.73000000
2018-02-26 07:42:41,0.00042700,7.83000000
2018-02-26 07:42:41,0.00042700,11.71000000
2018-02-26 07:42:43,0.00042650,64.00000000
2018-02-26 07:42:43,0.00042640,28.10000000
2018-02-26 07:42:45,0.00042640,6.41000000
2018-02-26 07:42:46,0.00042640,21.82000000
2018-02-26 07:42:46,0.00042620,5.88000000
2018-02-26 07:42:47,0.00042640,99.36000000
2018-02-26 07:42:48,0.00042640,531.49000000
2018-02-26 07:42:48,0.00042690,11.70000000
2018-02-26 07:42:48,0.00042700,16.17000000
2018-02-26 07:42:49,0.00042630,47.54000000
2018-02-26 07:42:50,0.00042630,24.12000000
2018-02-26 07:42:50,0.00042630,19.60000000
2018-02-26 07:42:50,0.00042700,12.05000000
2018-02-26 07:42:51,0.00042710,23.98000000
2018-02-26 07:42:51,0.00042710,5.83000000
2018-02-26 07:42:51,0.00042710,23.98000000
2018-02-26 07:42:52,0.00042710,75.02000000
2018-02-26 07:42:52,0.00042710,47.88000000
2018-02-26 07:42:52,0.00042710,68.45000000
2018-02-26 07:42:52,0.00042700,202.55000000
2018-02-26 07:42:52,0.00042700,36.57000000
2018-02-26 07:42:52,0.00042700,23.98000000
2018-02-26 07:42:52,0.00042700,15.41000000
2018-02-26 07:42:53,0.00042700,49.06000000
2018-02-26 07:42:54,0.00042770,15.00000000
2018-02-26 07:42:54,0.00042700,10.57000000
2018-02-26 07:42:55,0.00042780,18.70000000
2018-02-26 07:42:55,0.00042700,53.32000000
2018-02-26 07:42:57,0.00042710,12.82000000
2018-02-26 07:42:58,0.00042710,4.67000000
2018-02-26 07:42:58,0.00042710,957.24000000
2018-02-26 07:42:58,0.00042710,47.18000000
2018-02-26 07:42:59,0.00042760,25.00000000
2018-02-26 07:43:00,0.00042720,23.98000000
2018-02-26 07:43:00,0.00042720,17.92000000
2018-02-26 07:43:00,0.00042720,11.62000000
2018-02-26 07:43:01,0.00042730,2.61000000
2018-02-26 07:43:01,0.00042720,21.17000000
2018-02-26 07:43:01,0.00042720,59.53000000
2018-02-26 07:43:04,0.00042720,6.25000000
2018-02-26 07:43:04,0.00042760,14.92000000
2018-02-26 07:43:05,0.00042760,60.79000000
2018-02-26 07:43:05,0.00042770,58.89000000
2018-02-26 07:43:05,0.00042730,11.64000000
2018-02-26 07:43:08,0.00042760,11.88000000
2018-02-26 07:43:09,0.00042770,8.12000000
2018-02-26 07:43:09,0.00042770,100.00000000
2018-02-26 07:43:09,0.00042770,49.40000000
2018-02-26 07:43:09,0.00042770,5.97000000
2018-02-26 07:43:10,0.00042790,0.15000000
2018-02-26 07:43:10,0.00042770,302.59000000
2018-02-26 07:43:10,0.00042770,35.27000000
2018-02-26 07:43:11,0.00042770,2.58000000
2018-02-26 07:43:13,0.00042790,57.49000000
2018-02-26 07:43:13,0.00042830,0.40000000
2018-02-26 07:43:13,0.00042830,44.31000000
2018-02-26 07:43:13,0.00042830,6.08000000
2018-02-26 07:43:14,0.00042830,83.43000000
2018-02-26 07:43:14,0.00042870,23.28000000
2018-02-26 07:43:14,0.00042880,185.09000000
2018-02-26 07:43:14,0.00042900,26.77000000
2018-02-26 07:43:15,0.00042850,91.43000000
2018-02-26 07:43:16,0.00042850,10.76000000
2018-02-26 07:43:17,0.00042850,95.07000000
2018-02-26 07:43:17,0.00042850,8.35000000
2018-02-26 07:43:17,0.00042850,5.00000000
2018-02-26 07:43:18,0.00042900,158.06000000
2018-02-26 07:43:19,0.00042900,10.38000000
2018-02-26 07:43:19,0.00042900,49.97000000
2018-02-26 07:43:20,0.00042900,105.08000000
2018-02-26 07:43:20,0.00042910,2.85000000
2018-02-26 07:43:21,0.00042920,3.81000000
2018-02-26 07:43:22,0.00042910,232.00000000
2018-02-26 07:43:22,0.00042910,23.29000000
2018-02-26 07:43:22,0.00042910,75.93000000
2018-02-26 07:43:22,0.00042910,23.30000000
2018-02-26 07:43:22,0.00042910,16.47000000
2018-02-26 07:43:23,0.00042900,15.00000000
2018-02-26 07:43:23,0.00042910,102.13000000
2018-02-26 07:43:23,0.00042920,96.19000000
2018-02-26 07:43:24,0.00042930,15.00000000
2018-02-26 07:43:24,0.00042930,1.27000000
2018-02-26 07:43:25,0.00042920,9.72000000
2018-02-26 07:43:25,0.00042920,27.21000000
2018-02-26 07:43:26,0.00042930,247.64000000
2018-02-26 07:43:28,0.00042930,3.15000000
2018-02-26 07:43:29,0.00042920,16.92000000
2018-02-26 07:43:30,0.00042920,12.00000000
2018-02-26 07:43:30,0.00042910,15.00000000
2018-02-26 07:43:30,0.00042920,35.00000000
2018-02-26 07:43:30,0.00042900,14.80000000
2018-02-26 07:43:32,0.00042910,5.91000000
2018-02-26 07:43:32,0.00042910,9.09000000
2018-02-26 07:43:32,0.00042900,4.92000000
2018-02-26 07:43:32,0.00042900,5.92000000
2018-02-26 07:43:34,0.00042920,30.23000000
2018-02-26 07:43:34,0.00042920,22.10000000
2018-02-26 07:43:35,0.00042930,371.55000000
2018-02-26 07:43:39,0.00042940,5.18000000
2018-02-26 07:43:39,0.00042950,4.34000000
2018-02-26 07:43:39,0.00042970,20.48000000
2018-02-26 07:43:40,0.00042930,228.84000000
2018-02-26 07:43:42,0.00042970,1.42000000
2018-02-26 07:43:44,0.00042970,99.88000000
2018-02-26 07:43:46,0.00042970,46.77000000
2018-02-26 07:43:46,0.00042970,152.41000000
2018-02-26 07:43:47,0.00042970,5.82000000
2018-02-26 07:43:47,0.00042950,26.69000000
2018-02-26 07:43:49,0.00042950,581.22000000
2018-02-26 07:43:49,0.00042930,195.48000000
2018-02-26 07:43:49,0.00042920,266.03000000
2018-02-26 07:43:49,0.00042900,15.06000000
2018-02-26 07:43:49,0.00042960,0.28000000
2018-02-26 07:43:49,0.00042900,461.81000000
2018-02-26 07:43:50,0.00042860,11.72000000
2018-02-26 07:43:50,0.00042850,185.22000000
2018-02-26 07:43:50,0.00042790,123.18000000
2018-02-26 07:43:50,0.00042780,136.75000000
2018-02-26 07:43:50,0.00042770,2200.50000000
2018-02-26 07:43:50,0.00042730,1021.31000000
2018-02-26 07:43:50,0.00042720,1477.81000000
2018-02-26 07:43:50,0.00042710,840.79000000
2018-02-26 07:43:50,0.00042700,2186.47000000
2018-02-26 07:43:50,0.00042700,338.77000000
2018-02-26 07:43:50,0.00042700,827.23000000
2018-02-26 07:43:50,0.00042700,816.72000000
2018-02-26 07:43:50,0.00042700,234.19000000
2018-02-26 07:43:50,0.00042700,338.68000000
2018-02-26 07:43:50,0.00042700,113.44000000
2018-02-26 07:43:50,0.00042700,23.41000000
2018-02-26 07:43:50,0.00042700,23.31000000
2018-02-26 07:43:50,0.00042700,56.20000000
2018-02-26 07:43:50,0.00042740,23.31000000
2018-02-26 07:43:50,0.00042870,4.67000000
2018-02-26 07:43:50,0.00042740,108.77000000
2018-02-26 07:43:50,0.00042740,338.68000000
2018-02-26 07:43:50,0.00042740,61.78000000
2018-02-26 07:43:50,0.00042740,187.46000000
2018-02-26 07:43:50,0.00042620,151.22000000
2018-02-26 07:43:51,0.00042680,7.42000000
2018-02-26 07:43:51,0.00042630,226.77000000
2018-02-26 07:43:51,0.00042860,30.00000000
2018-02-26 07:43:51,0.00042870,424.37000000
2018-02-26 07:43:51,0.00042880,56.20000000
2018-02-26 07:43:51,0.00042890,175.32000000
2018-02-26 07:43:51,0.00042900,828.92000000
2018-02-26 07:43:54,0.00042720,5.32000000
2018-02-26 07:43:54,0.00042800,25.83000000
2018-02-26 07:43:54,0.00042810,224.17000000
2018-02-26 07:43:59,0.00042790,17.00000000
2018-02-26 07:44:01,0.00042790,88.94000000
2018-02-26 07:44:01,0.00042800,48.79000000
2018-02-26 07:44:01,0.00042800,25.68000000
2018-02-26 07:44:01,0.00042810,9.32000000
2018-02-26 07:44:01,0.00042810,36.08000000
2018-02-26 07:44:02,0.00042820,15.00000000
2018-02-26 07:44:02,0.00042810,31.04000000
2018-02-26 07:44:03,0.00042810,180.51000000
2018-02-26 07:44:04,0.00042740,0.46000000
2018-02-26 07:44:06,0.00042780,23.39000000
2018-02-26 07:44:06,0.00042850,11.96000000
2018-02-26 07:44:08,0.00042850,14.44000000
2018-02-26 07:44:09,0.00042850,45.02000000
2018-02-26 07:44:09,0.00042850,3.05000000
2018-02-26 07:44:09,0.00042850,345.78000000
2018-02-26 07:44:09,0.00042850,135.48000000
2018-02-26 07:44:09,0.00042850,522.73000000
2018-02-26 07:44:09,0.00042850,78.17000000
2018-02-26 07:44:10,0.00042850,16.78000000
2018-02-26 07:44:13,0.00042850,18.14000000
2018-02-26 07:44:13,0.00042850,17.24000000
2018-02-26 07:44:14,0.00042850,16.42000000
2018-02-26 07:44:14,0.00042870,993.38000000
2018-02-26 07:44:14,0.00042870,710.00000000
2018-02-26 07:44:15,0.00042880,12.71000000
2018-02-26 07:44:16,0.00042880,9.46000000
2018-02-26 07:44:17,0.00042870,4.54000000
2018-02-26 07:44:17,0.00042870,4.95000000
2018-02-26 07:44:19,0.00042880,9.46000000
2018-02-26 07:44:24,0.00042880,38.74000000
2018-02-26 07:44:24,0.00042870,14.31000000
2018-02-26 07:44:25,0.00042870,54.85000000
2018-02-26 07:44:29,0.00042870,49.90000000
2018-02-26 07:44:30,0.00042870,137.59000000
2018-02-26 07:44:31,0.00042880,5.83000000
2018-02-26 07:44:31,0.00042870,50.09000000
2018-02-26 07:44:33,0.00042870,35.56000000
2018-02-26 07:44:35,0.00042800,9.57000000
2018-02-26 07:44:35,0.00042770,46.08000000
2018-02-26 07:44:35,0.00042760,450.95000000
2018-02-26 07:44:37,0.00042790,461.14000000
2018-02-26 07:44:37,0.00042800,274.97000000
2018-02-26 07:44:37,0.00042770,34.54000000
2018-02-26 07:44:38,0.00042800,31.37000000
2018-02-26 07:44:39,0.00042870,11.37000000
2018-02-26 07:44:41,0.00042870,15.10000000
2018-02-26 07:44:46,0.00042870,14.00000000
2018-02-26 07:44:48,0.00042800,2.81000000
2018-02-26 07:44:48,0.00042760,11.69000000
2018-02-26 07:44:48,0.00042750,25.35000000
2018-02-26 07:44:48,0.00042740,5.14000000
2018-02-26 07:44:50,0.00042750,15.00000000
2018-02-26 07:44:53,0.00042850,30.00000000
2018-02-26 07:44:53,0.00042780,15.00000000
2018-02-26 07:44:53,0.00042770,137.79000000
2018-02-26 07:44:53,0.00042740,5847.21000000
2018-02-26 07:44:54,0.00042860,89.01000000
2018-02-26 07:44:55,0.00042860,20.00000000
2018-02-26 07:44:55,0.00042780,14.31000000
2018-02-26 07:44:55,0.00042740,490.56000000
2018-02-26 07:44:55,0.00042760,5.88000000
2018-02-26 07:44:55,0.00042740,92.93000000
2018-02-26 07:44:55,0.00042740,183.57000000
2018-02-26 07:44:56,0.00042740,344.40000000
2018-02-26 07:44:58,0.00042740,35.95000000
2018-02-26 07:45:00,0.00042700,37.93000000
2018-02-26 07:45:00,0.00042700,393.87000000
2018-02-26 07:45:00,0.00042700,7.58000000
2018-02-26 07:45:01,0.00042700,49.25000000
2018-02-26 07:45:01,0.00042690,11.69000000
2018-02-26 07:45:01,0.00042700,366.54000000
2018-02-26 07:45:01,0.00042680,7.96000000
2018-02-26 07:45:01,0.00042670,52.62000000
2018-02-26 07:45:01,0.00042660,3.54000000
2018-02-26 07:45:01,0.00042660,98.33000000
2018-02-26 07:45:03,0.00042670,292.25000000
2018-02-26 07:45:03,0.00042700,47.76000000
2018-02-26 07:45:04,0.00042700,238.37000000
2018-02-26 07:45:04,0.00042700,7.76000000
2018-02-26 07:45:05,0.00042700,40.00000000
2018-02-26 07:45:05,0.00042690,5.00000000
2018-02-26 07:45:05,0.00042690,128.00000000
2018-02-26 07:45:07,0.00042660,102.76000000
2018-02-26 07:45:09,0.00042660,131.13000000
2018-02-26 07:45:10,0.00042660,31.15000000
2018-02-26 07:45:10,0.00042660,5.00000000
2018-02-26 07:45:10,0.00042650,23.39000000
2018-02-26 07:45:10,0.00042630,70.65000000
2018-02-26 07:45:10,0.00042660,36.34000000
2018-02-26 07:45:10,0.00042690,77.00000000
2018-02-26 07:45:10,0.00042720,34.54000000
2018-02-26 07:45:10,0.00042740,72.58000000
2018-02-26 07:45:10,0.00042740,29.54000000
2018-02-26 07:45:10,0.00042780,36.23000000
2018-02-26 07:45:10,0.00042770,15.00000000
2018-02-26 07:45:11,0.00042780,32.15000000
2018-02-26 07:45:11,0.00042780,125.00000000
2018-02-26 07:45:12,0.00042650,26.72000000
2018-02-26 07:45:13,0.00042770,9.61000000
2018-02-26 07:45:14,0.00042670,15.00000000
2018-02-26 07:45:14,0.00042660,141.20000000
2018-02-26 07:45:14,0.00042640,158.71000000
2018-02-26 07:45:15,0.00042660,195.50000000
2018-02-26 07:45:15,0.00042660,65.40000000
2018-02-26 07:45:15,0.00042640,131.51000000
2018-02-26 07:45:15,0.00042630,114.88000000
2018-02-26 07:45:15,0.00042620,113.13000000
2018-02-26 07:45:15,0.00042610,171.23000000
2018-02-26 07:45:15,0.00042600,40.00000000
2018-02-26 07:45:15,0.00042600,23.41000000
2018-02-26 07:45:15,0.00042600,33.33000000
2018-02-26 07:45:15,0.00042600,245.34000000
2018-02-26 07:45:15,0.00042590,5.39000000
2018-02-26 07:45:15,0.00042600,80.00000000
2018-02-26 07:45:16,0.00042600,63.40000000
2018-02-26 07:45:16,0.00042600,33.96000000
2018-02-26 07:45:16,0.00042600,12.44000000
2018-02-26 07:45:16,0.00042660,156.20000000
2018-02-26 07:45:19,0.00042680,0.41000000
2018-02-26 07:45:20,0.00042700,28.00000000
2018-02-26 07:45:20,0.00042680,236.12000000
2018-02-26 07:45:20,0.00042660,901.70000000
2018-02-26 07:45:20,0.00042600,39.00000000
2018-02-26 07:45:21,0.00042600,9.83000000
2018-02-26 07:45:22,0.00042600,1.00000000
