DATE,PRICE,VOLUME
2018-02-23 08:00:00,0.08493800,0.40000000
2018-02-23 08:00:01,0.08493400,0.41600000
2018-02-23 08:00:01,0.08493800,0.11800000
2018-02-23 08:00:03,0.08493800,0.79400000
2018-02-23 08:00:07,0.08493800,0.24600000
2018-02-23 08:00:07,0.08493400,0.50000000
2018-02-23 08:00:08,0.08493400,0.01200000
2018-02-23 08:00:08,0.08493400,0.03700000
2018-02-23 08:00:08,0.08493400,0.16000000
2018-02-23 08:00:09,0.08493500,0.01400000
2018-02-23 08:00:11,0.08493500,0.01300000
2018-02-23 08:00:13,0.08493500,0.09900000
2018-02-23 08:00:14,0.08493800,0.40000000
2018-02-23 08:00:15,0.08493800,0.07300000
2018-02-23 08:00:20,0.08493500,0.29900000
2018-02-23 08:00:20,0.08493500,0.30000000
2018-02-23 08:00:20,0.08493500,0.04800000
2018-02-23 08:00:21,0.08493500,0.22000000
2018-02-23 08:00:21,0.08493700,0.12700000
2018-02-23 08:00:21,0.08493700,0.11500000
2018-02-23 08:00:22,0.08493700,0.28200000
2018-02-23 08:00:26,0.08493800,0.20400000
2018-02-23 08:00:26,0.08493800,0.02400000
2018-02-23 08:00:26,0.08493500,0.05400000
2018-02-23 08:00:26,0.08493800,0.02400000
2018-02-23 08:00:27,0.08493800,0.79300000
2018-02-23 08:00:27,0.08493500,1.49500000
2018-02-23 08:00:27,0.08493800,4.16800000
2018-02-23 08:00:28,0.08493500,1.68100000
2018-02-23 08:00:28,0.08493800,8.00500000
2018-02-23 08:00:28,0.08493900,3.70800000
2018-02-23 08:00:28,0.08493700,0.28200000
2018-02-23 08:00:28,0.08494100,1.56300000
2018-02-23 08:00:28,0.08494200,0.04800000
2018-02-23 08:00:28,0.08494500,0.30900000
2018-02-23 08:00:33,0.08493600,0.08500000
2018-02-23 08:00:33,0.08493500,0.01400000
2018-02-23 08:00:34,0.08494400,0.02400000
2018-02-23 08:00:34,0.08494500,0.01500000
2018-02-23 08:00:35,0.08494500,0.00100000
2018-02-23 08:00:37,0.08494500,0.03100000
2018-02-23 08:00:37,0.08495200,0.33400000
2018-02-23 08:00:37,0.08495400,0.24400000
2018-02-23 08:00:37,0.08493600,0.03500000
2018-02-23 08:00:40,0.08495400,0.62300000
2018-02-23 08:00:41,0.08495400,0.01800000
2018-02-23 08:00:41,0.08493600,0.14500000
2018-02-23 08:00:41,0.08493600,0.22400000
2018-02-23 08:00:43,0.08495400,0.11800000
2018-02-23 08:00:43,0.08493600,0.04000000
2018-02-23 08:00:44,0.08493600,0.03700000
2018-02-23 08:00:45,0.08495300,0.40000000
2018-02-23 08:00:45,0.08493600,0.12500000
2018-02-23 08:00:45,0.08493600,0.30800000
2018-02-23 08:00:46,0.08493600,0.02200000
2018-02-23 08:00:47,0.08493600,0.02900000
2018-02-23 08:00:47,0.08493600,0.01900000
2018-02-23 08:00:48,0.08493600,0.33600000
2018-02-23 08:00:48,0.08493600,0.33600000
2018-02-23 08:00:50,0.08493600,0.07600000
2018-02-23 08:00:50,0.08493700,0.03300000
2018-02-23 08:00:50,0.08495300,0.13800000
2018-02-23 08:00:51,0.08495300,0.04000000
2018-02-23 08:00:52,0.08493600,0.89400000
2018-02-23 08:00:52,0.08493600,0.90700000
2018-02-23 08:00:52,0.08493500,0.89500000
2018-02-23 08:00:52,0.08493500,0.89400000
2018-02-23 08:00:52,0.08493500,0.04900000
2018-02-23 08:00:53,0.08493500,1.89300000
2018-02-23 08:00:53,0.08495300,0.02700000
2018-02-23 08:00:53,0.08493500,1.89400000
2018-02-23 08:00:53,0.08493500,0.39400000
2018-02-23 08:00:54,0.08493400,0.21500000
2018-02-23 08:00:55,0.08494700,0.09600000
2018-02-23 08:00:55,0.08494700,0.00300000
2018-02-23 08:00:55,0.08494800,0.93200000
2018-02-23 08:00:55,0.08494800,0.08600000
2018-02-23 08:00:55,0.08494800,0.00200000
2018-02-23 08:00:56,0.08495300,0.93200000
2018-02-23 08:00:56,0.08495300,0.07400000
2018-02-23 08:00:56,0.08495300,1.25800000
2018-02-23 08:00:56,0.08495300,0.93100000
2018-02-23 08:00:56,0.08495400,0.00100000
2018-02-23 08:00:56,0.08495400,0.17300000
2018-02-23 08:00:56,0.08495400,0.09600000
2018-02-23 08:00:56,0.08495400,0.67400000
2018-02-23 08:00:56,0.08496100,0.12500000
2018-02-23 08:00:57,0.08496100,0.22800000
2018-02-23 08:00:57,0.08496300,0.44500000
2018-02-23 08:00:58,0.08496300,0.02500000
2018-02-23 08:00:58,0.08496600,0.00100000
2018-02-23 08:01:01,0.08495400,0.19600000
2018-02-23 08:01:01,0.08496500,0.07200000
2018-02-23 08:01:01,0.08495400,0.37900000
2018-02-23 08:01:01,0.08495300,4.62100000
2018-02-23 08:01:04,0.08495300,0.40100000
2018-02-23 08:01:06,0.08495300,0.49000000
2018-02-23 08:01:08,0.08496500,1.94200000
2018-02-23 08:01:12,0.08495300,0.25700000
2018-02-23 08:01:12,0.08495400,0.42200000
2018-02-23 08:01:17,0.08496500,0.01200000
2018-02-23 08:01:23,0.08496500,0.20200000
2018-02-23 08:01:26,0.08495500,0.85800000
2018-02-23 08:01:28,0.08495500,0.19900000
2018-02-23 08:01:28,0.08495500,0.19700000
2018-02-23 08:01:28,0.08495500,0.07300000
2018-02-23 08:01:28,0.08495500,0.06300000
2018-02-23 08:01:28,0.08495500,0.17000000
2018-02-23 08:01:30,0.08496500,0.08500000
2018-02-23 08:01:31,0.08495600,1.06500000
2018-02-23 08:01:31,0.08495400,3.73200000
2018-02-23 08:01:31,0.08495400,0.51400000
2018-02-23 08:01:31,0.08495400,1.08500000
2018-02-23 08:01:31,0.08495400,0.18800000
2018-02-23 08:01:31,0.08495400,8.88500000
2018-02-23 08:01:31,0.08495300,7.80000000
2018-02-23 08:01:32,0.08495300,3.54100000
2018-02-23 08:01:32,0.08495300,1.89200000
2018-02-23 08:01:32,0.08495300,3.75000000
2018-02-23 08:01:32,0.08495300,5.46900000
2018-02-23 08:01:32,0.08495300,10.78500000
2018-02-23 08:01:32,0.08495300,0.89300000
2018-02-23 08:01:32,0.08495300,26.77800000
2018-02-23 08:01:32,0.08495300,1.05900000
2018-02-23 08:01:32,0.08495300,10.10500000
2018-02-23 08:01:32,0.08495300,0.55300000
2018-02-23 08:01:32,0.08495300,2.27700000
2018-02-23 08:01:32,0.08495300,0.21400000
2018-02-23 08:01:32,0.08495300,0.05000000
2018-02-23 08:01:33,0.08495300,2.43400000
2018-02-23 08:01:33,0.08495300,2.46800000
2018-02-23 08:01:33,0.08495300,0.05900000
2018-02-23 08:01:33,0.08495300,1.34500000
2018-02-23 08:01:34,0.08495300,0.15000000
2018-02-23 08:01:34,0.08495300,0.15000000
2018-02-23 08:01:35,0.08495500,0.09500000
2018-02-23 08:01:35,0.08496500,0.41600000
2018-02-23 08:01:35,0.08496600,0.11300000
2018-02-23 08:01:36,0.08495400,0.02000000
2018-02-23 08:01:36,0.08495300,0.92300000
2018-02-23 08:01:37,0.08495500,0.20000000
2018-02-23 08:01:37,0.08495400,0.02000000
2018-02-23 08:01:37,0.08495300,0.08000000
2018-02-23 08:01:37,0.08495300,0.20000000
2018-02-23 08:01:37,0.08495300,0.29900000
2018-02-23 08:01:37,0.08495300,5.67600000
2018-02-23 08:01:37,0.08495300,0.89300000
2018-02-23 08:01:37,0.08495300,1.45200000
2018-02-23 08:01:37,0.08495300,2.01000000
2018-02-23 08:01:37,0.08495300,4.69700000
2018-02-23 08:01:37,0.08495400,0.10100000
2018-02-23 08:01:37,0.08495500,0.40800000
2018-02-23 08:01:37,0.08495300,2.44100000
2018-02-23 08:01:37,0.08495300,1.13400000
2018-02-23 08:01:38,0.08496600,0.19700000
2018-02-23 08:01:39,0.08495600,0.00400000
2018-02-23 08:01:39,0.08495600,0.16300000
2018-02-23 08:01:39,0.08495300,0.40000000
2018-02-23 08:01:40,0.08495600,0.03300000
2018-02-23 08:01:40,0.08495300,0.36700000
2018-02-23 08:01:40,0.08495300,0.35100000
2018-02-23 08:01:40,0.08495300,1.09700000
2018-02-23 08:01:41,0.08495300,0.02700000
2018-02-23 08:01:41,0.08495300,40.31400000
2018-02-23 08:01:41,0.08495300,0.02000000
2018-02-23 08:01:41,0.08495300,0.02000000
2018-02-23 08:01:41,0.08495300,0.16900000
2018-02-23 08:01:41,0.08495300,0.17000000
2018-02-23 08:01:41,0.08495300,0.14900000
2018-02-23 08:01:41,0.08495300,1.45200000
2018-02-23 08:01:42,0.08495300,0.89300000
2018-02-23 08:01:42,0.08495300,1.45200000
2018-02-23 08:01:42,0.08495300,3.75300000
2018-02-23 08:01:42,0.08495300,5.47400000
2018-02-23 08:01:42,0.08495300,7.88200000
2018-02-23 08:01:42,0.08496600,0.24400000
2018-02-23 08:01:42,0.08497500,0.04000000
2018-02-23 08:01:42,0.08498000,0.20400000
2018-02-23 08:01:42,0.08498000,0.24400000
2018-02-23 08:01:42,0.08498000,0.24400000
2018-02-23 08:01:42,0.08498000,0.04600000
2018-02-23 08:01:43,0.08498000,0.15000000
2018-02-23 08:01:43,0.08498000,0.15000000
2018-02-23 08:01:43,0.08498000,0.08100000
2018-02-23 08:01:43,0.08498000,0.08100000
2018-02-23 08:01:44,0.08498000,5.06100000
2018-02-23 08:01:44,0.08498100,0.10100000
2018-02-23 08:01:44,0.08498500,0.46800000
2018-02-23 08:01:44,0.08498000,0.23200000
2018-02-23 08:01:44,0.08498000,0.23200000
2018-02-23 08:01:44,0.08498000,0.23700000
2018-02-23 08:01:46,0.08498000,0.19400000
2018-02-23 08:01:46,0.08496600,0.20600000
2018-02-23 08:01:47,0.08498400,0.10000000
2018-02-23 08:01:48,0.08498400,0.05600000
2018-02-23 08:01:48,0.08498000,0.02600000
2018-02-23 08:01:48,0.08496600,0.37400000
2018-02-23 08:01:48,0.08496600,0.04600000
2018-02-23 08:01:52,0.08496600,1.37300000
2018-02-23 08:01:52,0.08495400,0.40200000
2018-02-23 08:01:55,0.08498000,0.57000000
2018-02-23 08:01:55,0.08498400,0.01800000
2018-02-23 08:01:57,0.08498400,0.08600000
2018-02-23 08:01:57,0.08498500,0.06600000
2018-02-23 08:01:57,0.08499800,0.05000000
2018-02-23 08:01:57,0.08499900,0.28400000
2018-02-23 08:01:59,0.08496800,0.40000000
2018-02-23 08:02:01,0.08499700,0.30100000
2018-02-23 08:02:01,0.08499800,0.09900000
2018-02-23 08:02:01,0.08499900,1.81000000
2018-02-23 08:02:01,0.08500000,22.93600000
2018-02-23 08:02:01,0.08500000,0.26000000
2018-02-23 08:02:01,0.08500000,0.11800000
2018-02-23 08:02:01,0.08500700,0.02600000
2018-02-23 08:02:01,0.08500900,0.05000000
2018-02-23 08:02:01,0.08501000,0.11800000
2018-02-23 08:02:01,0.08502000,0.12400000
2018-02-23 08:02:01,0.08502200,0.02000000
2018-02-23 08:02:01,0.08503300,0.08500000
2018-02-23 08:02:01,0.08503900,0.06900000
2018-02-23 08:02:02,0.08497000,0.15000000
2018-02-23 08:02:03,0.08497200,0.24900000
2018-02-23 08:02:04,0.08497400,0.02000000
2018-02-23 08:02:04,0.08497300,0.72900000
2018-02-23 08:02:05,0.08497500,0.12900000
2018-02-23 08:02:05,0.08499900,0.09900000
2018-02-23 08:02:07,0.08499900,0.05100000
2018-02-23 08:02:09,0.08497700,0.02100000
2018-02-23 08:02:10,0.08497700,0.01500000
2018-02-23 08:02:11,0.08497700,0.05200000
2018-02-23 08:02:14,0.08498000,0.25300000
2018-02-23 08:02:15,0.08499900,0.20700000
2018-02-23 08:02:17,0.08499900,0.39100000
2018-02-23 08:02:17,0.08503100,0.02000000
2018-02-23 08:02:17,0.08503200,0.12900000
2018-02-23 08:02:17,0.08503400,0.25400000
2018-02-23 08:02:20,0.08498300,0.11900000
2018-02-23 08:02:20,0.08498300,0.02000000
2018-02-23 08:02:20,0.08498000,0.11000000
2018-02-23 08:02:20,0.08500000,0.19200000
2018-02-23 08:02:22,0.08498500,0.03500000
2018-02-23 08:02:23,0.08498600,0.15000000
2018-02-23 08:02:24,0.08498600,0.09100000
2018-02-23 08:02:25,0.08498700,0.62200000
2018-02-23 08:02:25,0.08498700,0.15000000
2018-02-23 08:02:26,0.08498700,0.04800000
2018-02-23 08:02:26,0.08498600,0.21900000
2018-02-23 08:02:26,0.08497500,0.03000000
2018-02-23 08:02:26,0.08497200,0.38200000
2018-02-23 08:02:29,0.08497500,0.02000000
2018-02-23 08:02:29,0.08497100,0.06000000
2018-02-23 08:02:29,0.08497500,0.00800000
2018-02-23 08:02:29,0.08497600,0.10100000
2018-02-23 08:02:29,0.08497600,0.00100000
2018-02-23 08:02:29,0.08498600,0.10000000
2018-02-23 08:02:29,0.08498600,0.10100000
2018-02-23 08:02:29,0.08498600,0.10100000
2018-02-23 08:02:29,0.08498600,0.10100000
2018-02-23 08:02:29,0.08498600,0.10100000
2018-02-23 08:02:29,0.08498600,0.10100000
2018-02-23 08:02:29,0.08498600,0.10100000
2018-02-23 08:02:29,0.08498600,0.10100000
2018-02-23 08:02:29,0.08498600,0.10100000
2018-02-23 08:02:30,0.08497600,0.71500000
2018-02-23 08:02:31,0.08497600,0.00200000
2018-02-23 08:02:32,0.08497100,0.71500000
2018-02-23 08:02:32,0.08497100,3.17400000
2018-02-23 08:02:33,0.08497100,0.47000000
2018-02-23 08:02:34,0.08497100,0.10000000
2018-02-23 08:02:34,0.08497100,0.40000000
2018-02-23 08:02:35,0.08497100,0.16100000
2018-02-23 08:02:35,0.08496800,0.43400000
2018-02-23 08:02:35,0.08496700,0.09400000
2018-02-23 08:02:35,0.08496700,0.09300000
2018-02-23 08:02:35,0.08496700,0.09300000
2018-02-23 08:02:35,0.08497000,0.17200000
2018-02-23 08:02:35,0.08496700,0.71900000
2018-02-23 08:02:35,0.08496700,0.37200000
2018-02-23 08:02:36,0.08496700,0.40000000
2018-02-23 08:02:36,0.08496700,0.27300000
2018-02-23 08:02:36,0.08496700,0.08800000
2018-02-23 08:02:36,0.08496700,0.92700000
2018-02-23 08:02:36,0.08496600,4.47100000
2018-02-23 08:02:37,0.08496600,0.40000000
2018-02-23 08:02:37,0.08496600,0.23400000
2018-02-23 08:02:37,0.08496600,0.40000000
2018-02-23 08:02:38,0.08496600,0.15000000
2018-02-23 08:02:38,0.08496600,0.09700000
2018-02-23 08:02:38,0.08496600,0.08900000
2018-02-23 08:02:38,0.08496600,0.08900000
2018-02-23 08:02:38,0.08496600,0.05300000
2018-02-23 08:02:38,0.08496600,0.40900000
2018-02-23 08:02:38,0.08496600,0.40000000
2018-02-23 08:02:38,0.08496600,0.11600000
2018-02-23 08:02:38,0.08496600,0.11600000
2018-02-23 08:02:39,0.08496600,0.67800000
2018-02-23 08:02:39,0.08496600,5.88400000
2018-02-23 08:02:39,0.08496600,0.40000000
2018-02-23 08:02:40,0.08496900,0.29000000
2018-02-23 08:02:40,0.08497000,0.55800000
2018-02-23 08:02:40,0.08497100,0.15400000
2018-02-23 08:02:40,0.08496600,0.11600000
2018-02-23 08:02:40,0.08496700,0.15000000
2018-02-23 08:02:41,0.08496700,0.16100000
2018-02-23 08:02:41,0.08496700,5.00000000
2018-02-23 08:02:41,0.08496700,0.04700000
2018-02-23 08:02:41,0.08496700,0.40000000
2018-02-23 08:02:41,0.08496700,0.40000000
2018-02-23 08:02:42,0.08496700,0.40000000
2018-02-23 08:02:42,0.08496700,0.51600000
2018-02-23 08:02:42,0.08496700,0.51600000
2018-02-23 08:02:43,0.08496700,0.89100000
2018-02-23 08:02:43,0.08496700,0.08700000
2018-02-23 08:02:43,0.08496700,0.18500000
2018-02-23 08:02:43,0.08496700,0.24600000
2018-02-23 08:02:45,0.08496700,0.35600000
2018-02-23 08:02:45,0.08496700,0.40000000
2018-02-23 08:02:45,0.08496700,0.04400000
2018-02-23 08:02:45,0.08496700,1.52900000
2018-02-23 08:02:45,0.08496700,0.10000000
2018-02-23 08:02:45,0.08497100,1.00300000
2018-02-23 08:02:45,0.08496700,0.06000000
2018-02-23 08:02:45,0.08496700,0.06000000
2018-02-23 08:02:45,0.08496700,0.01400000
2018-02-23 08:02:46,0.08496700,0.01400000
2018-02-23 08:02:46,0.08496700,0.02800000
2018-02-23 08:02:47,0.08496700,0.47700000
2018-02-23 08:02:47,0.08496700,1.61900000
2018-02-23 08:02:48,0.08496700,0.36000000
2018-02-23 08:02:49,0.08496700,0.40000000
2018-02-23 08:02:50,0.08496700,0.95700000
2018-02-23 08:02:50,0.08496600,4.20700000
2018-02-23 08:02:50,0.08496800,0.17000000
2018-02-23 08:02:50,0.08496800,0.33000000
2018-02-23 08:02:50,0.08496700,0.51700000
2018-02-23 08:02:51,0.08496700,0.17000000
2018-02-23 08:02:51,0.08496700,0.16100000
2018-02-23 08:02:52,0.08496700,0.04800000
2018-02-23 08:02:52,0.08496800,0.75600000
2018-02-23 08:02:53,0.08496800,2.36400000
2018-02-23 08:02:53,0.08496900,0.08000000
2018-02-23 08:02:53,0.08497100,2.02900000
2018-02-23 08:02:53,0.08497200,0.10200000
2018-02-23 08:02:53,0.08497600,0.35600000
2018-02-23 08:02:53,0.08498400,6.35600000
2018-02-23 08:02:53,0.08496700,0.40000000
2018-02-23 08:02:53,0.08498400,0.16500000
2018-02-23 08:02:54,0.08496700,0.05800000
2018-02-23 08:02:55,0.08496700,0.40000000
2018-02-23 08:02:57,0.08496800,0.02000000
2018-02-23 08:02:57,0.08496700,0.38000000
2018-02-23 08:02:58,0.08496800,0.02000000
2018-02-23 08:02:58,0.08496700,0.18100000
2018-02-23 08:02:58,0.08496800,0.02000000
2018-02-23 08:02:58,0.08496700,0.14900000
2018-02-23 08:03:00,0.08498400,0.13200000
2018-02-23 08:03:00,0.08496700,0.18900000
2018-02-23 08:03:00,0.08496600,0.16100000
2018-02-23 08:03:00,0.08498400,1.08800000
2018-02-23 08:03:01,0.08496800,0.05000000
2018-02-23 08:03:01,0.08496800,0.02800000
2018-02-23 08:03:03,0.08496700,0.02000000
2018-02-23 08:03:03,0.08496600,0.00600000
2018-02-23 08:03:03,0.08496700,0.02000000
2018-02-23 08:03:03,0.08496600,0.46300000
2018-02-23 08:03:05,0.08496600,0.17600000
2018-02-23 08:03:06,0.08496600,0.04800000
2018-02-23 08:03:06,0.08496600,0.15000000
2018-02-23 08:03:06,0.08496600,0.15600000
2018-02-23 08:03:06,0.08498500,0.02900000
2018-02-23 08:03:06,0.08498700,0.02800000
2018-02-23 08:03:06,0.08499900,1.40200000
2018-02-23 08:03:07,0.08496700,0.45800000
2018-02-23 08:03:08,0.08496700,0.24900000
2018-02-23 08:03:08,0.08496700,0.47500000
2018-02-23 08:03:08,0.08496600,0.00100000
2018-02-23 08:03:10,0.08499600,0.05400000
2018-02-23 08:03:10,0.08499600,0.00100000
2018-02-23 08:03:11,0.08496700,0.05000000
2018-02-23 08:03:11,0.08496700,0.00500000
2018-02-23 08:03:11,0.08496600,0.30300000
2018-02-23 08:03:11,0.08496600,0.88200000
2018-02-23 08:03:11,0.08496600,0.59500000
2018-02-23 08:03:12,0.08496600,0.04200000
2018-02-23 08:03:12,0.08496600,3.05000000
2018-02-23 08:03:14,0.08498300,0.58800000
2018-02-23 08:03:14,0.08496600,0.05000000
2018-02-23 08:03:14,0.08496600,0.35000000
2018-02-23 08:03:15,0.08496700,1.31200000
2018-02-23 08:03:16,0.08496700,0.00100000
2018-02-23 08:03:17,0.08496700,0.40000000
2018-02-23 08:03:18,0.08496700,0.04900000
2018-02-23 08:03:18,0.08498400,0.30900000
2018-02-23 08:03:18,0.08496700,4.65000000
2018-02-23 08:03:18,0.08496600,11.27300000
2018-02-23 08:03:18,0.08498400,0.09100000
2018-02-23 08:03:19,0.08496600,0.40000000
2018-02-23 08:03:19,0.08496600,0.09900000
2018-02-23 08:03:19,0.08496600,0.72300000
2018-02-23 08:03:20,0.08496600,0.04500000
2018-02-23 08:03:20,0.08496600,0.30300000
2018-02-23 08:03:21,0.08496700,0.09700000
2018-02-23 08:03:21,0.08496700,0.09800000
2018-02-23 08:03:21,0.08496700,0.20000000
2018-02-23 08:03:21,0.08499200,0.05900000
2018-02-23 08:03:21,0.08496700,0.02800000
2018-02-23 08:03:22,0.08496700,0.09400000
2018-02-23 08:03:22,0.08496600,0.04100000
2018-02-23 08:03:22,0.08496600,0.04200000
2018-02-23 08:03:23,0.08496600,1.16900000
2018-02-23 08:03:23,0.08496600,0.89000000
2018-02-23 08:03:23,0.08496600,0.14800000
2018-02-23 08:03:23,0.08496600,0.00100000
2018-02-23 08:03:23,0.08496600,0.90700000
2018-02-23 08:03:24,0.08496600,0.19900000
2018-02-23 08:03:24,0.08496600,0.45400000
2018-02-23 08:03:25,0.08496600,0.09900000
2018-02-23 08:03:25,0.08496600,1.04400000
2018-02-23 08:03:26,0.08496600,0.48800000
2018-02-23 08:03:26,0.08499100,0.02400000
2018-02-23 08:03:27,0.08496700,1.17800000
2018-02-23 08:03:28,0.08496600,0.02400000
2018-02-23 08:03:29,0.08496600,0.13700000
2018-02-23 08:03:29,0.08496600,0.09900000
2018-02-23 08:03:30,0.08496600,0.09200000
2018-02-23 08:03:31,0.08496600,0.07000000
2018-02-23 08:03:32,0.08497000,0.09900000
2018-02-23 08:03:32,0.08496600,0.03200000
2018-02-23 08:03:32,0.08497000,0.00300000
2018-02-23 08:03:33,0.08496700,0.85600000
2018-02-23 08:03:34,0.08496700,0.02800000
2018-02-23 08:03:37,0.08496700,0.57000000
2018-02-23 08:03:38,0.08496700,0.18000000
2018-02-23 08:03:38,0.08496700,0.04900000
2018-02-23 08:03:39,0.08496700,0.11100000
2018-02-23 08:03:41,0.08496700,0.81600000
2018-02-23 08:03:43,0.08496800,0.05400000
2018-02-23 08:03:43,0.08497000,0.04600000
2018-02-23 08:03:44,0.08496700,0.11700000
2018-02-23 08:03:44,0.08496700,0.02000000
2018-02-23 08:03:45,0.08496700,0.45600000
2018-02-23 08:03:45,0.08496700,0.02400000
2018-02-23 08:03:45,0.08496700,0.04900000
2018-02-23 08:03:45,0.08496700,0.02500000
2018-02-23 08:03:46,0.08497000,0.42200000
2018-02-23 08:03:46,0.08496700,0.14800000
2018-02-23 08:03:46,0.08496700,0.09500000
2018-02-23 08:03:47,0.08496700,0.02700000
2018-02-23 08:03:47,0.08496700,0.02700000
2018-02-23 08:03:47,0.08497000,0.32400000
2018-02-23 08:03:47,0.08496700,0.04900000
2018-02-23 08:03:47,0.08496700,0.11700000
2018-02-23 08:03:49,0.08496700,0.02400000
2018-02-23 08:03:49,0.08496700,0.02500000
2018-02-23 08:03:49,0.08496700,0.52800000
2018-02-23 08:03:49,0.08496700,1.10600000
2018-02-23 08:03:50,0.08496700,0.00500000
2018-02-23 08:03:50,0.08496700,0.18300000
2018-02-23 08:03:51,0.08496700,0.11700000
2018-02-23 08:03:52,0.08496700,0.10000000
2018-02-23 08:03:52,0.08496700,0.05500000
2018-02-23 08:03:52,0.08496700,0.03300000
2018-02-23 08:03:52,0.08496700,0.03300000
2018-02-23 08:03:52,0.08496700,0.02600000
2018-02-23 08:03:53,0.08497000,0.25100000
2018-02-23 08:03:53,0.08497100,0.98200000
2018-02-23 08:03:53,0.08497100,0.21100000
2018-02-23 08:03:53,0.08497200,0.03200000
2018-02-23 08:03:54,0.08497200,0.35100000
2018-02-23 08:03:54,0.08497200,1.00500000
2018-02-23 08:03:54,0.08497200,0.35000000
2018-02-23 08:03:54,0.08497100,0.02600000
2018-02-23 08:03:55,0.08497100,0.09900000
2018-02-23 08:03:55,0.08497200,0.07500000
2018-02-23 08:03:55,0.08497200,0.25100000
2018-02-23 08:03:55,0.08497200,0.12400000
2018-02-23 08:03:57,0.08497200,0.89100000
2018-02-23 08:03:57,0.08497200,1.92100000
2018-02-23 08:03:58,0.08499100,0.05300000
2018-02-23 08:03:59,0.08499100,0.08400000
2018-02-23 08:03:59,0.08499400,0.19400000
2018-02-23 08:03:59,0.08497500,0.11700000
2018-02-23 08:04:00,0.08497500,0.10900000
2018-02-23 08:04:01,0.08497500,0.35800000
2018-02-23 08:04:01,0.08497500,0.38800000
2018-02-23 08:04:02,0.08497500,0.00100000
2018-02-23 08:04:02,0.08497100,0.08400000
2018-02-23 08:04:02,0.08497100,0.03500000
2018-02-23 08:04:02,0.08497500,0.02400000
2018-02-23 08:04:02,0.08499400,0.68100000
2018-02-23 08:04:02,0.08499600,0.08300000
2018-02-23 08:04:02,0.08499900,0.55500000
2018-02-23 08:04:02,0.08497100,0.65700000
2018-02-23 08:04:02,0.08496800,0.09000000
2018-02-23 08:04:02,0.08497500,0.03500000
2018-02-23 08:04:02,0.08497500,0.05600000
2018-02-23 08:04:02,0.08497100,0.17400000
2018-02-23 08:04:02,0.08496800,0.06400000
2018-02-23 08:04:03,0.08496800,0.09500000
2018-02-23 08:04:04,0.08496900,0.02700000
2018-02-23 08:04:05,0.08496900,0.52100000
2018-02-23 08:04:06,0.08496800,0.02700000
2018-02-23 08:04:09,0.08496900,0.05300000
2018-02-23 08:04:10,0.08496900,0.40000000
2018-02-23 08:04:10,0.08496900,0.28100000
2018-02-23 08:04:10,0.08497500,0.08000000
2018-02-23 08:04:12,0.08497500,0.13300000
2018-02-23 08:04:12,0.08496900,0.40000000
2018-02-23 08:04:14,0.08496900,0.02000000
2018-02-23 08:04:14,0.08496900,0.02900000
2018-02-23 08:04:15,0.08497500,0.01200000
2018-02-23 08:04:15,0.08497100,0.05200000
2018-02-23 08:04:17,0.08497100,0.09800000
2018-02-23 08:04:17,0.08496900,0.95800000
2018-02-23 08:04:17,0.08496900,0.72300000
2018-02-23 08:04:20,0.08497500,0.29200000
2018-02-23 08:04:20,0.08497500,0.05800000
2018-02-23 08:04:21,0.08497500,0.05000000
2018-02-23 08:04:21,0.08499500,0.09900000
2018-02-23 08:04:21,0.08499600,0.29200000
2018-02-23 08:04:22,0.08499600,0.08800000
2018-02-23 08:04:24,0.08497100,0.03400000
2018-02-23 08:04:26,0.08499600,0.06900000
2018-02-23 08:04:26,0.08499700,1.18200000
2018-02-23 08:04:26,0.08499900,7.74900000
2018-02-23 08:04:28,0.08497100,0.50000000
2018-02-23 08:04:30,0.08499800,0.04700000
2018-02-23 08:04:30,0.08499600,0.12500000
2018-02-23 08:04:31,0.08499600,0.05100000
2018-02-23 08:04:31,0.08497100,0.18900000
2018-02-23 08:04:32,0.08499600,0.11700000
2018-02-23 08:04:33,0.08499800,0.09900000
2018-02-23 08:04:33,0.08499900,0.01800000
2018-02-23 08:04:33,0.08499900,0.57400000
2018-02-23 08:04:33,0.08497200,0.03400000
2018-02-23 08:04:34,0.08497200,0.03000000
2018-02-23 08:04:34,0.08497200,0.03000000
2018-02-23 08:04:34,0.08499900,0.01400000
2018-02-23 08:04:35,0.08497200,0.09200000
2018-02-23 08:04:35,0.08497200,0.10200000
2018-02-23 08:04:35,0.08497200,0.05300000
2018-02-23 08:04:35,0.08499900,0.06000000
2018-02-23 08:04:35,0.08497200,0.15500000
2018-02-23 08:04:37,0.08497200,0.18900000
2018-02-23 08:04:37,0.08497000,0.25100000
2018-02-23 08:04:37,0.08497000,0.44300000
2018-02-23 08:04:38,0.08497000,0.03700000
2018-02-23 08:04:39,0.08497000,0.03600000
2018-02-23 08:04:39,0.08497000,0.16200000
2018-02-23 08:04:39,0.08497000,0.03700000
2018-02-23 08:04:39,0.08497000,0.06900000
2018-02-23 08:04:40,0.08497000,0.16200000
2018-02-23 08:04:43,0.08497200,0.01000000
2018-02-23 08:04:44,0.08497000,3.47900000
2018-02-23 08:04:45,0.08497200,0.87300000
2018-02-23 08:04:45,0.08497000,0.02000000
2018-02-23 08:04:46,0.08497000,0.04900000
2018-02-23 08:04:54,0.08497000,0.09000000
2018-02-23 08:04:54,0.08497000,1.17900000
2018-02-23 08:04:56,0.08497000,1.50000000
2018-02-23 08:04:56,0.08497000,1.50000000
2018-02-23 08:04:56,0.08497000,0.92300000
2018-02-23 08:04:56,0.08496900,0.00100000
2018-02-23 08:04:57,0.08496900,0.02100000
2018-02-23 08:04:57,0.08496900,0.22000000
2018-02-23 08:04:57,0.08496800,0.02100000
2018-02-23 08:04:57,0.08497100,0.79700000
2018-02-23 08:04:57,0.08496800,0.47000000
2018-02-23 08:04:58,0.08496800,0.08100000
2018-02-23 08:04:59,0.08497000,0.05200000
2018-02-23 08:04:59,0.08497200,0.34700000
2018-02-23 08:05:01,0.08497200,0.02400000
2018-02-23 08:05:02,0.08496800,0.16000000
2018-02-23 08:05:05,0.08497000,0.09100000
2018-02-23 08:05:05,0.08497200,0.58800000
2018-02-23 08:05:05,0.08497000,0.40700000
2018-02-23 08:05:06,0.08497000,0.10200000
2018-02-23 08:05:06,0.08496800,0.22200000
2018-02-23 08:05:06,0.08496700,1.31600000
2018-02-23 08:05:08,0.08496700,0.05400000
2018-02-23 08:05:08,0.08496700,0.05400000
2018-02-23 08:05:09,0.08497000,0.10200000
2018-02-23 08:05:09,0.08497200,0.68100000
2018-02-23 08:05:09,0.08496700,0.02200000
2018-02-23 08:05:10,0.08496700,0.05400000
2018-02-23 08:05:10,0.08496700,1.20300000
2018-02-23 08:05:10,0.08497200,0.21200000
2018-02-23 08:05:10,0.08496700,0.06900000
2018-02-23 08:05:11,0.08496700,0.05600000
2018-02-23 08:05:11,0.08496700,0.10600000
2018-02-23 08:05:12,0.08496800,0.08200000
2018-02-23 08:05:12,0.08496800,9.71900000
2018-02-23 08:05:13,0.08496900,1.49900000
2018-02-23 08:05:14,0.08497200,0.21000000
2018-02-23 08:05:14,0.08496900,0.09700000
2018-02-23 08:05:14,0.08496900,0.09600000
2018-02-23 08:05:14,0.08496900,0.73100000
2018-02-23 08:05:15,0.08497200,0.01400000
2018-02-23 08:05:17,0.08496700,0.00100000
2018-02-23 08:05:18,0.08497200,0.11500000
2018-02-23 08:05:18,0.08496700,1.11200000
2018-02-23 08:05:19,0.08496700,0.07000000
2018-02-23 08:05:19,0.08497200,0.24900000
2018-02-23 08:05:19,0.08496700,0.53200000
2018-02-23 08:05:19,0.08496700,6.41600000
2018-02-23 08:05:20,0.08497200,0.13600000
2018-02-23 08:05:20,0.08497200,0.80000000
2018-02-23 08:05:21,0.08497200,0.11600000
2018-02-23 08:05:21,0.08496700,9.92800000
2018-02-23 08:05:22,0.08496700,1.18200000
2018-02-23 08:05:23,0.08496700,0.26400000
2018-02-23 08:05:24,0.08496700,1.17900000
2018-02-23 08:05:24,0.08497200,0.76400000
2018-02-23 08:05:25,0.08497500,0.11600000
2018-02-23 08:05:27,0.08497500,0.07500000
2018-02-23 08:05:27,0.08497200,0.69700000
2018-02-23 08:05:27,0.08496700,0.29100000
2018-02-23 08:05:27,0.08497500,0.00100000
2018-02-23 08:05:27,0.08499100,0.07400000
2018-02-23 08:05:27,0.08499200,0.90300000
2018-02-23 08:05:27,0.08499200,0.32700000
2018-02-23 08:05:27,0.08499600,0.02300000
2018-02-23 08:05:28,0.08499600,0.11600000
2018-02-23 08:05:28,0.08499500,0.09400000
2018-02-23 08:05:28,0.08499600,0.45100000
2018-02-23 08:05:29,0.08499600,1.92900000
2018-02-23 08:05:29,0.08496800,0.02000000
2018-02-23 08:05:30,0.08496800,0.07900000
2018-02-23 08:05:31,0.08499600,0.08500000
2018-02-23 08:05:31,0.08499600,0.03100000
2018-02-23 08:05:31,0.08499900,0.31200000
2018-02-23 08:05:31,0.08499900,0.09900000
2018-02-23 08:05:31,0.08500000,0.01800000
2018-02-23 08:05:35,0.08500000,0.11200000
2018-02-23 08:05:35,0.08497200,0.07300000
2018-02-23 08:05:37,0.08500000,0.25200000
2018-02-23 08:05:37,0.08500500,0.12700000
2018-02-23 08:05:37,0.08501400,0.17500000
2018-02-23 08:05:37,0.08503100,0.02000000
2018-02-23 08:05:37,0.08503700,0.10900000
2018-02-23 08:05:37,0.08503900,0.26600000
2018-02-23 08:05:38,0.08501200,0.13800000
2018-02-23 08:05:38,0.08497400,0.40000000
2018-02-23 08:05:42,0.08501100,0.09900000
2018-02-23 08:05:42,0.08501100,0.01800000
2018-02-23 08:05:42,0.08501100,0.21000000
2018-02-23 08:05:42,0.08501100,0.26200000
2018-02-23 08:05:42,0.08501100,1.69600000
2018-02-23 08:05:42,0.08501100,1.89900000
2018-02-23 08:05:42,0.08501100,0.19200000
2018-02-23 08:05:45,0.08497900,0.09900000
2018-02-23 08:05:45,0.08497800,0.07100000
2018-02-23 08:05:45,0.08501200,0.13800000
2018-02-23 08:05:46,0.08498000,0.06300000
2018-02-23 08:05:46,0.08498000,0.06200000
2018-02-23 08:05:48,0.08500900,0.09900000
2018-02-23 08:05:48,0.08501000,0.03100000
2018-02-23 08:05:49,0.08501000,0.09400000
2018-02-23 08:05:49,0.08501200,0.00100000
2018-02-23 08:05:49,0.08501000,0.03100000
2018-02-23 08:05:49,0.08498200,0.36900000
2018-02-23 08:05:52,0.08501100,0.31800000
2018-02-23 08:05:54,0.08499300,0.00200000
2018-02-23 08:05:58,0.08501100,0.05100000
2018-02-23 08:06:00,0.08501200,0.09900000
2018-02-23 08:06:00,0.08501100,0.06600000
2018-02-23 08:06:00,0.08501100,0.23500000
2018-02-23 08:06:00,0.08503000,0.10500000
2018-02-23 08:06:02,0.08502900,0.09900000
2018-02-23 08:06:02,0.08503000,0.01600000
2018-02-23 08:06:04,0.08501100,0.58900000
2018-02-23 08:06:04,0.08502900,0.03500000
2018-02-23 08:06:04,0.08503000,0.23300000
2018-02-23 08:06:04,0.08504100,0.19800000
2018-02-23 08:06:04,0.08504800,0.40000000
2018-02-23 08:06:04,0.08504900,0.40000000
2018-02-23 08:06:04,0.08505000,0.82700000
2018-02-23 08:06:06,0.08500000,1.71300000
2018-02-23 08:06:07,0.08504800,0.18400000
2018-02-23 08:06:10,0.08503000,0.32500000
2018-02-23 08:06:10,0.08502700,0.11900000
2018-02-23 08:06:12,0.08500300,0.09900000
2018-02-23 08:06:12,0.08500000,2.37100000
2018-02-23 08:06:12,0.08500000,0.00300000
2018-02-23 08:06:16,0.08500000,0.07600000
2018-02-23 08:06:16,0.08500000,0.07600000
2018-02-23 08:06:17,0.08502600,0.69500000
2018-02-23 08:06:17,0.08502600,0.69500000
2018-02-23 08:06:17,0.08502600,0.32300000
2018-02-23 08:06:17,0.08502600,0.09800000
2018-02-23 08:06:17,0.08502600,0.00400000
2018-02-23 08:06:17,0.08502600,0.09500000
2018-02-23 08:06:17,0.08502700,0.09500000
2018-02-23 08:06:17,0.08502700,0.04400000
2018-02-23 08:06:18,0.08504700,0.11700000
2018-02-23 08:06:18,0.08504700,0.32300000
2018-02-23 08:06:18,0.08504900,1.04700000
2018-02-23 08:06:18,0.08505000,1.23000000
2018-02-23 08:06:18,0.08504700,0.02000000
2018-02-23 08:06:18,0.08505000,0.39900000
2018-02-23 08:06:18,0.08505000,0.42000000
2018-02-23 08:06:18,0.08504700,0.02000000
2018-02-23 08:06:18,0.08505000,0.12400000
2018-02-23 08:06:18,0.08505200,0.38900000
2018-02-23 08:06:18,0.08505400,0.12900000
2018-02-23 08:06:18,0.08504700,0.02000000
2018-02-23 08:06:18,0.08504700,0.02000000
2018-02-23 08:06:18,0.08505400,0.03100000
2018-02-23 08:06:18,0.08507300,0.06600000
2018-02-23 08:06:18,0.08507700,0.01700000
2018-02-23 08:06:18,0.08508000,0.00900000
2018-02-23 08:06:18,0.08504700,0.02000000
2018-02-23 08:06:18,0.08504700,0.02000000
2018-02-23 08:06:18,0.08505400,0.03100000
2018-02-23 08:06:18,0.08505400,0.02100000
2018-02-23 08:06:18,0.08505400,0.10700000
2018-02-23 08:06:18,0.08505400,0.00100000
2018-02-23 08:06:19,0.08507900,0.05500000
2018-02-23 08:06:19,0.08508000,0.02400000
2018-02-23 08:06:19,0.08507900,0.03000000
2018-02-23 08:06:19,0.08507900,0.02500000
2018-02-23 08:06:19,0.08505400,0.15800000
2018-02-23 08:06:19,0.08505000,0.32300000
2018-02-23 08:06:19,0.08504700,0.09800000
2018-02-23 08:06:19,0.08507900,0.00500000
2018-02-23 08:06:19,0.08508000,0.12400000
2018-02-23 08:06:19,0.08504700,0.39200000
2018-02-23 08:06:20,0.08507800,0.01300000
2018-02-23 08:06:20,0.08504700,0.42600000
2018-02-23 08:06:20,0.08504700,0.14700000
2018-02-23 08:06:20,0.08504700,0.57700000
2018-02-23 08:06:20,0.08504700,1.41500000
2018-02-23 08:06:20,0.08504600,0.00100000
2018-02-23 08:06:20,0.08504600,0.09400000
2018-02-23 08:06:20,0.08502700,0.09500000
2018-02-23 08:06:20,0.08502600,0.09500000
2018-02-23 08:06:20,0.08500000,0.11600000
2018-02-23 08:06:21,0.08507800,0.11500000
2018-02-23 08:06:21,0.08500200,1.44900000
2018-02-23 08:06:22,0.08500400,0.47400000
2018-02-23 08:06:22,0.08500300,1.38500000
2018-02-23 08:06:22,0.08500100,0.10000000
2018-02-23 08:06:22,0.08500000,3.04100000
2018-02-23 08:06:22,0.08500400,0.18000000
2018-02-23 08:06:22,0.08500100,0.09000000
2018-02-23 08:06:23,0.08500700,1.46000000
2018-02-23 08:06:23,0.08500700,0.40000000
2018-02-23 08:06:24,0.08505200,0.11500000
2018-02-23 08:06:25,0.08505100,0.01200000
2018-02-23 08:06:25,0.08500800,0.11800000
2018-02-23 08:06:26,0.08500800,0.02000000
2018-02-23 08:06:26,0.08500100,0.04100000
2018-02-23 08:06:26,0.08500900,0.01200000
2018-02-23 08:06:26,0.08505000,0.01300000
2018-02-23 08:06:27,0.08500900,0.40000000
2018-02-23 08:06:28,0.08501000,1.38500000
2018-02-23 08:06:29,0.08504500,0.09500000
2018-02-23 08:06:30,0.08504500,0.23500000
2018-02-23 08:06:30,0.08504500,0.04300000
2018-02-23 08:06:30,0.08504600,0.23500000
2018-02-23 08:06:30,0.08504500,0.19200000
2018-02-23 08:06:30,0.08504400,0.39900000
2018-02-23 08:06:30,0.08504400,1.68100000
2018-02-23 08:06:30,0.08504400,1.05000000
2018-02-23 08:06:30,0.08504500,0.02000000
2018-02-23 08:06:30,0.08504600,0.16500000
2018-02-23 08:06:30,0.08504700,1.38500000
2018-02-23 08:06:30,0.08505000,0.41700000
2018-02-23 08:06:30,0.08505400,0.40000000
2018-02-23 08:06:30,0.08507600,0.13000000
2018-02-23 08:06:30,0.08507700,0.05000000
2018-02-23 08:06:30,0.08508000,0.86300000
2018-02-23 08:06:30,0.08508100,0.26300000
2018-02-23 08:06:30,0.08508300,0.07600000
2018-02-23 08:06:30,0.08508400,0.05600000
2018-02-23 08:06:30,0.08509300,0.98200000
2018-02-23 08:06:30,0.08509300,0.34400000
2018-02-23 08:06:30,0.08509400,1.18000000
2018-02-23 08:06:30,0.08509500,0.16500000
2018-02-23 08:06:30,0.08507600,0.03000000
2018-02-23 08:06:30,0.08509500,3.73300000
2018-02-23 08:06:30,0.08504500,0.02000000
2018-02-23 08:06:30,0.08507700,0.03000000
2018-02-23 08:06:30,0.08509500,4.21600000
2018-02-23 08:06:30,0.08504400,0.51500000
2018-02-23 08:06:30,0.08504400,0.58200000
2018-02-23 08:06:30,0.08504400,0.23800000
2018-02-23 08:06:30,0.08504400,0.80400000
2018-02-23 08:06:30,0.08504500,0.02000000
2018-02-23 08:06:30,0.08507600,0.10000000
2018-02-23 08:06:30,0.08507700,0.05000000
2018-02-23 08:06:30,0.08509500,0.08800000
2018-02-23 08:06:31,0.08507600,0.02000000
2018-02-23 08:06:31,0.08504400,0.59000000
2018-02-23 08:06:31,0.08504400,0.30300000
2018-02-23 08:06:31,0.08504100,0.11500000
2018-02-23 08:06:32,0.08500400,0.05000000
2018-02-23 08:06:32,0.08500300,0.35000000
2018-02-23 08:06:32,0.08500400,0.04900000
2018-02-23 08:06:34,0.08500600,0.02000000
2018-02-23 08:06:34,0.08500500,0.45000000
2018-02-23 08:06:34,0.08500600,0.02000000
2018-02-23 08:06:34,0.08500500,0.20000000
2018-02-23 08:06:34,0.08500400,0.18000000
2018-02-23 08:06:35,0.08503700,0.11700000
2018-02-23 08:06:36,0.08500700,0.50000000
2018-02-23 08:06:36,0.08503600,0.01100000
2018-02-23 08:06:36,0.08500700,0.62300000
2018-02-23 08:06:38,0.08500800,0.21400000
2018-02-23 08:06:38,0.08503400,0.02200000
2018-02-23 08:06:41,0.08503400,0.10000000
2018-02-23 08:06:41,0.08503400,0.10000000
2018-02-23 08:06:41,0.08503400,0.25900000
2018-02-23 08:06:41,0.08503500,0.30000000
2018-02-23 08:06:43,0.08500800,0.04900000
2018-02-23 08:06:43,0.08500800,0.17700000
2018-02-23 08:06:44,0.08500800,0.04500000
2018-02-23 08:06:44,0.08503400,0.43600000
2018-02-23 08:06:44,0.08503400,0.01800000
2018-02-23 08:06:45,0.08500800,0.10000000
2018-02-23 08:06:45,0.08500800,0.13200000
2018-02-23 08:06:45,0.08500800,0.01000000
2018-02-23 08:06:45,0.08500800,0.02000000
2018-02-23 08:06:45,0.08500800,0.02000000
2018-02-23 08:06:45,0.08500700,0.40000000
2018-02-23 08:06:45,0.08500700,0.04600000
2018-02-23 08:06:45,0.08500800,0.00900000
2018-02-23 08:06:45,0.08500800,0.01100000
2018-02-23 08:06:45,0.08500800,0.02000000
2018-02-23 08:06:45,0.08500800,0.01600000
2018-02-23 08:06:46,0.08500800,0.00400000
2018-02-23 08:06:46,0.08500700,0.06000000
2018-02-23 08:06:46,0.08500700,0.50800000
2018-02-23 08:06:46,0.08500600,0.58600000
2018-02-23 08:06:47,0.08500600,0.46400000
2018-02-23 08:06:48,0.08500800,0.13000000
2018-02-23 08:06:48,0.08500700,0.26500000
2018-02-23 08:06:49,0.08500900,0.04800000
2018-02-23 08:06:49,0.08500900,0.11800000
2018-02-23 08:06:49,0.08500900,0.07700000
2018-02-23 08:06:49,0.08500800,0.05200000
2018-02-23 08:06:49,0.08500800,0.00700000
2018-02-23 08:06:52,0.08500800,0.10100000
2018-02-23 08:06:52,0.08500900,0.12000000
2018-02-23 08:06:52,0.08502900,0.09900000
2018-02-23 08:06:52,0.08503000,0.03900000
2018-02-23 08:06:52,0.08503400,0.26000000
2018-02-23 08:06:53,0.08500800,0.10100000
2018-02-23 08:06:53,0.08500700,0.07700000
2018-02-23 08:06:53,0.08500900,0.06100000
2018-02-23 08:06:53,0.08500900,0.05000000
2018-02-23 08:06:54,0.08500900,0.15300000
2018-02-23 08:06:54,0.08500700,0.29500000
2018-02-23 08:06:55,0.08500800,0.03000000
2018-02-23 08:06:55,0.08500700,0.96900000
2018-02-23 08:06:58,0.08500800,0.00100000
2018-02-23 08:06:58,0.08500800,0.02900000
2018-02-23 08:06:58,0.08500800,0.02900000
2018-02-23 08:06:58,0.08500800,0.47600000
2018-02-23 08:06:58,0.08500800,0.19300000
2018-02-23 08:06:58,0.08500800,0.68500000
2018-02-23 08:06:58,0.08500700,0.18100000
2018-02-23 08:06:59,0.08500800,0.03000000
2018-02-23 08:06:59,0.08500700,0.10800000
2018-02-23 08:06:59,0.08503400,0.00100000
2018-02-23 08:06:59,0.08500700,0.15500000
2018-02-23 08:06:59,0.08500700,0.17400000
2018-02-23 08:06:59,0.08503500,0.18100000
2018-02-23 08:07:00,0.08500800,0.03400000
2018-02-23 08:07:01,0.08500800,0.04900000
2018-02-23 08:07:01,0.08500800,0.04900000
2018-02-23 08:07:01,0.08500800,0.21600000
2018-02-23 08:07:01,0.08503400,0.03700000
2018-02-23 08:07:02,0.08500800,0.06700000
2018-02-23 08:07:02,0.08500800,0.13100000
2018-02-23 08:07:02,0.08502600,0.09400000
2018-02-23 08:07:02,0.08500800,0.03700000
2018-02-23 08:07:03,0.08502300,0.01100000
2018-02-23 08:07:03,0.08501000,0.25600000
2018-02-23 08:07:03,0.08502300,0.06900000
2018-02-23 08:07:03,0.08503400,0.33100000
2018-02-23 08:07:04,0.08503400,0.03900000
2018-02-23 08:07:04,0.08501000,0.12300000
2018-02-23 08:07:04,0.08500800,1.05600000
2018-02-23 08:07:05,0.08500800,0.00100000
2018-02-23 08:07:05,0.08500800,0.24000000
2018-02-23 08:07:05,0.08500800,0.05500000
2018-02-23 08:07:05,0.08503400,0.58800000
2018-02-23 08:07:07,0.08500800,0.13800000
2018-02-23 08:07:07,0.08503400,0.11800000
2018-02-23 08:07:08,0.08500800,0.36800000
2018-02-23 08:07:08,0.08500800,0.10700000
2018-02-23 08:07:09,0.08503400,0.11800000
2018-02-23 08:07:10,0.08503400,0.26200000
2018-02-23 08:07:10,0.08503500,0.01900000
2018-02-23 08:07:10,0.08503700,0.11900000
2018-02-23 08:07:11,0.08503400,0.67900000
2018-02-23 08:07:11,0.08503400,0.40000000
2018-02-23 08:07:12,0.08503600,0.25400000
2018-02-23 08:07:12,0.08503400,0.40000000
2018-02-23 08:07:12,0.08503400,1.98100000
2018-02-23 08:07:13,0.08503400,0.60000000
2018-02-23 08:07:13,0.08503400,0.07300000
2018-02-23 08:07:14,0.08503400,0.03600000
2018-02-23 08:07:15,0.08503400,0.10300000
2018-02-23 08:07:15,0.08503400,0.23700000
2018-02-23 08:07:15,0.08503400,0.29800000
2018-02-23 08:07:15,0.08503400,0.28200000
2018-02-23 08:07:15,0.08503100,0.01600000
2018-02-23 08:07:16,0.08503500,0.03200000
2018-02-23 08:07:16,0.08503500,0.06300000
2018-02-23 08:07:17,0.08503600,0.36800000
2018-02-23 08:07:17,0.08503600,0.00100000
2018-02-23 08:07:18,0.08503500,0.03200000
2018-02-23 08:07:18,0.08503500,0.02700000
2018-02-23 08:07:18,0.08503700,0.18700000
2018-02-23 08:07:19,0.08503700,0.02700000
2018-02-23 08:07:20,0.08503400,0.16300000
2018-02-23 08:07:22,0.08503200,0.02800000
2018-02-23 08:07:22,0.08503200,0.54800000
2018-02-23 08:07:22,0.08503300,0.04700000
2018-02-23 08:07:22,0.08503500,0.01600000
2018-02-23 08:07:22,0.08504300,0.35000000
2018-02-23 08:07:22,0.08504400,0.16000000
2018-02-23 08:07:23,0.08504400,0.10800000
2018-02-23 08:07:24,0.08503600,0.11400000
2018-02-23 08:07:25,0.08503700,0.25200000
2018-02-23 08:07:25,0.08503700,0.25200000
2018-02-23 08:07:26,0.08507300,0.11400000
2018-02-23 08:07:26,0.08507400,0.28600000
2018-02-23 08:07:26,0.08507200,0.39300000
2018-02-23 08:07:26,0.08507400,0.73400000
2018-02-23 08:07:28,0.08506300,0.02000000
2018-02-23 08:07:29,0.08506200,0.11100000
2018-02-23 08:07:29,0.08506300,0.00700000
2018-02-23 08:07:30,0.08506300,0.40000000
2018-02-23 08:07:31,0.08504000,0.03900000
2018-02-23 08:07:31,0.08504000,0.02100000
2018-02-23 08:07:31,0.08504000,0.02100000
2018-02-23 08:07:31,0.08504000,0.02100000
2018-02-23 08:07:32,0.08506300,0.22200000
2018-02-23 08:07:32,0.08508000,0.10000000
2018-02-23 08:07:32,0.08508300,0.10000000
2018-02-23 08:07:33,0.08508800,0.02000000
2018-02-23 08:07:33,0.08509400,1.35300000
2018-02-23 08:07:33,0.08509500,0.39100000
2018-02-23 08:07:34,0.08504200,0.03700000
2018-02-23 08:07:36,0.08504300,0.04700000
2018-02-23 08:07:36,0.08504300,0.04700000
2018-02-23 08:07:36,0.08503400,0.23100000
2018-02-23 08:07:36,0.08503200,0.12200000
2018-02-23 08:07:36,0.08506200,0.01000000
2018-02-23 08:07:38,0.08504600,0.10000000
2018-02-23 08:07:38,0.08503400,1.97800000
2018-02-23 08:07:38,0.08503400,1.26100000
2018-02-23 08:07:38,0.08503400,0.10500000
2018-02-23 08:07:38,0.08503400,1.26700000
2018-02-23 08:07:39,0.08504200,1.15800000
2018-02-23 08:07:41,0.08504200,0.88900000
2018-02-23 08:07:41,0.08504200,0.95300000
2018-02-23 08:07:41,0.08504100,0.00100000
2018-02-23 08:07:42,0.08504100,2.28100000
2018-02-23 08:07:42,0.08504100,0.17000000
2018-02-23 08:07:42,0.08504200,0.01500000
2018-02-23 08:07:42,0.08504100,0.78000000
2018-02-23 08:07:43,0.08504200,0.58800000
2018-02-23 08:07:43,0.08504100,1.76800000
2018-02-23 08:07:43,0.08503400,1.76900000
2018-02-23 08:07:43,0.08503800,0.00200000
2018-02-23 08:07:43,0.08504100,0.17000000
2018-02-23 08:07:43,0.08504200,0.22800000
2018-02-23 08:07:44,0.08504200,0.10500000
2018-02-23 08:07:45,0.08503400,0.80000000
2018-02-23 08:07:45,0.08503200,0.27800000
2018-02-23 08:07:45,0.08501100,0.30100000
2018-02-23 08:07:45,0.08501100,1.25900000
2018-02-23 08:07:45,0.08500900,0.69600000
2018-02-23 08:07:46,0.08500900,0.63100000
2018-02-23 08:07:46,0.08500800,0.21400000
2018-02-23 08:07:46,0.08500800,0.63100000
2018-02-23 08:07:46,0.08500800,0.63100000
2018-02-23 08:07:46,0.08500900,0.10000000
2018-02-23 08:07:46,0.08500800,0.67900000
2018-02-23 08:07:50,0.08503300,0.19800000
2018-02-23 08:07:51,0.08500800,1.69900000
2018-02-23 08:07:52,0.08500800,0.29400000
2018-02-23 08:07:52,0.08500800,0.97900000
2018-02-23 08:07:52,0.08503400,0.03500000
2018-02-23 08:07:52,0.08504100,0.17000000
2018-02-23 08:07:52,0.08504200,0.00300000
2018-02-23 08:07:52,0.08504400,0.04200000
2018-02-23 08:07:52,0.08504600,0.08700000
2018-02-23 08:07:52,0.08506300,1.09200000
2018-02-23 08:07:52,0.08509400,1.05800000
2018-02-23 08:07:52,0.08509500,18.51300000
2018-02-23 08:07:52,0.08500800,0.58500000
2018-02-23 08:07:54,0.08501200,0.25900000
2018-02-23 08:07:54,0.08501200,0.09900000
2018-02-23 08:07:54,0.08501200,0.21800000
2018-02-23 08:07:54,0.08501000,0.59000000
2018-02-23 08:07:54,0.08500900,0.58900000
2018-02-23 08:07:54,0.08506800,0.01100000
2018-02-23 08:07:55,0.08506800,0.18100000
2018-02-23 08:07:55,0.08501200,0.17000000
2018-02-23 08:07:57,0.08501200,0.08200000
2018-02-23 08:07:58,0.08501200,0.28600000
2018-02-23 08:07:58,0.08501200,0.04200000
2018-02-23 08:07:58,0.08501200,0.07200000
2018-02-23 08:07:59,0.08501200,0.03100000
2018-02-23 08:07:59,0.08500900,0.34500000
2018-02-23 08:07:59,0.08500800,1.38600000
2018-02-23 08:07:59,0.08501200,0.05300000
2018-02-23 08:07:59,0.08502900,0.03000000
2018-02-23 08:08:00,0.08501200,0.32700000
2018-02-23 08:08:02,0.08501200,0.17000000
2018-02-23 08:08:03,0.08501200,0.05600000
2018-02-23 08:08:03,0.08501200,0.08300000
2018-02-23 08:08:03,0.08501200,0.29400000
2018-02-23 08:08:03,0.08501200,0.29400000
2018-02-23 08:08:04,0.08501200,0.03800000
2018-02-23 08:08:04,0.08501200,0.09700000
2018-02-23 08:08:04,0.08501200,0.17300000
2018-02-23 08:08:05,0.08501200,0.25700000
2018-02-23 08:08:06,0.08501200,0.80000000
2018-02-23 08:08:07,0.08501200,0.94100000
2018-02-23 08:08:08,0.08501200,0.97000000
2018-02-23 08:08:08,0.08500800,4.11700000
2018-02-23 08:08:08,0.08500700,17.89500000
2018-02-23 08:08:08,0.08501200,5.00000000
2018-02-23 08:08:09,0.08501200,3.39700000
2018-02-23 08:08:09,0.08503000,5.00000000
2018-02-23 08:08:09,0.08503300,0.38400000
2018-02-23 08:08:09,0.08503400,4.35300000
2018-02-23 08:08:09,0.08506700,1.46000000
2018-02-23 08:08:10,0.08500800,0.20000000
2018-02-23 08:08:10,0.08500800,0.13200000
2018-02-23 08:08:10,0.08500800,0.04100000
2018-02-23 08:08:11,0.08501000,0.03900000
2018-02-23 08:08:13,0.08501000,0.05300000
2018-02-23 08:08:16,0.08501200,0.94100000
2018-02-23 08:08:17,0.08501200,0.89000000
2018-02-23 08:08:17,0.08501200,0.57000000
2018-02-23 08:08:17,0.08503900,0.09300000
2018-02-23 08:08:18,0.08501200,0.79800000
2018-02-23 08:08:18,0.08500800,0.93300000
2018-02-23 08:08:18,0.08500800,0.71400000
2018-02-23 08:08:18,0.08500700,0.89000000
2018-02-23 08:08:18,0.08500900,0.20600000
2018-02-23 08:08:19,0.08500700,0.05800000
2018-02-23 08:08:19,0.08500700,1.15700000
2018-02-23 08:08:19,0.08500000,0.02100000
2018-02-23 08:08:20,0.08500000,0.14800000
2018-02-23 08:08:20,0.08500700,0.02000000
2018-02-23 08:08:20,0.08500800,0.00400000
2018-02-23 08:08:21,0.08500000,0.12900000
2018-02-23 08:08:21,0.08500800,0.17900000
2018-02-23 08:08:22,0.08500000,0.40000000
2018-02-23 08:08:23,0.08500000,0.11000000
2018-02-23 08:08:23,0.08500000,0.30300000
2018-02-23 08:08:23,0.08500000,0.05100000
2018-02-23 08:08:26,0.08497800,0.01800000
2018-02-23 08:08:26,0.08497400,0.11000000
2018-02-23 08:08:26,0.08497100,0.08700000
2018-02-23 08:08:26,0.08497000,0.18500000
2018-02-23 08:08:30,0.08497400,0.02000000
2018-02-23 08:08:30,0.08497000,0.01500000
2018-02-23 08:08:30,0.08497000,0.01000000
2018-02-23 08:08:35,0.08498900,0.02700000
2018-02-23 08:08:35,0.08499000,0.03000000
2018-02-23 08:08:35,0.08499600,0.92200000
2018-02-23 08:08:35,0.08497800,0.01500000
2018-02-23 08:08:35,0.08499600,0.01000000
2018-02-23 08:08:38,0.08497800,0.49700000
2018-02-23 08:08:41,0.08499600,0.01500000
2018-02-23 08:08:41,0.08496900,0.03200000
2018-02-23 08:08:42,0.08497000,0.09900000
2018-02-23 08:08:42,0.08497000,0.11400000
2018-02-23 08:08:44,0.08496900,0.03100000
2018-02-23 08:08:44,0.08499600,0.05000000
2018-02-23 08:08:45,0.08497000,0.52000000
2018-02-23 08:08:47,0.08497000,0.10600000
2018-02-23 08:08:47,0.08497000,0.10700000
2018-02-23 08:08:47,0.08497000,0.10600000
2018-02-23 08:08:47,0.08497000,0.38900000
2018-02-23 08:08:47,0.08497000,0.57200000
2018-02-23 08:08:47,0.08497000,0.71300000
2018-02-23 08:08:47,0.08497000,0.71300000
2018-02-23 08:08:47,0.08497000,0.71400000
2018-02-23 08:08:47,0.08497000,1.40000000
2018-02-23 08:08:47,0.08497000,1.39900000
2018-02-23 08:08:47,0.08497000,1.39800000
2018-02-23 08:08:48,0.08497000,0.50000000
2018-02-23 08:08:48,0.08499600,0.02200000
2018-02-23 08:08:48,0.08499900,0.86200000
2018-02-23 08:08:49,0.08498800,0.79700000
2018-02-23 08:08:49,0.08499900,0.07900000
2018-02-23 08:08:49,0.08500000,5.00000000
2018-02-23 08:08:50,0.08500000,0.17600000
2018-02-23 08:08:50,0.08500000,0.16900000
2018-02-23 08:08:50,0.08500000,0.65200000
2018-02-23 08:08:50,0.08500000,0.26400000
2018-02-23 08:08:50,0.08500100,0.02000000
2018-02-23 08:08:50,0.08500000,1.13400000
2018-02-23 08:08:50,0.08500000,25.00000000
2018-02-23 08:08:51,0.08500000,0.16200000
2018-02-23 08:08:51,0.08500000,0.10000000
2018-02-23 08:08:51,0.08500800,0.01700000
2018-02-23 08:08:51,0.08500000,0.06500000
2018-02-23 08:08:51,0.08500800,0.08800000
2018-02-23 08:08:53,0.08500000,0.07300000
2018-02-23 08:08:54,0.08500000,0.35800000
2018-02-23 08:08:55,0.08500800,0.00800000
2018-02-23 08:08:57,0.08500000,0.40000000
2018-02-23 08:08:57,0.08500800,0.01400000
2018-02-23 08:08:59,0.08500800,0.00100000
2018-02-23 08:09:01,0.08500800,0.06500000
2018-02-23 08:09:01,0.08502100,0.40000000
2018-02-23 08:09:03,0.08501900,0.40000000
2018-02-23 08:09:03,0.08503400,0.50100000
2018-02-23 08:09:04,0.08500400,0.03800000
2018-02-23 08:09:05,0.08503300,0.74100000
2018-02-23 08:09:05,0.08503400,0.12000000
2018-02-23 08:09:05,0.08500500,0.13700000
2018-02-23 08:09:07,0.08503400,0.03800000
2018-02-23 08:09:08,0.08503500,0.21200000
2018-02-23 08:09:08,0.08503500,0.00100000
2018-02-23 08:09:08,0.08503900,0.17600000
2018-02-23 08:09:08,0.08504500,0.10000000
2018-02-23 08:09:08,0.08500800,2.74000000
2018-02-23 08:09:08,0.08500700,0.72400000
2018-02-23 08:09:08,0.08500300,0.79100000
2018-02-23 08:09:08,0.08500200,0.23700000
2018-02-23 08:09:08,0.08500100,0.50800000
2018-02-23 08:09:09,0.08504700,0.04200000
2018-02-23 08:09:09,0.08506300,0.07600000
2018-02-23 08:09:09,0.08500900,0.63400000
2018-02-23 08:09:09,0.08504700,0.05300000
2018-02-23 08:09:11,0.08501000,0.01700000
2018-02-23 08:09:11,0.08504600,0.13900000
2018-02-23 08:09:16,0.08501300,0.07900000
2018-02-23 08:09:16,0.08504300,0.07900000
2018-02-23 08:09:16,0.08504400,0.32100000
2018-02-23 08:09:17,0.08504400,0.11800000
2018-02-23 08:09:17,0.08501300,1.60000000
2018-02-23 08:09:17,0.08501300,0.02900000
2018-02-23 08:09:19,0.08503900,0.34000000
2018-02-23 08:09:19,0.08504000,14.27200000
2018-02-23 08:09:20,0.08504000,0.06000000
2018-02-23 08:09:20,0.08504000,0.06000000
2018-02-23 08:09:20,0.08504000,0.06000000
2018-02-23 08:09:20,0.08504000,0.28200000
2018-02-23 08:09:21,0.08502300,0.02400000
2018-02-23 08:09:21,0.08504000,0.97200000
2018-02-23 08:09:22,0.08502300,0.21100000
2018-02-23 08:09:24,0.08503900,0.01800000
2018-02-23 08:09:26,0.08504000,0.29700000
2018-02-23 08:09:27,0.08503900,0.02000000
2018-02-23 08:09:27,0.08503900,0.02000000
2018-02-23 08:09:27,0.08503900,0.02000000
2018-02-23 08:09:27,0.08504000,0.72900000
2018-02-23 08:09:27,0.08503900,0.01100000
2018-02-23 08:09:27,0.08502600,0.01400000
2018-02-23 08:09:27,0.08502300,0.00100000
2018-02-23 08:09:27,0.08501200,0.28000000
2018-02-23 08:09:28,0.08501200,0.47000000
2018-02-23 08:09:28,0.08504000,0.80100000
2018-02-23 08:09:29,0.08501300,0.00900000
2018-02-23 08:09:31,0.08503800,0.02000000
2018-02-23 08:09:31,0.08503900,0.52700000
2018-02-23 08:09:32,0.08503700,0.01400000
2018-02-23 08:09:33,0.08501400,0.02800000
2018-02-23 08:09:33,0.08503700,0.16300000
2018-02-23 08:09:33,0.08503900,0.08800000
2018-02-23 08:09:33,0.08501400,0.23100000
2018-02-23 08:09:33,0.08500300,0.24400000
2018-02-23 08:09:33,0.08500300,0.05400000
2018-02-23 08:09:33,0.08500300,0.09500000
2018-02-23 08:09:40,0.08501500,0.10100000
2018-02-23 08:09:40,0.08503800,0.71900000
2018-02-23 08:09:43,0.08500700,0.11200000
2018-02-23 08:09:43,0.08500700,0.39000000
2018-02-23 08:09:43,0.08500700,0.00200000
2018-02-23 08:09:43,0.08500600,0.39000000
2018-02-23 08:09:43,0.08500600,0.16500000
2018-02-23 08:09:43,0.08500600,0.16500000
2018-02-23 08:09:43,0.08500600,0.02100000
2018-02-23 08:09:43,0.08500400,0.14400000
2018-02-23 08:09:44,0.08500400,0.58900000
2018-02-23 08:09:44,0.08500400,0.02000000
2018-02-23 08:09:44,0.08500400,0.09900000
2018-02-23 08:09:44,0.08500400,0.25300000
2018-02-23 08:09:44,0.08500300,0.48700000
2018-02-23 08:09:45,0.08500600,0.13200000
2018-02-23 08:09:45,0.08500700,0.27800000
2018-02-23 08:09:45,0.08500700,0.07300000
2018-02-23 08:09:45,0.08500300,0.22600000
2018-02-23 08:09:45,0.08500300,0.15600000
2018-02-23 08:09:47,0.08500700,0.03900000
2018-02-23 08:09:47,0.08500300,0.89100000
2018-02-23 08:09:47,0.08500300,0.73800000
2018-02-23 08:09:48,0.08500300,0.58900000
2018-02-23 08:09:48,0.08500300,0.60100000
2018-02-23 08:09:49,0.08500300,0.89100000
2018-02-23 08:09:49,0.08500300,0.55900000
2018-02-23 08:09:50,0.08500000,0.35600000
2018-02-23 08:09:50,0.08500000,0.89100000
2018-02-23 08:09:50,0.08500000,0.11500000
2018-02-23 08:09:52,0.08500700,0.22500000
2018-02-23 08:09:54,0.08503300,0.02500000
2018-02-23 08:09:55,0.08500700,0.03500000
2018-02-23 08:09:55,0.08503300,0.14100000
2018-02-23 08:09:56,0.08503300,0.11800000
2018-02-23 08:09:57,0.08500700,0.15400000
2018-02-23 08:09:58,0.08500700,0.04300000
2018-02-23 08:10:02,0.08502600,0.18800000
2018-02-23 08:10:02,0.08502700,0.21200000
2018-02-23 08:10:02,0.08500200,0.10000000
2018-02-23 08:10:02,0.08502700,0.11800000
2018-02-23 08:10:03,0.08500400,0.07700000
2018-02-23 08:10:13,0.08500300,0.74300000
2018-02-23 08:10:13,0.08500300,0.42400000
2018-02-23 08:10:13,0.08500300,0.10100000
2018-02-23 08:10:13,0.08500300,0.37600000
2018-02-23 08:10:13,0.08500200,0.03500000
2018-02-23 08:10:14,0.08500200,0.29000000
2018-02-23 08:10:14,0.08500200,0.74300000
2018-02-23 08:10:16,0.08500200,0.36100000
2018-02-23 08:10:16,0.08500300,0.80000000
2018-02-23 08:10:17,0.08500300,0.34900000
2018-02-23 08:10:17,0.08502700,0.39300000
2018-02-23 08:10:17,0.08503200,0.01400000
2018-02-23 08:10:17,0.08503400,0.18100000
2018-02-23 08:10:19,0.08500700,0.05200000
2018-02-23 08:10:19,0.08500700,0.04700000
2018-02-23 08:10:20,0.08503300,0.11800000
2018-02-23 08:10:21,0.08503300,0.40000000
2018-02-23 08:10:21,0.08500700,0.04700000
2018-02-23 08:10:23,0.08500700,1.96200000
2018-02-23 08:10:23,0.08500700,1.12700000
2018-02-23 08:10:23,0.08500700,1.98900000
2018-02-23 08:10:23,0.08500700,0.31200000
2018-02-23 08:10:23,0.08500500,0.17800000
2018-02-23 08:10:24,0.08500700,0.04700000
2018-02-23 08:10:24,0.08500700,1.17700000
2018-02-23 08:10:25,0.08503300,0.11800000
2018-02-23 08:10:25,0.08503300,0.07500000
2018-02-23 08:10:26,0.08500700,0.61500000
2018-02-23 08:10:27,0.08503300,0.11800000
2018-02-23 08:10:27,0.08503300,0.40000000
2018-02-23 08:10:27,0.08503300,0.40000000
2018-02-23 08:10:27,0.08500700,0.05200000
2018-02-23 08:10:32,0.08503400,0.24400000
2018-02-23 08:10:33,0.08503400,0.40000000
2018-02-23 08:10:34,0.08503400,0.03500000
2018-02-23 08:10:35,0.08500800,0.01900000
2018-02-23 08:10:35,0.08500800,0.01900000
2018-02-23 08:10:35,0.08500800,0.05400000
2018-02-23 08:10:36,0.08500800,0.01400000
2018-02-23 08:10:36,0.08500800,0.39800000
2018-02-23 08:10:36,0.08500800,0.01400000
2018-02-23 08:10:36,0.08500800,0.14400000
2018-02-23 08:10:37,0.08503400,0.89400000
2018-02-23 08:10:37,0.08500800,1.16000000
2018-02-23 08:10:37,0.08500800,0.00200000
2018-02-23 08:10:37,0.08500800,0.26400000
2018-02-23 08:10:37,0.08500800,0.29600000
2018-02-23 08:10:39,0.08500800,0.01400000
2018-02-23 08:10:39,0.08500900,0.01400000
2018-02-23 08:10:40,0.08500900,0.04200000
2018-02-23 08:10:42,0.08500900,0.11000000
2018-02-23 08:10:42,0.08500800,0.87500000
2018-02-23 08:10:44,0.08500800,0.08200000
2018-02-23 08:10:47,0.08500800,0.11700000
2018-02-23 08:10:47,0.08503300,0.40100000
2018-02-23 08:10:47,0.08503400,0.16300000
2018-02-23 08:10:47,0.08503500,0.68300000
2018-02-23 08:10:47,0.08504000,2.46100000
2018-02-23 08:10:47,0.08504500,0.04700000
2018-02-23 08:10:47,0.08505000,0.13000000
2018-02-23 08:10:47,0.08506300,0.00800000
2018-02-23 08:10:47,0.08509300,0.24800000
2018-02-23 08:10:47,0.08509400,0.62200000
2018-02-23 08:10:47,0.08505000,0.13000000
2018-02-23 08:10:47,0.08509300,0.05000000
2018-02-23 08:10:47,0.08509400,0.70500000
2018-02-23 08:10:47,0.08509500,1.75300000
2018-02-23 08:10:49,0.08501100,0.02000000
2018-02-23 08:10:49,0.08501100,0.02000000
2018-02-23 08:10:49,0.08501100,0.02000000
2018-02-23 08:10:49,0.08501000,0.11700000
2018-02-23 08:10:49,0.08501000,0.11700000
2018-02-23 08:10:49,0.08501100,0.53200000
2018-02-23 08:10:49,0.08501200,1.56200000
2018-02-23 08:10:49,0.08501200,0.04700000
2018-02-23 08:10:49,0.08501200,0.09900000
2018-02-23 08:10:49,0.08501000,0.24800000
2018-02-23 08:10:49,0.08501000,0.06200000
2018-02-23 08:10:49,0.08500900,1.57000000
2018-02-23 08:10:49,0.08500700,0.84900000
2018-02-23 08:10:50,0.08500700,0.76900000
2018-02-23 08:10:50,0.08500700,0.68500000
2018-02-23 08:10:50,0.08501200,0.13200000
2018-02-23 08:10:52,0.08500900,0.02000000
2018-02-23 08:10:52,0.08500800,1.57700000
2018-02-23 08:10:55,0.08501200,0.01700000
2018-02-23 08:10:55,0.08503600,0.31000000
2018-02-23 08:10:55,0.08503700,0.07300000
2018-02-23 08:10:56,0.08503700,0.02600000
2018-02-23 08:10:56,0.08504800,0.09200000
2018-02-23 08:10:57,0.08504600,0.35600000
2018-02-23 08:10:57,0.08501000,0.00700000
2018-02-23 08:11:00,0.08501200,0.40900000
2018-02-23 08:11:03,0.08501200,0.28000000
2018-02-23 08:11:04,0.08504100,0.09900000
2018-02-23 08:11:04,0.08504300,1.29700000
2018-02-23 08:11:04,0.08504000,0.03500000
2018-02-23 08:11:05,0.08501200,0.22300000
2018-02-23 08:11:05,0.08501200,0.24600000
2018-02-23 08:11:07,0.08501300,0.09900000
2018-02-23 08:11:07,0.08501200,0.02400000
2018-02-23 08:11:07,0.08501200,0.02400000
2018-02-23 08:11:09,0.08501200,0.11800000
2018-02-23 08:11:09,0.08501100,0.02900000
2018-02-23 08:11:09,0.08501000,0.09100000
2018-02-23 08:11:10,0.08501000,0.43300000
2018-02-23 08:11:10,0.08501000,1.15500000
2018-02-23 08:11:11,0.08501000,0.45000000
2018-02-23 08:11:13,0.08503000,0.42100000
2018-02-23 08:11:13,0.08503000,0.24700000
2018-02-23 08:11:13,0.08503400,0.17700000
2018-02-23 08:11:13,0.08503000,0.17600000
2018-02-23 08:11:13,0.08503400,0.00100000
2018-02-23 08:11:13,0.08503000,0.00100000
2018-02-23 08:11:13,0.08501000,0.00600000
2018-02-23 08:11:14,0.08503400,0.05700000
2018-02-23 08:11:15,0.08501100,0.12200000
2018-02-23 08:11:16,0.08501000,0.43500000
2018-02-23 08:11:16,0.08501000,0.24100000
2018-02-23 08:11:16,0.08501000,0.24100000
2018-02-23 08:11:18,0.08501000,0.00100000
2018-02-23 08:11:20,0.08501000,0.00600000
2018-02-23 08:11:20,0.08501000,0.17700000
2018-02-23 08:11:21,0.08501100,0.67100000
2018-02-23 08:11:25,0.08501000,0.17400000
2018-02-23 08:11:25,0.08501000,0.00600000
2018-02-23 08:11:25,0.08501000,0.66600000
2018-02-23 08:11:25,0.08500900,0.38000000
2018-02-23 08:11:25,0.08500900,0.03000000
2018-02-23 08:11:26,0.08502500,0.05000000
2018-02-23 08:11:26,0.08500900,0.03700000
2018-02-23 08:11:26,0.08500900,0.89000000
2018-02-23 08:11:26,0.08500900,0.29700000
2018-02-23 08:11:26,0.08500900,0.36200000
2018-02-23 08:11:26,0.08500900,0.02000000
2018-02-23 08:11:26,0.08500800,2.11900000
2018-02-23 08:11:27,0.08500900,0.02000000
2018-02-23 08:11:28,0.08500800,0.13000000
2018-02-23 08:11:28,0.08500800,0.27600000
2018-02-23 08:11:30,0.08500900,0.40000000
2018-02-23 08:11:31,0.08500800,0.63700000
2018-02-23 08:11:31,0.08500800,1.17200000
2018-02-23 08:11:31,0.08500800,0.50600000
2018-02-23 08:11:32,0.08500800,0.50600000
2018-02-23 08:11:32,0.08500900,0.24000000
2018-02-23 08:11:33,0.08500900,0.00900000
2018-02-23 08:11:35,0.08500900,0.02300000
2018-02-23 08:11:35,0.08500900,0.13500000
2018-02-23 08:11:35,0.08500800,1.17600000
2018-02-23 08:11:38,0.08500900,0.24000000
2018-02-23 08:11:40,0.08500800,8.00000000
2018-02-23 08:11:40,0.08500800,0.26800000
2018-02-23 08:11:40,0.08500900,0.02400000
2018-02-23 08:11:42,0.08500800,1.45600000
2018-02-23 08:11:42,0.08500800,0.04200000
2018-02-23 08:11:42,0.08500800,0.04200000
2018-02-23 08:11:42,0.08500800,0.06500000
2018-02-23 08:11:43,0.08500900,0.17000000
2018-02-23 08:11:44,0.08500800,1.96700000
2018-02-23 08:11:44,0.08500800,0.25500000
2018-02-23 08:11:46,0.08500800,0.07400000
2018-02-23 08:11:49,0.08500800,0.45200000
2018-02-23 08:11:52,0.08500800,1.19900000
2018-02-23 08:11:53,0.08500900,0.01400000
2018-02-23 08:11:53,0.08500800,0.15000000
2018-02-23 08:11:53,0.08500900,0.19700000
2018-02-23 08:11:53,0.08500800,3.72500000
2018-02-23 08:11:53,0.08500900,0.89000000
2018-02-23 08:11:54,0.08500900,0.35200000
2018-02-23 08:11:54,0.08500900,0.33300000
2018-02-23 08:11:54,0.08500900,0.23500000
2018-02-23 08:11:54,0.08500900,0.18900000
2018-02-23 08:11:54,0.08500900,0.15000000
2018-02-23 08:11:55,0.08500900,0.27300000
2018-02-23 08:11:56,0.08500800,0.89000000
2018-02-23 08:11:56,0.08500900,0.79700000
2018-02-23 08:11:57,0.08500800,0.08000000
2018-02-23 08:11:58,0.08500900,0.11800000
2018-02-23 08:11:58,0.08500900,0.09900000
2018-02-23 08:12:01,0.08500800,0.11200000
2018-02-23 08:12:03,0.08500900,1.00000000
2018-02-23 08:12:03,0.08500800,0.73700000
2018-02-23 08:12:05,0.08500800,1.90200000
2018-02-23 08:12:05,0.08500800,0.40000000
2018-02-23 08:12:05,0.08500800,0.04700000
2018-02-23 08:12:05,0.08500800,0.04000000
2018-02-23 08:12:05,0.08500900,0.17000000
2018-02-23 08:12:06,0.08500800,1.94100000
2018-02-23 08:12:06,0.08500800,1.15700000
2018-02-23 08:12:06,0.08500800,0.93300000
2018-02-23 08:12:06,0.08500900,0.01200000
2018-02-23 08:12:08,0.08500900,0.11800000
2018-02-23 08:12:08,0.08500800,0.15800000
2018-02-23 08:12:10,0.08500800,0.46400000
2018-02-23 08:12:10,0.08500900,0.17000000
2018-02-23 08:12:12,0.08500800,0.95400000
2018-02-23 08:12:16,0.08500900,0.22700000
2018-02-23 08:12:16,0.08500900,0.17000000
2018-02-23 08:12:17,0.08500800,0.42000000
2018-02-23 08:12:18,0.08500900,0.11800000
2018-02-23 08:12:19,0.08500900,0.01800000
2018-02-23 08:12:19,0.08500800,0.11800000
2018-02-23 08:12:21,0.08500800,0.04200000
2018-02-23 08:12:22,0.08500800,0.00400000
2018-02-23 08:12:22,0.08500800,0.00700000
2018-02-23 08:12:23,0.08500800,0.02200000
2018-02-23 08:12:23,0.08500800,0.02600000
2018-02-23 08:12:23,0.08500800,0.06600000
2018-02-23 08:12:24,0.08500900,0.30300000
2018-02-23 08:12:24,0.08500900,0.30400000
2018-02-23 08:12:24,0.08500800,0.43000000
2018-02-23 08:12:24,0.08500800,3.07000000
2018-02-23 08:12:25,0.08500900,0.12400000
2018-02-23 08:12:26,0.08500900,0.85800000
2018-02-23 08:12:26,0.08500900,0.12500000
2018-02-23 08:12:26,0.08500900,0.58800000
2018-02-23 08:12:26,0.08500900,0.11800000
2018-02-23 08:12:26,0.08500900,0.05700000
2018-02-23 08:12:26,0.08500900,0.05700000
2018-02-23 08:12:26,0.08500900,0.05700000
2018-02-23 08:12:26,0.08500900,0.05700000
2018-02-23 08:12:26,0.08500900,0.05700000
2018-02-23 08:12:26,0.08500900,0.05700000
2018-02-23 08:12:26,0.08500900,0.05700000
2018-02-23 08:12:28,0.08500900,0.39200000
2018-02-23 08:12:29,0.08500800,1.12600000
2018-02-23 08:12:29,0.08500800,0.26000000
2018-02-23 08:12:31,0.08500700,0.59700000
2018-02-23 08:12:31,0.08500700,0.57700000
2018-02-23 08:12:31,0.08500800,0.01100000
2018-02-23 08:12:31,0.08500800,0.19000000
2018-02-23 08:12:32,0.08500800,0.06500000
2018-02-23 08:12:32,0.08500500,1.66600000
2018-02-23 08:12:32,0.08500500,0.14600000
2018-02-23 08:12:32,0.08500800,0.40000000
2018-02-23 08:12:33,0.08500500,0.62400000
2018-02-23 08:12:34,0.08500800,0.40000000
2018-02-23 08:12:34,0.08500800,0.40000000
2018-02-23 08:12:34,0.08500800,0.41100000
2018-02-23 08:12:34,0.08500800,0.06600000
2018-02-23 08:12:35,0.08500800,0.58800000
2018-02-23 08:12:35,0.08500500,0.89800000
2018-02-23 08:12:35,0.08500400,9.16200000
2018-02-23 08:12:36,0.08500800,0.40000000
2018-02-23 08:12:37,0.08500800,0.91000000
2018-02-23 08:12:38,0.08500800,0.40000000
2018-02-23 08:12:38,0.08500400,0.02000000
2018-02-23 08:12:39,0.08500500,0.04800000
2018-02-23 08:12:39,0.08500800,0.33600000
2018-02-23 08:12:39,0.08501000,0.25200000
2018-02-23 08:12:39,0.08500900,0.17500000
2018-02-23 08:12:40,0.08501000,0.14700000
2018-02-23 08:12:40,0.08503400,0.04000000
2018-02-23 08:12:40,0.08503500,0.09900000
2018-02-23 08:12:40,0.08504000,0.11400000
2018-02-23 08:12:40,0.08504000,0.40000000
2018-02-23 08:12:41,0.08501100,0.03700000
2018-02-23 08:12:44,0.08501100,0.10800000
2018-02-23 08:12:45,0.08503500,0.58800000
2018-02-23 08:12:47,0.08502300,0.11900000
2018-02-23 08:12:47,0.08502300,0.01200000
2018-02-23 08:12:47,0.08502300,0.25800000
2018-02-23 08:12:48,0.08502300,0.60100000
2018-02-23 08:12:48,0.08502100,0.02900000
2018-02-23 08:12:48,0.08502100,0.18900000
2018-02-23 08:12:48,0.08502100,0.10100000
2018-02-23 08:12:49,0.08503400,0.03900000
2018-02-23 08:12:51,0.08503200,0.12200000
2018-02-23 08:12:51,0.08503200,0.16100000
2018-02-23 08:12:51,0.08503200,0.16100000
2018-02-23 08:12:51,0.08503200,0.89000000
2018-02-23 08:12:52,0.08503200,0.40000000
2018-02-23 08:12:52,0.08503200,0.23200000
2018-02-23 08:12:53,0.08503200,0.36800000
2018-02-23 08:12:53,0.08503300,0.10000000
2018-02-23 08:12:53,0.08504000,0.05300000
2018-02-23 08:12:53,0.08504000,0.08700000
2018-02-23 08:12:54,0.08503200,0.24900000
2018-02-23 08:12:54,0.08503100,0.00100000
2018-02-23 08:12:56,0.08504000,0.35200000
2018-02-23 08:12:56,0.08504000,0.18900000
2018-02-23 08:12:56,0.08504000,0.18900000
2018-02-23 08:12:56,0.08504000,0.77100000
2018-02-23 08:12:56,0.08504600,0.09900000
2018-02-23 08:12:57,0.08503200,0.04600000
2018-02-23 08:12:57,0.08503200,0.10400000
2018-02-23 08:12:57,0.08503100,0.15600000
2018-02-23 08:12:58,0.08503200,0.10800000
2018-02-23 08:12:58,0.08504400,0.24700000
2018-02-23 08:12:59,0.08504400,0.58800000
2018-02-23 08:13:01,0.08503100,0.26100000
2018-02-23 08:13:01,0.08504300,0.04700000
2018-02-23 08:13:01,0.08504400,0.15500000
2018-02-23 08:13:01,0.08504600,0.38600000
2018-02-23 08:13:01,0.08503100,0.02000000
2018-02-23 08:13:01,0.08503100,4.65700000
2018-02-23 08:13:01,0.08502400,0.28300000
2018-02-23 08:13:03,0.08504600,0.27200000
2018-02-23 08:13:04,0.08504600,0.00100000
2018-02-23 08:13:04,0.08504800,0.09800000
2018-02-23 08:13:05,0.08504800,0.11800000
2018-02-23 08:13:05,0.08503300,0.23700000
2018-02-23 08:13:05,0.08503200,0.11500000
2018-02-23 08:13:05,0.08502400,0.55700000
2018-02-23 08:13:06,0.08502400,0.26100000
2018-02-23 08:13:06,0.08504300,0.08100000
2018-02-23 08:13:06,0.08502400,0.01900000
2018-02-23 08:13:07,0.08504800,0.01800000
2018-02-23 08:13:07,0.08505500,0.02500000
2018-02-23 08:13:07,0.08508200,0.10000000
2018-02-23 08:13:07,0.08508700,0.44500000
2018-02-23 08:13:07,0.08502400,0.06200000
2018-02-23 08:13:08,0.08503900,0.36900000
2018-02-23 08:13:09,0.08502500,0.26100000
2018-02-23 08:13:10,0.08502500,0.09900000
2018-02-23 08:13:10,0.08502400,0.01900000
2018-02-23 08:13:10,0.08502100,0.14300000
2018-02-23 08:13:10,0.08504400,0.02000000
2018-02-23 08:13:10,0.08504500,0.38000000
2018-02-23 08:13:13,0.08504500,0.40000000
2018-02-23 08:13:15,0.08504500,0.04300000
2018-02-23 08:13:15,0.08504500,0.79900000
2018-02-23 08:13:15,0.08503500,0.04700000
2018-02-23 08:13:15,0.08503500,0.10000000
2018-02-23 08:13:16,0.08503500,0.04800000
2018-02-23 08:13:16,0.08503500,0.04700000
2018-02-23 08:13:16,0.08503500,0.04800000
2018-02-23 08:13:16,0.08503500,0.04700000
2018-02-23 08:13:17,0.08504500,0.85900000
2018-02-23 08:13:17,0.08504500,0.72100000
2018-02-23 08:13:17,0.08504500,0.02300000
2018-02-23 08:13:17,0.08504400,0.01600000
2018-02-23 08:13:18,0.08504400,0.35700000
2018-02-23 08:13:18,0.08504400,0.11800000
2018-02-23 08:13:19,0.08503500,0.60000000
2018-02-23 08:13:20,0.08503500,0.03800000
2018-02-23 08:13:22,0.08503500,0.05100000
2018-02-23 08:13:22,0.08503100,0.10000000
2018-02-23 08:13:22,0.08502200,0.88300000
2018-02-23 08:13:22,0.08504400,0.72400000
2018-02-23 08:13:22,0.08504400,0.00100000
2018-02-23 08:13:22,0.08504500,2.56500000
2018-02-23 08:13:22,0.08504500,2.56600000
2018-02-23 08:13:22,0.08504500,1.17100000
2018-02-23 08:13:23,0.08504500,0.00100000
2018-02-23 08:13:23,0.08504700,0.09900000
2018-02-23 08:13:23,0.08504800,1.28400000
2018-02-23 08:13:23,0.08504800,0.55000000
2018-02-23 08:13:23,0.08504800,0.07700000
2018-02-23 08:13:23,0.08504800,0.35200000
2018-02-23 08:13:23,0.08504800,0.05300000
2018-02-23 08:13:23,0.08504800,0.07600000
2018-02-23 08:13:23,0.08504800,0.04800000
2018-02-23 08:13:23,0.08504800,0.05300000
2018-02-23 08:13:23,0.08504800,0.02300000
2018-02-23 08:13:24,0.08503900,0.13300000
2018-02-23 08:13:25,0.08503900,0.02500000
2018-02-23 08:13:26,0.08503900,0.12600000
2018-02-23 08:13:26,0.08503900,0.11700000
2018-02-23 08:13:28,0.08503900,0.14900000
2018-02-23 08:13:28,0.08503900,0.29300000
2018-02-23 08:13:28,0.08504800,0.08000000
2018-02-23 08:13:28,0.08504800,0.22700000
2018-02-23 08:13:28,0.08504800,0.22700000
2018-02-23 08:13:28,0.08504800,0.22700000
2018-02-23 08:13:28,0.08504800,0.38900000
2018-02-23 08:13:28,0.08504800,0.21700000
2018-02-23 08:13:28,0.08504800,0.12500000
2018-02-23 08:13:30,0.08504800,0.58700000
2018-02-23 08:13:30,0.08504800,0.09100000
2018-02-23 08:13:30,0.08504000,0.06100000
2018-02-23 08:13:30,0.08503800,0.10100000
2018-02-23 08:13:30,0.08503600,0.13400000
2018-02-23 08:13:30,0.08504800,0.31400000
2018-02-23 08:13:30,0.08507700,0.03300000
2018-02-23 08:13:30,0.08508500,0.05300000
2018-02-23 08:13:30,0.08503800,0.09400000
2018-02-23 08:13:31,0.08503700,0.09500000
2018-02-23 08:13:31,0.08503600,0.00100000
2018-02-23 08:13:31,0.08503600,0.08700000
2018-02-23 08:13:31,0.08508000,0.02400000
2018-02-23 08:13:32,0.08503800,0.18700000
2018-02-23 08:13:32,0.08507900,0.09900000
2018-02-23 08:13:32,0.08508000,0.01900000
2018-02-23 08:13:33,0.08503800,1.03100000
2018-02-23 08:13:33,0.08503900,0.24300000
2018-02-23 08:13:33,0.08503900,0.67600000
2018-02-23 08:13:33,0.08508000,0.01500000
2018-02-23 08:13:33,0.08508500,0.05700000
2018-02-23 08:13:33,0.08508600,0.09000000
2018-02-23 08:13:33,0.08508600,0.08600000
2018-02-23 08:13:33,0.08508700,0.02000000
2018-02-23 08:13:34,0.08508500,0.32800000
2018-02-23 08:13:34,0.08509000,0.35600000
2018-02-23 08:13:34,0.08509200,0.11700000
2018-02-23 08:13:34,0.08504000,0.00900000
2018-02-23 08:13:34,0.08508500,0.02000000
2018-02-23 08:13:34,0.08509200,0.04300000
2018-02-23 08:13:34,0.08509300,0.33700000
2018-02-23 08:13:35,0.08508400,0.07900000
2018-02-23 08:13:36,0.08508400,0.03500000
2018-02-23 08:13:36,0.08508400,0.02000000
2018-02-23 08:13:36,0.08509100,0.56800000
2018-02-23 08:13:37,0.08508400,0.04300000
2018-02-23 08:13:37,0.08509100,0.35700000
2018-02-23 08:13:37,0.08508400,0.02000000
2018-02-23 08:13:37,0.08508400,0.02000000
2018-02-23 08:13:37,0.08509100,0.19700000
2018-02-23 08:13:37,0.08508400,0.02000000
2018-02-23 08:13:37,0.08504400,0.05000000
2018-02-23 08:13:38,0.08509100,0.09600000
2018-02-23 08:13:38,0.08509300,0.19100000
2018-02-23 08:13:40,0.08508300,0.10100000
2018-02-23 08:13:41,0.08509200,0.05000000
2018-02-23 08:13:41,0.08509300,0.07400000
2018-02-23 08:13:41,0.08509400,1.32900000
2018-02-23 08:13:41,0.08509500,0.51300000
2018-02-23 08:13:41,0.08509200,0.02000000
2018-02-23 08:13:41,0.08509500,0.56300000
2018-02-23 08:13:41,0.08509500,2.28100000
2018-02-23 08:13:41,0.08509200,0.02000000
2018-02-23 08:13:41,0.08509500,2.90200000
2018-02-23 08:13:41,0.08509500,0.94000000
2018-02-23 08:13:41,0.08509600,0.13000000
2018-02-23 08:13:41,0.08510000,0.23600000
2018-02-23 08:13:41,0.08510500,0.11600000
2018-02-23 08:13:41,0.08510800,0.19000000
2018-02-23 08:13:41,0.08510900,0.20000000
2018-02-23 08:13:41,0.08511900,0.35500000
2018-02-23 08:13:41,0.08512000,0.58700000
2018-02-23 08:13:41,0.08512900,0.35500000
2018-02-23 08:13:41,0.08514100,0.01400000
2018-02-23 08:13:41,0.08514400,0.06900000
2018-02-23 08:13:41,0.08514800,0.35900000
2018-02-23 08:13:41,0.08516500,0.35400000
2018-02-23 08:13:41,0.08516800,0.35500000
2018-02-23 08:13:41,0.08518900,0.05600000
2018-02-23 08:13:41,0.08519000,0.40200000
2018-02-23 08:13:41,0.08519000,0.75200000
2018-02-23 08:13:41,0.08520000,0.42300000
2018-02-23 08:13:41,0.08522000,0.05400000
2018-02-23 08:13:41,0.08523000,1.21000000
2018-02-23 08:13:41,0.08525000,1.69400000
2018-02-23 08:13:41,0.08520000,0.03000000
2018-02-23 08:13:41,0.08520000,0.02000000
2018-02-23 08:13:41,0.08520000,0.10000000
2018-02-23 08:13:41,0.08520000,0.03000000
2018-02-23 08:13:41,0.08520000,0.15900000
2018-02-23 08:13:41,0.08520000,0.03000000
2018-02-23 08:13:41,0.08520000,0.02000000
2018-02-23 08:13:41,0.08520000,0.03000000
2018-02-23 08:13:41,0.08520000,0.07400000
2018-02-23 08:13:41,0.08520000,0.00700000
2018-02-23 08:13:41,0.08509800,0.06300000
2018-02-23 08:13:41,0.08509800,0.29400000
2018-02-23 08:13:45,0.08506100,0.03500000
2018-02-23 08:13:46,0.08517000,0.01900000
2018-02-23 08:13:46,0.08517000,0.04700000
2018-02-23 08:13:48,0.08507200,0.47000000
2018-02-23 08:13:52,0.08516400,0.40000000
2018-02-23 08:13:53,0.08508300,0.26200000
2018-02-23 08:13:58,0.08510000,0.59100000
2018-02-23 08:13:58,0.08510000,0.01500000
2018-02-23 08:13:58,0.08516000,0.09900000
2018-02-23 08:13:58,0.08510100,0.04200000
2018-02-23 08:13:59,0.08515900,0.04200000
2018-02-23 08:13:59,0.08516000,0.35800000
2018-02-23 08:14:00,0.08510400,0.01100000
2018-02-23 08:14:01,0.08511000,0.29600000
2018-02-23 08:14:01,0.08515800,0.07900000
2018-02-23 08:14:01,0.08515900,0.19800000
2018-02-23 08:14:01,0.08516000,0.27900000
2018-02-23 08:14:01,0.08516200,0.13000000
2018-02-23 08:14:01,0.08516400,0.35600000
2018-02-23 08:14:02,0.08511000,0.05000000
2018-02-23 08:14:03,0.08511100,0.12500000
2018-02-23 08:14:03,0.08511100,0.08100000
2018-02-23 08:14:04,0.08511200,0.05000000
2018-02-23 08:14:05,0.08511400,0.09900000
2018-02-23 08:14:06,0.08515700,0.59200000
2018-02-23 08:14:06,0.08515800,0.11500000
2018-02-23 08:14:06,0.08515800,4.84400000
2018-02-23 08:14:06,0.08516000,0.35000000
2018-02-23 08:14:06,0.08516100,0.10000000
2018-02-23 08:14:06,0.08516200,0.12200000
2018-02-23 08:14:06,0.08516400,0.04400000
2018-02-23 08:14:06,0.08516500,0.23500000
2018-02-23 08:14:06,0.08517100,0.17000000
2018-02-23 08:14:06,0.08517500,0.02000000
2018-02-23 08:14:06,0.08519900,1.15700000
2018-02-23 08:14:06,0.08511400,0.26900000
2018-02-23 08:14:07,0.08511600,0.91600000
2018-02-23 08:14:08,0.08511700,0.73700000
2018-02-23 08:14:09,0.08515500,0.09900000
2018-02-23 08:14:09,0.08515600,0.26900000
2018-02-23 08:14:09,0.08519900,0.06800000
2018-02-23 08:14:09,0.08515400,0.39900000
2018-02-23 08:14:10,0.08512000,0.85900000
2018-02-23 08:14:10,0.08511900,0.29100000
2018-02-23 08:14:10,0.08511700,0.56800000
2018-02-23 08:14:10,0.08512000,0.15000000
2018-02-23 08:14:10,0.08511700,0.09900000
2018-02-23 08:14:10,0.08511700,0.02000000
2018-02-23 08:14:10,0.08511700,0.03000000
2018-02-23 08:14:10,0.08511700,0.03000000
2018-02-23 08:14:10,0.08511700,0.02000000
2018-02-23 08:14:10,0.08511700,0.10000000
2018-02-23 08:14:10,0.08511700,0.03000000
2018-02-23 08:14:10,0.08511700,0.03000000
2018-02-23 08:14:10,0.08511600,0.30700000
2018-02-23 08:14:10,0.08510000,0.02000000
2018-02-23 08:14:10,0.08508300,0.24600000
2018-02-23 08:14:10,0.08511700,0.02000000
2018-02-23 08:14:10,0.08511700,0.03000000
2018-02-23 08:14:10,0.08511700,0.02000000
2018-02-23 08:14:10,0.08511700,0.03000000
2018-02-23 08:14:10,0.08511600,0.03000000
2018-02-23 08:14:10,0.08508300,0.25900000
2018-02-23 08:14:10,0.08511600,0.03000000
2018-02-23 08:14:10,0.08511600,0.10000000
2018-02-23 08:14:10,0.08511600,0.02000000
2018-02-23 08:14:10,0.08511600,0.10000000
2018-02-23 08:14:10,0.08508300,0.03300000
2018-02-23 08:14:10,0.08508200,0.23400000
2018-02-23 08:14:10,0.08508100,3.49800000
2018-02-23 08:14:10,0.08511600,0.02000000
2018-02-23 08:14:10,0.08511600,0.00700000
2018-02-23 08:14:10,0.08511700,0.01300000
2018-02-23 08:14:10,0.08508100,1.50200000
2018-02-23 08:14:10,0.08505000,0.00100000
2018-02-23 08:14:10,0.08511700,0.10500000
2018-02-23 08:14:10,0.08505000,0.59900000
2018-02-23 08:14:10,0.08504800,0.90400000
2018-02-23 08:14:10,0.08508100,0.89300000
2018-02-23 08:14:10,0.08511700,0.75500000
2018-02-23 08:14:10,0.08512000,0.20200000
2018-02-23 08:14:10,0.08512100,0.10100000
2018-02-23 08:14:10,0.08515400,0.33800000
2018-02-23 08:14:10,0.08515700,0.40000000
2018-02-23 08:14:10,0.08516300,0.04200000
2018-02-23 08:14:10,0.08516400,0.26900000
2018-02-23 08:14:10,0.08516400,0.02900000
2018-02-23 08:14:10,0.08516400,0.93700000
2018-02-23 08:14:10,0.08516400,0.89200000
2018-02-23 08:14:10,0.08516400,0.05200000
2018-02-23 08:14:10,0.08516400,0.15400000
2018-02-23 08:14:10,0.08516400,0.13800000
2018-02-23 08:14:10,0.08516400,0.33500000
2018-02-23 08:14:11,0.08516400,6.74900000
2018-02-23 08:14:11,0.08515700,0.59000000
2018-02-23 08:14:11,0.08515700,0.22000000
2018-02-23 08:14:11,0.08515700,0.56800000
2018-02-23 08:14:11,0.08515700,0.75100000
2018-02-23 08:14:11,0.08515700,0.14500000
2018-02-23 08:14:11,0.08516100,0.02000000
2018-02-23 08:14:11,0.08516100,0.02000000
2018-02-23 08:14:11,0.08516100,0.02000000
2018-02-23 08:14:11,0.08516100,0.02000000
2018-02-23 08:14:11,0.08516100,0.02000000
2018-02-23 08:14:12,0.08515700,0.00400000
2018-02-23 08:14:12,0.08515700,1.00100000
2018-02-23 08:14:12,0.08516100,0.01400000
2018-02-23 08:14:12,0.08515700,0.21000000
2018-02-23 08:14:12,0.08515700,0.04900000
2018-02-23 08:14:12,0.08515700,0.41600000
2018-02-23 08:14:17,0.08515100,0.09900000
2018-02-23 08:14:17,0.08515200,0.28900000
2018-02-23 08:14:18,0.08512200,0.08100000
2018-02-23 08:14:19,0.08512300,0.05000000
2018-02-23 08:14:20,0.08515100,0.08100000
2018-02-23 08:14:20,0.08515200,0.00900000
2018-02-23 08:14:20,0.08512300,0.04400000
2018-02-23 08:14:20,0.08515200,0.59500000
2018-02-23 08:14:20,0.08515400,0.04900000
2018-02-23 08:14:20,0.08516100,0.41000000
2018-02-23 08:14:20,0.08512000,0.02800000
2018-02-23 08:14:20,0.08512000,0.49100000
2018-02-23 08:14:20,0.08512000,0.02800000
2018-02-23 08:14:20,0.08512000,0.03000000
2018-02-23 08:14:21,0.08512000,0.03500000
2018-02-23 08:14:21,0.08512000,0.08100000
2018-02-23 08:14:23,0.08512200,0.01100000
2018-02-23 08:14:23,0.08512300,0.04900000
2018-02-23 08:14:23,0.08515200,0.35100000
2018-02-23 08:14:25,0.08515100,0.28100000
2018-02-23 08:14:27,0.08512300,0.09900000
2018-02-23 08:14:29,0.08515000,0.02500000
2018-02-23 08:14:29,0.08515000,0.07400000
2018-02-23 08:14:29,0.08515200,0.21600000
2018-02-23 08:14:29,0.08515200,0.71000000
2018-02-23 08:14:29,0.08512400,0.09900000
2018-02-23 08:14:29,0.08512300,0.02900000
2018-02-23 08:14:29,0.08512200,0.03500000
2018-02-23 08:14:29,0.08512000,0.05100000
2018-02-23 08:14:29,0.08512000,0.56300000
2018-02-23 08:14:29,0.08512000,0.31300000
2018-02-23 08:14:30,0.08512200,0.01400000
2018-02-23 08:14:31,0.08512300,0.09000000
2018-02-23 08:14:31,0.08515100,0.09900000
2018-02-23 08:14:31,0.08515200,0.06500000
2018-02-23 08:14:31,0.08517100,0.01500000
2018-02-23 08:14:31,0.08517500,0.57200000
2018-02-23 08:14:32,0.08512200,0.21700000
2018-02-23 08:14:32,0.08512200,0.58800000
2018-02-23 08:14:32,0.08512200,0.96500000
2018-02-23 08:14:32,0.08512000,0.08800000
2018-02-23 08:14:33,0.08512400,0.09900000
2018-02-23 08:14:33,0.08512300,0.20100000
2018-02-23 08:14:33,0.08512300,0.29300000
2018-02-23 08:14:33,0.08515000,0.09000000
2018-02-23 08:14:33,0.08515100,0.40000000
2018-02-23 08:14:33,0.08517400,0.04600000
2018-02-23 08:14:33,0.08517500,2.14600000
2018-02-23 08:14:33,0.08512300,0.03400000
2018-02-23 08:14:34,0.08512000,0.42200000
2018-02-23 08:14:34,0.08512400,0.04500000
2018-02-23 08:14:37,0.08512400,0.07200000
2018-02-23 08:14:37,0.08512400,1.09100000
2018-02-23 08:14:39,0.08512500,0.89200000
2018-02-23 08:14:39,0.08512500,2.09200000
2018-02-23 08:14:39,0.08512400,2.39700000
2018-02-23 08:14:39,0.08512400,1.12000000
2018-02-23 08:14:40,0.08512400,0.01400000
2018-02-23 08:14:41,0.08512400,1.20900000
2018-02-23 08:14:43,0.08512500,0.02500000
2018-02-23 08:14:44,0.08512400,0.01300000
2018-02-23 08:14:45,0.08512500,0.19700000
2018-02-23 08:14:45,0.08517000,0.60300000
2018-02-23 08:14:47,0.08512500,0.01600000
2018-02-23 08:14:47,0.08512500,0.08300000
2018-02-23 08:14:47,0.08512400,0.01600000
2018-02-23 08:14:48,0.08515800,0.40000000
2018-02-23 08:14:49,0.08512500,0.39900000
2018-02-23 08:14:49,0.08512500,0.00100000
2018-02-23 08:14:49,0.08512400,0.10000000
2018-02-23 08:14:49,0.08512400,0.26600000
2018-02-23 08:14:49,0.08512400,0.11700000
2018-02-23 08:14:49,0.08512400,0.12400000
2018-02-23 08:14:49,0.08512400,0.14900000
2018-02-23 08:14:49,0.08512500,0.40000000
2018-02-23 08:14:50,0.08512500,0.16200000
2018-02-23 08:14:51,0.08512400,0.01800000
2018-02-23 08:14:51,0.08512400,0.12500000
2018-02-23 08:14:51,0.08512400,0.01400000
2018-02-23 08:14:51,0.08512400,0.12500000
2018-02-23 08:14:51,0.08512400,0.80600000
2018-02-23 08:14:51,0.08512400,0.87700000
2018-02-23 08:14:51,0.08512400,7.65100000
2018-02-23 08:14:51,0.08512300,0.12500000
2018-02-23 08:14:53,0.08512300,0.09000000
2018-02-23 08:14:53,0.08512000,2.64100000
2018-02-23 08:14:53,0.08512000,0.15000000
2018-02-23 08:14:53,0.08512000,0.54200000
2018-02-23 08:14:53,0.08512000,0.35700000
2018-02-23 08:14:53,0.08512000,0.35700000
2018-02-23 08:14:54,0.08512000,1.17600000
2018-02-23 08:14:56,0.08512000,0.35400000
2018-02-23 08:14:56,0.08512500,0.04200000
2018-02-23 08:14:56,0.08515600,0.07600000
2018-02-23 08:15:00,0.08512100,0.43300000
2018-02-23 08:15:01,0.08512000,9.00000000
2018-02-23 08:15:02,0.08512500,0.68700000
2018-02-23 08:15:03,0.08512500,0.41700000
2018-02-23 08:15:03,0.08512500,3.08000000
2018-02-23 08:15:05,0.08512600,0.60500000
2018-02-23 08:15:05,0.08512600,0.00100000
2018-02-23 08:15:05,0.08512600,2.34900000
2018-02-23 08:15:06,0.08512600,0.12000000
2018-02-23 08:15:06,0.08512600,3.09000000
2018-02-23 08:15:06,0.08514900,0.02300000
2018-02-23 08:15:06,0.08515000,0.22800000
2018-02-23 08:15:07,0.08512500,0.09000000
2018-02-23 08:15:08,0.08514100,0.00100000
2018-02-23 08:15:11,0.08512600,0.15200000
2018-02-23 08:15:12,0.08512700,0.71400000
2018-02-23 08:15:14,0.08512700,1.00500000
2018-02-23 08:15:14,0.08512700,0.00100000
2018-02-23 08:15:14,0.08512600,0.71300000
2018-02-23 08:15:14,0.08512600,0.08800000
2018-02-23 08:15:15,0.08512600,0.01900000
2018-02-23 08:15:15,0.08514500,0.01300000
2018-02-23 08:15:15,0.08514800,0.23900000
2018-02-23 08:15:15,0.08512600,1.17700000
2018-02-23 08:15:16,0.08512600,0.18900000
2018-02-23 08:15:16,0.08512600,0.05000000
2018-02-23 08:15:17,0.08512600,0.16200000
2018-02-23 08:15:19,0.08512900,0.01400000
2018-02-23 08:15:20,0.08512900,0.88300000
2018-02-23 08:15:20,0.08514500,0.14300000
2018-02-23 08:15:20,0.08515000,0.65700000
2018-02-23 08:15:20,0.08512900,0.05000000
2018-02-23 08:15:21,0.08513000,0.08400000
2018-02-23 08:15:21,0.08513000,0.05000000
2018-02-23 08:15:23,0.08515000,1.12700000
2018-02-23 08:15:24,0.08516900,0.02000000
2018-02-23 08:15:24,0.08517000,0.98000000
2018-02-23 08:15:24,0.08516800,0.13600000
2018-02-23 08:15:24,0.08516900,0.02000000
2018-02-23 08:15:24,0.08518500,0.09600000
2018-02-23 08:15:26,0.08516500,0.01400000
2018-02-23 08:15:26,0.08516500,0.37900000
2018-02-23 08:15:26,0.08516600,0.12800000
2018-02-23 08:15:26,0.08516900,1.27300000
2018-02-23 08:15:26,0.08516900,0.28600000
2018-02-23 08:15:26,0.08516900,0.11000000
2018-02-23 08:15:26,0.08518500,0.24000000
2018-02-23 08:15:27,0.08516900,0.33400000
2018-02-23 08:15:27,0.08516900,0.61100000
2018-02-23 08:15:27,0.08518500,0.01800000
2018-02-23 08:15:27,0.08519800,0.04700000
2018-02-23 08:15:27,0.08519900,0.11100000
2018-02-23 08:15:27,0.08516900,0.05800000
2018-02-23 08:15:29,0.08513600,0.15600000
2018-02-23 08:15:29,0.08513400,0.04700000
2018-02-23 08:15:31,0.08515600,0.21200000
2018-02-23 08:15:33,0.08513600,0.00100000
2018-02-23 08:15:34,0.08513600,0.01900000
2018-02-23 08:15:34,0.08513400,0.48200000
2018-02-23 08:15:34,0.08513400,0.15000000
2018-02-23 08:15:34,0.08513400,0.15000000
2018-02-23 08:15:34,0.08513400,0.15000000
2018-02-23 08:15:34,0.08513400,0.46900000
2018-02-23 08:15:35,0.08513400,0.01400000
2018-02-23 08:15:35,0.08513400,0.03800000
2018-02-23 08:15:35,0.08513400,0.04700000
2018-02-23 08:15:37,0.08513600,0.45300000
2018-02-23 08:15:38,0.08513600,1.02700000
2018-02-23 08:15:38,0.08513600,0.04600000
2018-02-23 08:15:44,0.08514600,0.08100000
2018-02-23 08:15:44,0.08514600,0.00100000
2018-02-23 08:15:44,0.08514600,0.01000000
2018-02-23 08:15:45,0.08516500,0.11700000
2018-02-23 08:15:45,0.08514600,0.15800000
2018-02-23 08:15:45,0.08516500,0.01900000
2018-02-23 08:15:45,0.08516600,0.23400000
2018-02-23 08:15:46,0.08516600,0.06000000
2018-02-23 08:15:46,0.08516600,0.00900000
2018-02-23 08:15:47,0.08514600,0.02800000
2018-02-23 08:15:49,0.08514700,0.09900000
2018-02-23 08:15:49,0.08514700,0.85000000
2018-02-23 08:15:51,0.08516500,0.03900000
2018-02-23 08:15:51,0.08514700,0.01500000
2018-02-23 08:15:51,0.08514600,0.05000000
2018-02-23 08:15:52,0.08514700,0.35300000
2018-02-23 08:15:52,0.08514700,0.37800000
2018-02-23 08:15:53,0.08514700,0.16000000
2018-02-23 08:15:55,0.08516500,7.76400000
2018-02-23 08:15:55,0.08516600,4.87300000
2018-02-23 08:15:55,0.08516600,0.67200000
2018-02-23 08:15:55,0.08516600,0.48400000
2018-02-23 08:15:55,0.08516600,0.87100000
2018-02-23 08:15:56,0.08516600,0.04000000
2018-02-23 08:15:57,0.08516800,0.11700000
2018-02-23 08:15:57,0.08516800,0.04100000
2018-02-23 08:15:57,0.08516800,0.11700000
2018-02-23 08:15:57,0.08516800,0.04100000
2018-02-23 08:15:57,0.08516800,0.04100000
2018-02-23 08:15:57,0.08516900,0.09500000
2018-02-23 08:15:58,0.08516900,0.04100000
2018-02-23 08:15:58,0.08519600,0.00100000
2018-02-23 08:15:58,0.08516700,0.03000000
2018-02-23 08:16:00,0.08519400,0.13000000
2018-02-23 08:16:00,0.08516900,0.10500000
2018-02-23 08:16:00,0.08516900,0.04600000
2018-02-23 08:16:01,0.08516900,0.10000000
2018-02-23 08:16:01,0.08516900,2.19500000
2018-02-23 08:16:01,0.08516800,0.54100000
2018-02-23 08:16:01,0.08516600,5.66300000
2018-02-23 08:16:01,0.08514900,1.78300000
2018-02-23 08:16:01,0.08514700,0.81800000
2018-02-23 08:16:01,0.08514700,0.07600000
2018-02-23 08:16:02,0.08514700,1.14300000
2018-02-23 08:16:04,0.08516900,0.15000000
2018-02-23 08:16:05,0.08519000,0.40000000
2018-02-23 08:16:09,0.08516900,0.38900000
2018-02-23 08:16:13,0.08516900,0.44000000
2018-02-23 08:16:14,0.08516900,0.05200000
2018-02-23 08:16:14,0.08516900,0.04800000
2018-02-23 08:16:15,0.08518400,1.88200000
2018-02-23 08:16:15,0.08518500,0.35700000
2018-02-23 08:16:15,0.08518800,3.87000000
2018-02-23 08:16:15,0.08518800,0.43400000
2018-02-23 08:16:15,0.08518800,2.28900000
2018-02-23 08:16:15,0.08518800,0.67800000
2018-02-23 08:16:15,0.08518800,0.31000000
2018-02-23 08:16:15,0.08518800,2.31500000
2018-02-23 08:16:16,0.08518800,0.40000000
2018-02-23 08:16:16,0.08518800,0.06200000
2018-02-23 08:16:17,0.08518900,0.09900000
2018-02-23 08:16:17,0.08518900,0.05400000
2018-02-23 08:16:18,0.08518900,0.35000000
2018-02-23 08:16:18,0.08519000,0.03100000
2018-02-23 08:16:18,0.08519000,0.03500000
2018-02-23 08:16:18,0.08519000,0.21300000
2018-02-23 08:16:20,0.08518900,0.24000000
2018-02-23 08:16:20,0.08519000,0.22500000
2018-02-23 08:16:20,0.08519000,0.23500000
2018-02-23 08:16:20,0.08519000,0.12000000
2018-02-23 08:16:22,0.08519700,0.01300000
2018-02-23 08:16:22,0.08519000,0.04600000
2018-02-23 08:16:22,0.08519000,0.34000000
2018-02-23 08:16:24,0.08519000,0.52600000
2018-02-23 08:16:24,0.08519000,0.18400000
2018-02-23 08:16:24,0.08518900,0.03600000
2018-02-23 08:16:25,0.08519100,0.09500000
2018-02-23 08:16:25,0.08519500,0.07000000
2018-02-23 08:16:25,0.08518900,0.00600000
2018-02-23 08:16:25,0.08518900,0.06000000
2018-02-23 08:16:25,0.08518900,0.06000000
2018-02-23 08:16:25,0.08518900,0.23700000
2018-02-23 08:16:27,0.08518900,0.01400000
2018-02-23 08:16:27,0.08519400,0.25300000
2018-02-23 08:16:27,0.08518900,0.21000000
2018-02-23 08:16:27,0.08518900,0.45700000
2018-02-23 08:16:27,0.08518800,0.21800000
2018-02-23 08:16:27,0.08518800,1.69200000
2018-02-23 08:16:27,0.08518800,1.69200000
2018-02-23 08:16:27,0.08518800,3.38100000
2018-02-23 08:16:27,0.08518800,0.63300000
2018-02-23 08:16:27,0.08517000,2.95100000
2018-02-23 08:16:27,0.08516900,0.45900000
2018-02-23 08:16:27,0.08516900,5.76600000
2018-02-23 08:16:27,0.08516700,0.01600000
2018-02-23 08:16:27,0.08515000,0.14000000
2018-02-23 08:16:27,0.08514600,0.54900000
2018-02-23 08:16:27,0.08513600,0.27400000
2018-02-23 08:16:27,0.08513000,0.11000000
2018-02-23 08:16:27,0.08512900,1.78100000
2018-02-23 08:16:27,0.08512800,1.45300000
2018-02-23 08:16:27,0.08512800,2.72700000
2018-02-23 08:16:27,0.08512600,0.60700000
2018-02-23 08:16:27,0.08512500,5.12500000
2018-02-23 08:16:28,0.08518800,0.25800000
2018-02-23 08:16:28,0.08518900,0.14200000
2018-02-23 08:16:28,0.08518900,0.06800000
2018-02-23 08:16:28,0.08519400,0.51900000
2018-02-23 08:16:29,0.08513100,0.05200000
2018-02-23 08:16:30,0.08513100,0.35800000
2018-02-23 08:16:30,0.08513200,0.03700000
2018-02-23 08:16:31,0.08519300,0.11300000
2018-02-23 08:16:32,0.08513400,0.03100000
2018-02-23 08:16:33,0.08513500,0.00700000
2018-02-23 08:16:33,0.08514000,0.01300000
2018-02-23 08:16:33,0.08514000,0.25700000
2018-02-23 08:16:34,0.08513500,0.06200000
2018-02-23 08:16:34,0.08513500,0.01000000
2018-02-23 08:16:34,0.08518900,0.40000000
2018-02-23 08:16:34,0.08513600,0.00100000
2018-02-23 08:16:35,0.08514000,0.06200000
2018-02-23 08:16:36,0.08518900,0.67000000
2018-02-23 08:16:36,0.08514100,0.02100000
2018-02-23 08:16:36,0.08514100,0.18500000
2018-02-23 08:16:36,0.08514100,0.25400000
2018-02-23 08:16:37,0.08514100,0.09900000
2018-02-23 08:16:37,0.08514300,0.21200000
2018-02-23 08:16:37,0.08514200,0.96600000
2018-02-23 08:16:39,0.08517800,0.11600000
2018-02-23 08:16:39,0.08517900,0.68400000
2018-02-23 08:16:41,0.08514500,0.11900000
2018-02-23 08:16:41,0.08514400,0.00600000
2018-02-23 08:16:41,0.08514500,0.08100000
2018-02-23 08:16:41,0.08517700,0.01800000
2018-02-23 08:16:41,0.08514400,0.09400000
2018-02-23 08:16:42,0.08514400,0.21500000
2018-02-23 08:16:42,0.08514500,0.09900000
2018-02-23 08:16:42,0.08514400,0.20000000
2018-02-23 08:16:43,0.08514400,0.13100000
2018-02-23 08:16:43,0.08514400,0.25000000
2018-02-23 08:16:43,0.08514400,0.05300000
2018-02-23 08:16:44,0.08516900,0.49200000
2018-02-23 08:16:44,0.08516900,0.76800000
2018-02-23 08:16:44,0.08516900,0.49200000
2018-02-23 08:16:44,0.08516900,0.04900000
2018-02-23 08:16:44,0.08517000,0.33000000
2018-02-23 08:16:44,0.08517400,0.11200000
2018-02-23 08:16:45,0.08516900,0.04900000
2018-02-23 08:16:45,0.08514200,0.48500000
2018-02-23 08:16:45,0.08514200,0.23600000
2018-02-23 08:16:45,0.08514200,0.87400000
2018-02-23 08:16:45,0.08514200,0.15300000
2018-02-23 08:16:47,0.08516800,0.38000000
2018-02-23 08:16:48,0.08516800,0.00500000
2018-02-23 08:16:52,0.08514400,0.21100000
2018-02-23 08:16:53,0.08514400,0.18100000
2018-02-23 08:16:54,0.08516800,0.14800000
2018-02-23 08:16:54,0.08517400,0.14100000
2018-02-23 08:16:54,0.08518500,0.29800000
2018-02-23 08:16:55,0.08518400,0.30300000
2018-02-23 08:16:55,0.08518500,0.12400000
2018-02-23 08:16:55,0.08516000,0.30100000
2018-02-23 08:16:55,0.08516000,4.82200000
2018-02-23 08:16:55,0.08518500,0.57500000
2018-02-23 08:16:55,0.08518800,0.02000000
2018-02-23 08:16:55,0.08519100,0.02000000
2018-02-23 08:16:55,0.08519100,0.02000000
2018-02-23 08:16:55,0.08519100,0.02000000
2018-02-23 08:16:55,0.08519100,0.02000000
2018-02-23 08:16:56,0.08519100,0.02000000
2018-02-23 08:16:56,0.08519100,0.02000000
2018-02-23 08:16:56,0.08519100,0.02000000
2018-02-23 08:16:56,0.08519100,0.02000000
2018-02-23 08:16:56,0.08519400,0.15400000
2018-02-23 08:16:56,0.08519500,0.54500000
2018-02-23 08:16:56,0.08519100,0.02000000
2018-02-23 08:16:56,0.08519100,0.02000000
2018-02-23 08:16:56,0.08519100,0.09900000
2018-02-23 08:16:56,0.08519100,0.40000000
2018-02-23 08:16:57,0.08519100,1.56900000
2018-02-23 08:16:57,0.08519200,0.01500000
2018-02-23 08:16:57,0.08519200,0.08400000
2018-02-23 08:16:57,0.08519100,0.22500000
2018-02-23 08:16:57,0.08519500,0.05000000
2018-02-23 08:16:57,0.08519100,0.71600000
2018-02-23 08:16:58,0.08519500,0.05000000
2018-02-23 08:16:58,0.08519500,0.25400000
2018-02-23 08:16:58,0.08519700,0.04600000
2018-02-23 08:16:58,0.08519100,0.28000000
2018-02-23 08:16:59,0.08519100,0.09900000
2018-02-23 08:16:59,0.08519100,0.31100000
2018-02-23 08:17:01,0.08519100,0.28000000
2018-02-23 08:17:01,0.08519700,0.05000000
2018-02-23 08:17:01,0.08519700,0.41500000
2018-02-23 08:17:01,0.08520000,0.38500000
2018-02-23 08:17:01,0.08519100,0.44200000
2018-02-23 08:17:01,0.08520000,0.05000000
2018-02-23 08:17:02,0.08520000,0.30000000
2018-02-23 08:17:02,0.08520000,0.05000000
2018-02-23 08:17:02,0.08520000,0.04600000
2018-02-23 08:17:03,0.08520000,0.24700000
2018-02-23 08:17:03,0.08519200,0.04000000
2018-02-23 08:17:03,0.08520000,0.03300000
2018-02-23 08:17:03,0.08522600,0.07000000
2018-02-23 08:17:03,0.08519200,0.08100000
2018-02-23 08:17:03,0.08519300,0.09200000
2018-02-23 08:17:04,0.08522500,0.01000000
2018-02-23 08:17:04,0.08522500,0.07200000
2018-02-23 08:17:04,0.08522500,0.06400000
2018-02-23 08:17:04,0.08522600,0.46100000
2018-02-23 08:17:04,0.08522900,0.10000000
2018-02-23 08:17:04,0.08523400,0.01800000
2018-02-23 08:17:04,0.08519400,0.08900000
2018-02-23 08:17:05,0.08519400,0.06100000
2018-02-23 08:17:05,0.08519300,0.39400000
2018-02-23 08:17:05,0.08519300,1.29900000
2018-02-23 08:17:05,0.08519400,0.02000000
2018-02-23 08:17:05,0.08519300,0.14400000
2018-02-23 08:17:05,0.08519300,0.13200000
2018-02-23 08:17:05,0.08522500,0.05000000
2018-02-23 08:17:05,0.08522500,0.05000000
2018-02-23 08:17:05,0.08519400,0.02000000
2018-02-23 08:17:05,0.08519300,0.02700000
2018-02-23 08:17:05,0.08519400,0.02000000
2018-02-23 08:17:05,0.08519300,0.07000000
2018-02-23 08:17:05,0.08522500,0.04700000
2018-02-23 08:17:07,0.08519600,0.09900000
2018-02-23 08:17:07,0.08520500,0.02100000
2018-02-23 08:17:07,0.08520500,0.05000000
2018-02-23 08:17:08,0.08520500,0.09900000
2018-02-23 08:17:08,0.08522300,0.49600000
2018-02-23 08:17:08,0.08522400,1.52200000
2018-02-23 08:17:08,0.08523400,0.01700000
2018-02-23 08:17:08,0.08524500,0.00900000
2018-02-23 08:17:08,0.08522500,0.07200000
2018-02-23 08:17:08,0.08522500,0.07200000
2018-02-23 08:17:08,0.08522500,0.46900000
2018-02-23 08:17:08,0.08522500,0.14300000
2018-02-23 08:17:09,0.08522500,0.17500000
2018-02-23 08:17:09,0.08522500,0.17600000
2018-02-23 08:17:09,0.08522500,0.09900000
2018-02-23 08:17:09,0.08524400,0.23400000
2018-02-23 08:17:09,0.08524500,0.01900000
2018-02-23 08:17:10,0.08522500,0.03000000
2018-02-23 08:17:10,0.08522500,0.13800000
2018-02-23 08:17:11,0.08522600,0.04700000
2018-02-23 08:17:11,0.08522500,0.05000000
2018-02-23 08:17:11,0.08522500,0.05100000
2018-02-23 08:17:11,0.08524500,0.00100000
2018-02-23 08:17:11,0.08524600,0.79900000
2018-02-23 08:17:12,0.08522500,0.05700000
2018-02-23 08:17:12,0.08521500,0.06000000
2018-02-23 08:17:12,0.08521600,0.01400000
2018-02-23 08:17:12,0.08522500,0.06000000
2018-02-23 08:17:12,0.08520800,0.02000000
2018-02-23 08:17:12,0.08520700,0.05200000
2018-02-23 08:17:13,0.08520700,0.03100000
2018-02-23 08:17:13,0.08520800,0.02000000
2018-02-23 08:17:13,0.08520800,0.02000000
2018-02-23 08:17:13,0.08520800,0.00800000
2018-02-23 08:17:13,0.08522500,0.03300000
2018-02-23 08:17:13,0.08523400,0.36700000
2018-02-23 08:17:13,0.08520600,0.10300000
2018-02-23 08:17:14,0.08520600,0.05900000
2018-02-23 08:17:14,0.08520700,0.02000000
2018-02-23 08:17:14,0.08520600,0.08300000
2018-02-23 08:17:15,0.08520800,0.04700000
2018-02-23 08:17:15,0.08523400,0.03300000
2018-02-23 08:17:15,0.08524300,0.08300000
2018-02-23 08:17:15,0.08524400,0.42400000
2018-02-23 08:17:15,0.08524400,0.40000000
2018-02-23 08:17:15,0.08520800,0.05000000
2018-02-23 08:17:15,0.08520800,0.02900000
2018-02-23 08:17:16,0.08520800,0.05200000
2018-02-23 08:17:16,0.08522000,0.10700000
2018-02-23 08:17:16,0.08522000,0.10500000
2018-02-23 08:17:16,0.08524300,0.03700000
2018-02-23 08:17:17,0.08522000,0.02000000
2018-02-23 08:17:17,0.08522000,0.16800000
2018-02-23 08:17:17,0.08520900,0.18000000
2018-02-23 08:17:17,0.08524300,0.40000000
2018-02-23 08:17:17,0.08521000,0.02000000
2018-02-23 08:17:17,0.08520900,0.09000000
2018-02-23 08:17:19,0.08521900,0.01500000
2018-02-23 08:17:19,0.08521800,0.03200000
2018-02-23 08:17:19,0.08524100,0.05000000
2018-02-23 08:17:19,0.08521800,0.00100000
2018-02-23 08:17:20,0.08521800,0.09900000
2018-02-23 08:17:20,0.08524100,0.05000000
2018-02-23 08:17:20,0.08521800,0.08500000
2018-02-23 08:17:21,0.08521800,0.14000000
2018-02-23 08:17:21,0.08521800,0.38700000
2018-02-23 08:17:21,0.08521800,0.04700000
2018-02-23 08:17:21,0.08524000,0.05100000
2018-02-23 08:17:22,0.08524000,0.09500000
2018-02-23 08:17:22,0.08524100,0.20500000
2018-02-23 08:17:23,0.08524100,0.01700000
2018-02-23 08:17:23,0.08524200,0.10000000
2018-02-23 08:17:23,0.08521800,0.04900000
2018-02-23 08:17:23,0.08524100,0.40000000
2018-02-23 08:17:23,0.08524200,0.12000000
2018-02-23 08:17:23,0.08521200,0.08300000
2018-02-23 08:17:24,0.08524200,0.05000000
2018-02-23 08:17:24,0.08524500,1.15000000
2018-02-23 08:17:25,0.08524400,0.11700000
2018-02-23 08:17:25,0.08521300,0.27600000
2018-02-23 08:17:25,0.08521300,0.22600000
2018-02-23 08:17:25,0.08521300,0.11800000
2018-02-23 08:17:25,0.08521300,0.16100000
2018-02-23 08:17:26,0.08521300,0.11200000
2018-02-23 08:17:26,0.08521300,0.03600000
2018-02-23 08:17:26,0.08521200,0.11100000
2018-02-23 08:17:27,0.08521300,0.04400000
2018-02-23 08:17:27,0.08521300,0.06300000
2018-02-23 08:17:27,0.08524200,0.49500000
2018-02-23 08:17:27,0.08524300,0.02200000
2018-02-23 08:17:27,0.08524400,0.08300000
2018-02-23 08:17:27,0.08524500,0.07800000
2018-02-23 08:17:28,0.08521100,0.01000000
2018-02-23 08:17:28,0.08521100,0.00100000
2018-02-23 08:17:29,0.08521200,0.09100000
2018-02-23 08:17:29,0.08521200,0.02200000
2018-02-23 08:17:29,0.08522000,0.04700000
2018-02-23 08:17:31,0.08524500,0.22300000
2018-02-23 08:17:31,0.08524500,0.02900000
2018-02-23 08:17:31,0.08524500,1.28200000
2018-02-23 08:17:31,0.08524500,2.16500000
2018-02-23 08:17:31,0.08524600,0.11700000
2018-02-23 08:17:32,0.08524500,0.01400000
2018-02-23 08:17:33,0.08524500,0.04700000
2018-02-23 08:17:33,0.08524600,0.46800000
2018-02-23 08:17:34,0.08524600,0.01500000
2018-02-23 08:17:34,0.08524600,0.01500000
2018-02-23 08:17:34,0.08524600,0.01500000
2018-02-23 08:17:34,0.08524600,0.46800000
2018-02-23 08:17:34,0.08524600,0.11200000
2018-02-23 08:17:34,0.08524800,0.23100000
2018-02-23 08:17:34,0.08524900,0.05600000
2018-02-23 08:17:35,0.08524900,0.25800000
2018-02-23 08:17:35,0.08524500,0.29700000
2018-02-23 08:17:35,0.08524500,0.02800000
2018-02-23 08:17:35,0.08524500,0.04900000
2018-02-23 08:17:36,0.08524900,0.15600000
2018-02-23 08:17:36,0.08525000,1.72900000
2018-02-23 08:17:36,0.08524500,0.04700000
2018-02-23 08:17:36,0.08524500,1.07700000
2018-02-23 08:17:37,0.08524500,1.17300000
2018-02-23 08:17:37,0.08525000,2.42200000
2018-02-23 08:17:37,0.08524500,0.01700000
2018-02-23 08:17:37,0.08524500,1.07400000
2018-02-23 08:17:38,0.08524500,0.10100000
2018-02-23 08:17:38,0.08525000,0.01100000
2018-02-23 08:17:39,0.08524500,0.08100000
2018-02-23 08:17:39,0.08524500,0.47600000
2018-02-23 08:17:40,0.08524500,0.08200000
2018-02-23 08:17:40,0.08524500,0.08300000
2018-02-23 08:17:40,0.08524500,0.08200000
2018-02-23 08:17:40,0.08524500,0.12900000
2018-02-23 08:17:40,0.08524500,0.27200000
2018-02-23 08:17:40,0.08524500,0.89200000
2018-02-23 08:17:41,0.08524500,0.44200000
2018-02-23 08:17:41,0.08522200,0.89200000
2018-02-23 08:17:41,0.08522200,0.33600000
2018-02-23 08:17:41,0.08522100,0.63500000
2018-02-23 08:17:41,0.08524500,0.08300000
2018-02-23 08:17:41,0.08524500,0.04600000
2018-02-23 08:17:41,0.08522100,0.34800000
2018-02-23 08:17:41,0.08522100,0.00800000
2018-02-23 08:17:41,0.08524200,0.04600000
2018-02-23 08:17:41,0.08525000,0.06800000
2018-02-23 08:17:42,0.08525000,0.01400000
2018-02-23 08:17:42,0.08522200,0.71500000
2018-02-23 08:17:44,0.08522400,0.00700000
2018-02-23 08:17:45,0.08524900,0.40000000
2018-02-23 08:17:45,0.08524900,0.50700000
2018-02-23 08:17:45,0.08525000,0.49300000
2018-02-23 08:17:45,0.08522400,0.04400000
2018-02-23 08:17:47,0.08522500,0.03100000
2018-02-23 08:17:47,0.08522500,0.24800000
2018-02-23 08:17:47,0.08522500,0.04700000
2018-02-23 08:17:47,0.08522500,0.03100000
2018-02-23 08:17:48,0.08522500,0.25600000
2018-02-23 08:17:49,0.08522400,0.04800000
2018-02-23 08:17:49,0.08522400,0.04800000
2018-02-23 08:17:49,0.08522400,0.08000000
2018-02-23 08:17:50,0.08522500,0.01200000
2018-02-23 08:17:50,0.08522500,0.00100000
2018-02-23 08:17:51,0.08522500,0.50000000
2018-02-23 08:17:52,0.08522500,0.04600000
2018-02-23 08:17:53,0.08522500,0.50000000
2018-02-23 08:17:53,0.08522500,0.32100000
2018-02-23 08:17:54,0.08524800,0.01200000
2018-02-23 08:17:54,0.08525000,0.38800000
2018-02-23 08:17:55,0.08522500,0.50000000
2018-02-23 08:17:56,0.08525000,0.40000000
2018-02-23 08:17:57,0.08522500,0.05000000
2018-02-23 08:17:57,0.08522500,0.58600000
2018-02-23 08:17:57,0.08522500,0.06700000
2018-02-23 08:17:57,0.08522500,0.07500000
2018-02-23 08:17:58,0.08525000,0.05000000
2018-02-23 08:17:58,0.08522500,0.31000000
2018-02-23 08:17:58,0.08525000,0.34800000
2018-02-23 08:17:58,0.08525000,0.14100000
2018-02-23 08:17:58,0.08525000,0.05000000
2018-02-23 08:17:58,0.08522500,0.01600000
2018-02-23 08:17:58,0.08522500,0.01000000
2018-02-23 08:17:58,0.08522500,1.20000000
2018-02-23 08:17:58,0.08525000,0.15900000
2018-02-23 08:17:58,0.08525000,0.45300000
2018-02-23 08:17:59,0.08522500,0.09000000
2018-02-23 08:18:00,0.08525000,0.05000000
2018-02-23 08:18:00,0.08525000,0.14700000
2018-02-23 08:18:00,0.08525000,0.20300000
2018-02-23 08:18:01,0.08522800,0.06000000
2018-02-23 08:18:02,0.08525000,0.40000000
2018-02-23 08:18:02,0.08525000,0.13300000
2018-02-23 08:18:02,0.08525000,0.45200000
2018-02-23 08:18:03,0.08523500,0.05000000
2018-02-23 08:18:03,0.08523500,0.18700000
2018-02-23 08:18:04,0.08523500,0.06800000
2018-02-23 08:18:04,0.08523500,0.06900000
2018-02-23 08:18:04,0.08522800,0.00800000
2018-02-23 08:18:04,0.08522800,0.03400000
2018-02-23 08:18:04,0.08525000,0.32200000
2018-02-23 08:18:04,0.08525400,0.07800000
2018-02-23 08:18:05,0.08522800,0.05000000
2018-02-23 08:18:05,0.08522800,0.04700000
2018-02-23 08:18:06,0.08522800,0.03000000
2018-02-23 08:18:06,0.08525400,0.05000000
2018-02-23 08:18:06,0.08525400,0.05000000
2018-02-23 08:18:06,0.08525400,0.53400000
2018-02-23 08:18:06,0.08525800,0.10100000
2018-02-23 08:18:06,0.08525800,0.30000000
