DATE,PRICE,VOLUME
2018-02-26 19:00:00,0.08446300,0.01600000
2018-02-26 19:00:00,0.08446300,0.01600000
2018-02-26 19:00:00,0.08455900,0.04000000
2018-02-26 19:00:00,0.08446400,0.11900000
2018-02-26 19:00:00,0.08446400,0.02000000
2018-02-26 19:00:00,0.08455800,0.02100000
2018-02-26 19:00:01,0.08455800,0.01200000
2018-02-26 19:00:02,0.08446600,0.16900000
2018-02-26 19:00:02,0.08446600,0.15000000
2018-02-26 19:00:02,0.08446600,0.02300000
2018-02-26 19:00:02,0.08455700,0.02000000
2018-02-26 19:00:02,0.08455800,0.66800000
2018-02-26 19:00:02,0.08446900,1.49800000
2018-02-26 19:00:03,0.08446900,0.02000000
2018-02-26 19:00:03,0.08446900,0.00100000
2018-02-26 19:00:03,0.08446300,0.01900000
2018-02-26 19:00:03,0.08446300,0.02000000
2018-02-26 19:00:03,0.08446300,0.02000000
2018-02-26 19:00:04,0.08446900,0.01900000
2018-02-26 19:00:04,0.08446900,0.00100000
2018-02-26 19:00:04,0.08446400,0.01200000
2018-02-26 19:00:04,0.08446400,0.01900000
2018-02-26 19:00:04,0.08446900,0.02000000
2018-02-26 19:00:04,0.08446400,0.14100000
2018-02-26 19:00:04,0.08446400,0.02100000
2018-02-26 19:00:04,0.08446300,0.14000000
2018-02-26 19:00:04,0.08446900,0.01900000
2018-02-26 19:00:04,0.08447000,0.26000000
2018-02-26 19:00:05,0.08447000,0.00100000
2018-02-26 19:00:05,0.08446600,0.01900000
2018-02-26 19:00:05,0.08446600,0.00100000
2018-02-26 19:00:05,0.08445700,0.01800000
2018-02-26 19:00:05,0.08445700,0.01900000
2018-02-26 19:00:05,0.08445700,0.01900000
2018-02-26 19:00:05,0.08446600,0.01800000
2018-02-26 19:00:05,0.08455100,0.23200000
2018-02-26 19:00:05,0.08455000,0.01900000
2018-02-26 19:00:06,0.08446000,0.36900000
2018-02-26 19:00:06,0.08446000,0.02100000
2018-02-26 19:00:06,0.08445400,0.34800000
2018-02-26 19:00:06,0.08446200,0.10400000
2018-02-26 19:00:07,0.08446200,0.01500000
2018-02-26 19:00:07,0.08454700,0.03600000
2018-02-26 19:00:08,0.08454700,0.04600000
2018-02-26 19:00:09,0.08447000,0.10400000
2018-02-26 19:00:09,0.08446200,0.00100000
2018-02-26 19:00:09,0.08445400,1.65200000
2018-02-26 19:00:09,0.08445000,1.15200000
2018-02-26 19:00:10,0.08454500,0.01900000
2018-02-26 19:00:11,0.08445200,0.02000000
2018-02-26 19:00:11,0.08445100,1.75600000
2018-02-26 19:00:11,0.08454400,0.01300000
2018-02-26 19:00:11,0.08454000,0.34900000
2018-02-26 19:00:12,0.08446000,0.02400000
2018-02-26 19:00:12,0.08454000,0.00100000
2018-02-26 19:00:12,0.08454500,0.00100000
2018-02-26 19:00:12,0.08454600,0.05800000
2018-02-26 19:00:13,0.08454500,0.01900000
2018-02-26 19:00:13,0.08446000,0.18200000
2018-02-26 19:00:14,0.08454500,0.00100000
2018-02-26 19:00:14,0.08454600,0.09000000
2018-02-26 19:00:15,0.08454500,0.01900000
2018-02-26 19:00:16,0.08454500,0.00100000
2018-02-26 19:00:16,0.08454700,0.19900000
2018-02-26 19:00:16,0.08454500,0.01900000
2018-02-26 19:00:17,0.08446000,0.00100000
2018-02-26 19:00:17,0.08445100,0.17500000
2018-02-26 19:00:17,0.08454400,0.17700000
2018-02-26 19:00:18,0.08446000,0.60400000
2018-02-26 19:00:18,0.08446200,0.02000000
2018-02-26 19:00:18,0.08446100,0.57900000
2018-02-26 19:00:18,0.08446100,0.48000000
2018-02-26 19:00:18,0.08446100,0.79300000
2018-02-26 19:00:18,0.08446200,0.02000000
2018-02-26 19:00:18,0.08446100,0.52700000
2018-02-26 19:00:18,0.08446000,0.43400000
2018-02-26 19:00:18,0.08446200,0.02000000
2018-02-26 19:00:18,0.08446000,0.43700000
2018-02-26 19:00:19,0.08445200,0.00800000
2018-02-26 19:00:19,0.08445200,0.45500000
2018-02-26 19:00:20,0.08445900,0.02900000
2018-02-26 19:00:20,0.08454400,0.00100000
2018-02-26 19:00:20,0.08454600,0.02200000
2018-02-26 19:00:20,0.08454600,0.10300000
2018-02-26 19:00:20,0.08452200,0.01800000
2018-02-26 19:00:20,0.08454600,2.42800000
2018-02-26 19:00:20,0.08454600,0.02000000
2018-02-26 19:00:21,0.08454600,0.00100000
2018-02-26 19:00:21,0.08454700,0.08300000
2018-02-26 19:00:21,0.08454700,0.08400000
2018-02-26 19:00:21,0.08454700,0.10100000
2018-02-26 19:00:21,0.08454600,0.01900000
2018-02-26 19:00:21,0.08454300,0.21100000
2018-02-26 19:00:21,0.08454300,0.20900000
2018-02-26 19:00:21,0.08454300,0.04200000
2018-02-26 19:00:21,0.08454300,0.00100000
2018-02-26 19:00:21,0.08454600,0.00100000
2018-02-26 19:00:21,0.08454700,0.04000000
2018-02-26 19:00:21,0.08454600,0.01900000
2018-02-26 19:00:21,0.08452200,0.00100000
2018-02-26 19:00:21,0.08446100,0.00800000
2018-02-26 19:00:21,0.08446100,0.14400000
2018-02-26 19:00:22,0.08446100,0.02900000
2018-02-26 19:00:22,0.08446300,0.01900000
2018-02-26 19:00:23,0.08454700,0.46500000
2018-02-26 19:00:23,0.08454700,0.01700000
2018-02-26 19:00:23,0.08454700,0.04500000
2018-02-26 19:00:23,0.08454700,0.18900000
2018-02-26 19:00:23,0.08454700,0.08200000
2018-02-26 19:00:23,0.08446300,0.00100000
2018-02-26 19:00:23,0.08446200,0.24700000
2018-02-26 19:00:24,0.08454700,0.14700000
2018-02-26 19:00:24,0.08454700,0.04000000
2018-02-26 19:00:25,0.08447000,0.03700000
2018-02-26 19:00:25,0.08454600,0.24700000
2018-02-26 19:00:25,0.08454700,0.29300000
2018-02-26 19:00:25,0.08454700,0.09000000
2018-02-26 19:00:25,0.08454700,0.72500000
2018-02-26 19:00:26,0.08454600,0.03900000
2018-02-26 19:00:26,0.08446300,0.02000000
2018-02-26 19:00:26,0.08446100,0.45300000
2018-02-26 19:00:26,0.08454600,2.64500000
2018-02-26 19:00:27,0.08454800,0.12000000
2018-02-26 19:00:27,0.08456700,0.05600000
2018-02-26 19:00:27,0.08446300,0.02800000
2018-02-26 19:00:27,0.08456700,0.13100000
2018-02-26 19:00:29,0.08446400,0.15500000
2018-02-26 19:00:29,0.08446400,0.24900000
2018-02-26 19:00:29,0.08456500,0.02000000
2018-02-26 19:00:29,0.08456600,0.09600000
2018-02-26 19:00:29,0.08446400,0.35500000
2018-02-26 19:00:30,0.08447100,0.01900000
2018-02-26 19:00:31,0.08455500,0.09000000
2018-02-26 19:00:31,0.08447100,0.00100000
2018-02-26 19:00:31,0.08447000,2.61100000
2018-02-26 19:00:31,0.08447100,0.00800000
2018-02-26 19:00:31,0.08447100,0.68700000
2018-02-26 19:00:31,0.08454600,0.52400000
2018-02-26 19:00:31,0.08447100,0.00800000
2018-02-26 19:00:32,0.08454600,0.04600000
2018-02-26 19:00:32,0.08446800,0.01900000
2018-02-26 19:00:32,0.08446600,0.11900000
2018-02-26 19:00:32,0.08447000,0.09000000
2018-02-26 19:00:33,0.08446600,0.00100000
2018-02-26 19:00:33,0.08446200,0.02000000
2018-02-26 19:00:33,0.08446100,0.22100000
2018-02-26 19:00:34,0.08447000,0.00700000
2018-02-26 19:00:34,0.08454300,0.05500000
2018-02-26 19:00:34,0.08446100,0.37200000
2018-02-26 19:00:34,0.08446100,0.01400000
2018-02-26 19:00:34,0.08446100,0.06100000
2018-02-26 19:00:34,0.08446100,0.06900000
2018-02-26 19:00:34,0.08446100,0.03200000
2018-02-26 19:00:34,0.08446100,0.66600000
2018-02-26 19:00:34,0.08454300,0.63900000
2018-02-26 19:00:34,0.08454300,0.02000000
2018-02-26 19:00:34,0.08454400,3.40900000
2018-02-26 19:00:34,0.08446100,0.05700000
2018-02-26 19:00:35,0.08446100,0.06800000
2018-02-26 19:00:35,0.08446100,0.05100000
2018-02-26 19:00:35,0.08454300,0.01900000
2018-02-26 19:00:35,0.08446100,0.01200000
2018-02-26 19:00:36,0.08454400,0.02000000
2018-02-26 19:00:36,0.08446100,0.03200000
2018-02-26 19:00:37,0.08450000,0.10300000
2018-02-26 19:00:37,0.08450000,0.00100000
2018-02-26 19:00:37,0.08454400,0.00100000
2018-02-26 19:00:37,0.08454600,0.10100000
2018-02-26 19:00:37,0.08454600,0.04400000
2018-02-26 19:00:37,0.08450000,0.01200000
2018-02-26 19:00:37,0.08454600,0.02700000
2018-02-26 19:00:38,0.08454600,0.02200000
2018-02-26 19:00:38,0.08454600,0.23300000
2018-02-26 19:00:38,0.08450000,0.00100000
2018-02-26 19:00:38,0.08446100,0.00600000
2018-02-26 19:00:38,0.08446200,0.01500000
2018-02-26 19:00:39,0.08454400,0.02600000
2018-02-26 19:00:39,0.08446200,0.18400000
2018-02-26 19:00:39,0.08454400,0.12300000
2018-02-26 19:00:39,0.08446200,0.07000000
2018-02-26 19:00:39,0.08446200,0.00100000
2018-02-26 19:00:39,0.08446100,0.01900000
2018-02-26 19:00:40,0.08446100,0.02000000
2018-02-26 19:00:40,0.08446100,0.16600000
2018-02-26 19:00:41,0.08446100,0.08900000
2018-02-26 19:00:41,0.08446100,0.38800000
2018-02-26 19:00:41,0.08454400,0.00100000
2018-02-26 19:00:41,0.08454500,0.03100000
2018-02-26 19:00:41,0.08454500,0.60900000
2018-02-26 19:00:41,0.08454500,0.02000000
2018-02-26 19:00:42,0.08445900,0.06300000
2018-02-26 19:00:42,0.08445900,0.02900000
2018-02-26 19:00:42,0.08445400,0.15000000
2018-02-26 19:00:42,0.08445100,4.00000000
2018-02-26 19:00:42,0.08445000,43.53800000
2018-02-26 19:00:42,0.08453600,0.15700000
2018-02-26 19:00:44,0.08445000,0.04100000
2018-02-26 19:00:44,0.08445000,0.01600000
2018-02-26 19:00:45,0.08445000,0.02200000
2018-02-26 19:00:45,0.08445000,0.03700000
2018-02-26 19:00:45,0.08453500,0.09900000
2018-02-26 19:00:46,0.08445000,0.12600000
2018-02-26 19:00:48,0.08445000,0.01800000
2018-02-26 19:00:50,0.08445000,0.12400000
2018-02-26 19:00:52,0.08454300,0.06300000
2018-02-26 19:00:52,0.08452600,0.02500000
2018-02-26 19:00:52,0.08452600,0.97100000
2018-02-26 19:00:52,0.08452600,0.00400000
2018-02-26 19:00:53,0.08452900,0.16100000
2018-02-26 19:00:53,0.08445000,0.16000000
2018-02-26 19:00:53,0.08445000,0.12700000
2018-02-26 19:00:53,0.08445000,0.16000000
2018-02-26 19:00:53,0.08445000,0.05900000
2018-02-26 19:00:53,0.08453500,0.02900000
2018-02-26 19:00:53,0.08453500,0.11800000
2018-02-26 19:00:53,0.08454100,0.02800000
2018-02-26 19:00:53,0.08445000,0.01200000
2018-02-26 19:00:53,0.08445000,0.02100000
2018-02-26 19:00:53,0.08445000,0.07400000
2018-02-26 19:00:53,0.08454100,0.84900000
2018-02-26 19:00:53,0.08454100,0.59700000
2018-02-26 19:00:53,0.08454000,3.99900000
2018-02-26 19:00:53,0.08454000,0.00100000
2018-02-26 19:00:53,0.08454100,0.00100000
2018-02-26 19:00:53,0.08454300,0.00100000
2018-02-26 19:00:53,0.08454600,0.06100000
2018-02-26 19:00:54,0.08454600,0.05900000
2018-02-26 19:00:54,0.08454600,0.04600000
2018-02-26 19:00:54,0.08454600,0.53000000
2018-02-26 19:00:54,0.08455500,0.04500000
2018-02-26 19:00:57,0.08455300,0.01800000
2018-02-26 19:00:58,0.08446200,0.02200000
2018-02-26 19:00:58,0.08446200,0.24900000
2018-02-26 19:00:58,0.08455400,0.04500000
2018-02-26 19:00:59,0.08446300,0.14700000
2018-02-26 19:00:59,0.08446300,0.02100000
2018-02-26 19:00:59,0.08446100,0.10100000
2018-02-26 19:00:59,0.08454500,2.89000000
2018-02-26 19:00:59,0.08454500,0.00100000
2018-02-26 19:00:59,0.08455300,0.27100000
2018-02-26 19:00:59,0.08455400,0.00200000
2018-02-26 19:00:59,0.08456100,0.12000000
2018-02-26 19:00:59,0.08456800,0.02000000
2018-02-26 19:00:59,0.08458000,0.01300000
2018-02-26 19:00:59,0.08446100,0.09400000
2018-02-26 19:00:59,0.08456800,0.01900000
2018-02-26 19:01:00,0.08456700,0.29700000
2018-02-26 19:01:02,0.08456600,0.04500000
2018-02-26 19:01:02,0.08453700,0.39900000
2018-02-26 19:01:02,0.08453700,0.00100000
2018-02-26 19:01:02,0.08456700,0.02000000
2018-02-26 19:01:02,0.08457500,0.15000000
2018-02-26 19:01:02,0.08457600,0.22300000
2018-02-26 19:01:02,0.08456700,0.01900000
2018-02-26 19:01:02,0.08447200,0.03900000
2018-02-26 19:01:02,0.08457200,0.01900000
2018-02-26 19:01:02,0.08447200,0.12100000
2018-02-26 19:01:02,0.08447100,1.00700000
2018-02-26 19:01:02,0.08447200,0.13900000
2018-02-26 19:01:03,0.08447200,0.04000000
2018-02-26 19:01:03,0.08457000,0.02000000
2018-02-26 19:01:03,0.08457100,0.85800000
2018-02-26 19:01:03,0.08457100,0.01900000
2018-02-26 19:01:04,0.08457000,0.01900000
2018-02-26 19:01:04,0.08447400,2.61200000
2018-02-26 19:01:04,0.08447400,0.35500000
2018-02-26 19:01:04,0.08457000,0.11600000
2018-02-26 19:01:04,0.08457000,0.02500000
2018-02-26 19:01:04,0.08457100,0.17500000
2018-02-26 19:01:05,0.08456900,0.11800000
2018-02-26 19:01:05,0.08456900,0.03800000
2018-02-26 19:01:05,0.08456900,0.44200000
2018-02-26 19:01:05,0.08457100,1.00700000
2018-02-26 19:01:05,0.08457200,0.02000000
2018-02-26 19:01:05,0.08457200,0.02000000
2018-02-26 19:01:05,0.08457200,0.02000000
2018-02-26 19:01:05,0.08457200,0.02000000
2018-02-26 19:01:05,0.08457200,0.02000000
2018-02-26 19:01:05,0.08457200,0.02000000
2018-02-26 19:01:05,0.08458100,0.17400000
2018-02-26 19:01:05,0.08457200,0.02000000
2018-02-26 19:01:05,0.08457200,0.04000000
2018-02-26 19:01:05,0.08457200,0.03300000
2018-02-26 19:01:05,0.08457200,0.01300000
2018-02-26 19:01:05,0.08457200,0.32500000
2018-02-26 19:01:05,0.08448000,0.08500000
2018-02-26 19:01:05,0.08448000,0.26500000
2018-02-26 19:01:05,0.08447700,0.14500000
2018-02-26 19:01:05,0.08447700,0.11900000
2018-02-26 19:01:05,0.08447700,0.26000000
2018-02-26 19:01:05,0.08447700,0.02600000
2018-02-26 19:01:06,0.08457600,0.02800000
2018-02-26 19:01:06,0.08457600,0.02100000
2018-02-26 19:01:06,0.08457600,0.36200000
2018-02-26 19:01:06,0.08457600,0.35300000
2018-02-26 19:01:06,0.08457600,0.04500000
2018-02-26 19:01:06,0.08457600,0.12400000
2018-02-26 19:01:06,0.08457600,0.18800000
2018-02-26 19:01:06,0.08457600,0.07900000
2018-02-26 19:01:06,0.08457600,0.37100000
2018-02-26 19:01:06,0.08447700,0.01000000
2018-02-26 19:01:06,0.08447700,0.06600000
2018-02-26 19:01:06,0.08447700,0.02500000
2018-02-26 19:01:06,0.08447700,0.01200000
2018-02-26 19:01:06,0.08447700,0.16800000
2018-02-26 19:01:06,0.08447700,0.04300000
2018-02-26 19:01:06,0.08458400,0.32300000
2018-02-26 19:01:07,0.08457500,0.40100000
2018-02-26 19:01:08,0.08448400,1.11800000
2018-02-26 19:01:08,0.08448300,1.58700000
2018-02-26 19:01:08,0.08448200,0.29400000
2018-02-26 19:01:08,0.08448100,0.12000000
2018-02-26 19:01:08,0.08447900,0.61700000
2018-02-26 19:01:08,0.08445100,4.07000000
2018-02-26 19:01:08,0.08445000,1.77800000
2018-02-26 19:01:09,0.08448400,0.14000000
2018-02-26 19:01:09,0.08445000,4.32200000
2018-02-26 19:01:09,0.08448400,0.14000000
2018-02-26 19:01:09,0.08445100,0.26000000
2018-02-26 19:01:09,0.08448400,0.11800000
2018-02-26 19:01:09,0.08448400,0.02100000
2018-02-26 19:01:09,0.08446900,0.01600000
2018-02-26 19:01:09,0.08446900,0.00400000
2018-02-26 19:01:09,0.08446100,0.10000000
2018-02-26 19:01:10,0.08447000,0.01900000
2018-02-26 19:01:10,0.08455300,0.30700000
2018-02-26 19:01:10,0.08447000,0.06500000
2018-02-26 19:01:11,0.08447100,0.01600000
2018-02-26 19:01:11,0.08455000,0.34900000
2018-02-26 19:01:12,0.08447100,0.64700000
2018-02-26 19:01:12,0.08447100,0.14700000
2018-02-26 19:01:12,0.08455000,0.00100000
2018-02-26 19:01:12,0.08455300,0.00100000
2018-02-26 19:01:12,0.08456200,0.64100000
2018-02-26 19:01:12,0.08456200,0.79300000
2018-02-26 19:01:13,0.08456100,0.95900000
2018-02-26 19:01:13,0.08456100,0.05900000
2018-02-26 19:01:14,0.08447100,0.02100000
2018-02-26 19:01:14,0.08455900,0.03800000
2018-02-26 19:01:14,0.08447100,0.57900000
2018-02-26 19:01:15,0.08455800,0.57600000
2018-02-26 19:01:16,0.08455800,0.01900000
2018-02-26 19:01:17,0.08455000,0.08400000
2018-02-26 19:01:17,0.08455000,0.00600000
2018-02-26 19:01:17,0.08455700,0.11200000
2018-02-26 19:01:18,0.08446300,0.02000000
2018-02-26 19:01:18,0.08445100,0.84100000
2018-02-26 19:01:18,0.08455000,0.01900000
2018-02-26 19:01:18,0.08446300,0.02000000
2018-02-26 19:01:18,0.08445100,0.31600000
2018-02-26 19:01:19,0.08454900,0.20000000
2018-02-26 19:01:21,0.08446000,0.01900000
2018-02-26 19:01:21,0.08446000,0.20300000
2018-02-26 19:01:21,0.08446000,0.35500000
2018-02-26 19:01:22,0.08445800,0.02000000
2018-02-26 19:01:22,0.08445100,0.28000000
2018-02-26 19:01:22,0.08445800,0.02000000
2018-02-26 19:01:22,0.08445100,0.10700000
2018-02-26 19:01:22,0.08454500,0.66000000
2018-02-26 19:01:22,0.08445700,0.00400000
2018-02-26 19:01:23,0.08454400,0.02000000
2018-02-26 19:01:23,0.08454500,0.05300000
2018-02-26 19:01:23,0.08454400,0.01900000
2018-02-26 19:01:23,0.08453500,0.16100000
2018-02-26 19:01:23,0.08453500,0.05800000
2018-02-26 19:01:24,0.08453500,0.57600000
2018-02-26 19:01:24,0.08453500,0.36200000
2018-02-26 19:01:24,0.08454500,0.57500000
2018-02-26 19:01:24,0.08454500,0.20700000
2018-02-26 19:01:24,0.08454500,1.92700000
2018-02-26 19:01:24,0.08454600,0.20600000
2018-02-26 19:01:25,0.08446200,0.02000000
2018-02-26 19:01:25,0.08454600,0.01300000
2018-02-26 19:01:26,0.08454600,0.02800000
2018-02-26 19:01:26,0.08454600,0.12900000
2018-02-26 19:01:27,0.08446200,0.02000000
2018-02-26 19:01:27,0.08446100,0.02600000
2018-02-26 19:01:27,0.08446200,0.04600000
2018-02-26 19:01:28,0.08446300,0.02000000
2018-02-26 19:01:28,0.08446200,1.43000000
2018-02-26 19:01:28,0.08454600,0.12900000
2018-02-26 19:01:28,0.08454600,0.06400000
2018-02-26 19:01:28,0.08456000,0.02000000
2018-02-26 19:01:28,0.08456800,0.09900000
2018-02-26 19:01:28,0.08456800,0.02100000
2018-02-26 19:01:28,0.08446500,0.02000000
2018-02-26 19:01:28,0.08446400,0.16400000
2018-02-26 19:01:29,0.08454700,0.53200000
2018-02-26 19:01:29,0.08454700,0.03600000
2018-02-26 19:01:29,0.08454700,0.20100000
2018-02-26 19:01:29,0.08446500,0.02000000
2018-02-26 19:01:29,0.08446400,0.31200000
2018-02-26 19:01:29,0.08446600,0.20000000
2018-02-26 19:01:29,0.08446600,0.03500000
2018-02-26 19:01:29,0.08455800,0.03500000
2018-02-26 19:01:30,0.08446800,0.15800000
2018-02-26 19:01:30,0.08455700,0.47500000
2018-02-26 19:01:30,0.08455700,0.02000000
2018-02-26 19:01:30,0.08446800,0.07400000
2018-02-26 19:01:30,0.08446800,0.07400000
2018-02-26 19:01:31,0.08455500,0.14900000
2018-02-26 19:01:31,0.08446900,0.00200000
2018-02-26 19:01:32,0.08455500,0.02800000
2018-02-26 19:01:32,0.08455500,0.04000000
2018-02-26 19:01:33,0.08455500,0.21400000
2018-02-26 19:01:35,0.08447000,0.20300000
2018-02-26 19:01:35,0.08456500,0.04500000
2018-02-26 19:01:35,0.08456400,0.72700000
2018-02-26 19:01:35,0.08456500,1.03300000
2018-02-26 19:01:35,0.08456500,0.14200000
2018-02-26 19:01:35,0.08456600,0.02000000
2018-02-26 19:01:35,0.08457000,0.56200000
2018-02-26 19:01:36,0.08447100,0.63000000
2018-02-26 19:01:36,0.08447100,0.14500000
2018-02-26 19:01:36,0.08447200,0.72800000
2018-02-26 19:01:36,0.08447100,0.10800000
2018-02-26 19:01:36,0.08446900,0.10600000
2018-02-26 19:01:36,0.08446800,13.66000000
2018-02-26 19:01:36,0.08447100,0.01900000
2018-02-26 19:01:36,0.08447100,0.00100000
2018-02-26 19:01:36,0.08447100,0.02000000
2018-02-26 19:01:36,0.08447100,0.02000000
2018-02-26 19:01:36,0.08447100,0.02000000
2018-02-26 19:01:36,0.08447100,0.08400000
2018-02-26 19:01:36,0.08456300,0.64400000
2018-02-26 19:01:37,0.08456300,0.01500000
2018-02-26 19:01:37,0.08446600,0.03500000
2018-02-26 19:01:37,0.08446300,0.57000000
2018-02-26 19:01:37,0.08446200,0.07100000
2018-02-26 19:01:37,0.08446100,0.94900000
2018-02-26 19:01:37,0.08446100,0.03400000
2018-02-26 19:01:37,0.08446200,0.02300000
2018-02-26 19:01:37,0.08446200,0.00800000
2018-02-26 19:01:37,0.08456200,0.20300000
2018-02-26 19:01:37,0.08456300,0.13600000
2018-02-26 19:01:37,0.08456500,0.01500000
2018-02-26 19:01:37,0.08447100,0.02000000
2018-02-26 19:01:37,0.08446700,0.12500000
2018-02-26 19:01:37,0.08447200,0.01900000
2018-02-26 19:01:37,0.08447200,0.01900000
2018-02-26 19:01:38,0.08447200,0.21600000
2018-02-26 19:01:38,0.08447200,0.52000000
2018-02-26 19:01:38,0.08447200,0.00100000
2018-02-26 19:01:38,0.08446700,0.08900000
2018-02-26 19:01:38,0.08446700,0.83500000
2018-02-26 19:01:39,0.08456000,0.16800000
2018-02-26 19:01:39,0.08456000,0.60600000
2018-02-26 19:01:39,0.08455800,0.34100000
2018-02-26 19:01:40,0.08455800,0.57800000
2018-02-26 19:01:40,0.08446200,0.02400000
2018-02-26 19:01:41,0.08454900,0.01900000
2018-02-26 19:01:41,0.08454900,0.00100000
2018-02-26 19:01:41,0.08455000,0.01700000
2018-02-26 19:01:41,0.08454900,0.02000000
2018-02-26 19:01:41,0.08455000,0.78200000
2018-02-26 19:01:41,0.08454800,0.11800000
2018-02-26 19:01:42,0.08454800,0.23300000
2018-02-26 19:01:42,0.08454800,0.28600000
2018-02-26 19:01:42,0.08455000,0.23200000
2018-02-26 19:01:43,0.08454700,0.21900000
2018-02-26 19:01:43,0.08447000,0.10400000
2018-02-26 19:01:43,0.08446100,0.61500000
2018-02-26 19:01:43,0.08446100,0.03900000
2018-02-26 19:01:48,0.08454500,0.15100000
2018-02-26 19:01:48,0.08454500,0.04900000
2018-02-26 19:01:48,0.08446200,0.02400000
2018-02-26 19:01:48,0.08446100,0.58200000
2018-02-26 19:01:48,0.08446100,0.70100000
2018-02-26 19:01:48,0.08445100,0.07000000
2018-02-26 19:01:48,0.08454400,0.04800000
2018-02-26 19:01:48,0.08446100,0.02000000
2018-02-26 19:01:48,0.08445000,1.48000000
2018-02-26 19:01:48,0.08446100,0.02000000
2018-02-26 19:01:48,0.08445000,0.03000000
2018-02-26 19:01:48,0.08445000,10.52600000
2018-02-26 19:01:49,0.08446100,0.14400000
2018-02-26 19:01:49,0.08445000,0.14900000
2018-02-26 19:01:49,0.08446100,0.00100000
2018-02-26 19:01:49,0.08454400,0.13900000
2018-02-26 19:01:49,0.08445000,0.48000000
2018-02-26 19:01:49,0.08445100,0.77500000
2018-02-26 19:01:49,0.08445000,0.15900000
2018-02-26 19:01:49,0.08445000,1.89400000
2018-02-26 19:01:49,0.08445000,1.31100000
2018-02-26 19:01:49,0.08446100,0.05000000
2018-02-26 19:01:49,0.08445000,3.15800000
2018-02-26 19:01:49,0.08445000,1.25900000
2018-02-26 19:01:49,0.08445000,0.38600000
2018-02-26 19:01:49,0.08445000,0.40000000
2018-02-26 19:01:49,0.08445000,0.15400000
2018-02-26 19:01:49,0.08445000,0.61400000
2018-02-26 19:01:49,0.08445700,0.06800000
2018-02-26 19:01:49,0.08445700,0.27000000
2018-02-26 19:01:49,0.08445000,0.34700000
2018-02-26 19:01:49,0.08445000,0.41300000
2018-02-26 19:01:49,0.08445000,1.50000000
2018-02-26 19:01:49,0.08445000,0.38400000
2018-02-26 19:01:49,0.08445000,0.14500000
2018-02-26 19:01:49,0.08445000,0.14400000
2018-02-26 19:01:49,0.08445000,0.31000000
2018-02-26 19:01:49,0.08445700,0.23600000
2018-02-26 19:01:50,0.08445000,0.31100000
2018-02-26 19:01:50,0.08445000,0.15400000
2018-02-26 19:01:50,0.08445700,0.25300000
2018-02-26 19:01:50,0.08445700,0.00100000
2018-02-26 19:01:50,0.08446100,0.01500000
2018-02-26 19:01:50,0.08453400,0.23600000
2018-02-26 19:01:50,0.08453400,0.08200000
2018-02-26 19:01:50,0.08453400,0.03900000
2018-02-26 19:01:50,0.08454300,0.83200000
2018-02-26 19:01:50,0.08445000,4.13200000
2018-02-26 19:01:50,0.08445000,0.69000000
2018-02-26 19:01:50,0.08445000,0.03500000
2018-02-26 19:01:50,0.08453900,0.05200000
2018-02-26 19:01:50,0.08445000,0.10400000
2018-02-26 19:01:50,0.08445000,0.25800000
2018-02-26 19:01:50,0.08445000,0.18500000
2018-02-26 19:01:51,0.08446000,0.32600000
2018-02-26 19:01:51,0.08446000,0.14900000
2018-02-26 19:01:51,0.08446000,0.25300000
2018-02-26 19:01:51,0.08445000,2.99400000
2018-02-26 19:01:51,0.08446000,0.53300000
2018-02-26 19:01:51,0.08446000,0.07200000
2018-02-26 19:01:51,0.08445000,1.72000000
2018-02-26 19:01:52,0.08445000,1.50000000
2018-02-26 19:01:52,0.08445600,0.34500000
2018-02-26 19:01:52,0.08445000,0.27400000
2018-02-26 19:01:52,0.08445600,1.53000000
2018-02-26 19:01:52,0.08445000,0.51800000
2018-02-26 19:01:52,0.08445000,3.51800000
2018-02-26 19:01:52,0.08445000,0.10000000
2018-02-26 19:01:53,0.08445000,0.44400000
2018-02-26 19:01:53,0.08445000,0.22100000
2018-02-26 19:01:53,0.08445000,0.40000000
2018-02-26 19:01:53,0.08445000,1.00000000
2018-02-26 19:01:54,0.08445000,0.00600000
2018-02-26 19:01:54,0.08445000,0.52000000
2018-02-26 19:01:54,0.08445000,0.47500000
2018-02-26 19:01:54,0.08445000,0.40000000
2018-02-26 19:01:54,0.08445000,0.52700000
2018-02-26 19:01:54,0.08445000,0.07100000
2018-02-26 19:01:54,0.08445000,0.51900000
2018-02-26 19:01:54,0.08445000,0.14800000
2018-02-26 19:01:55,0.08445000,0.23700000
2018-02-26 19:01:55,0.08445400,0.03000000
2018-02-26 19:01:55,0.08445400,0.12600000
2018-02-26 19:01:55,0.08445500,0.02900000
2018-02-26 19:01:55,0.08445000,0.40000000
2018-02-26 19:01:55,0.08445500,0.55800000
2018-02-26 19:01:55,0.08445400,0.05000000
2018-02-26 19:01:55,0.08445000,1.49100000
2018-02-26 19:01:55,0.08445000,4.00000000
2018-02-26 19:01:55,0.08445500,0.93600000
2018-02-26 19:01:55,0.08445000,0.43000000
2018-02-26 19:01:55,0.08445000,0.40000000
2018-02-26 19:01:56,0.08445000,0.04700000
2018-02-26 19:01:56,0.08445000,0.05000000
2018-02-26 19:01:56,0.08445000,5.09600000
2018-02-26 19:01:56,0.08445000,0.05000000
2018-02-26 19:01:56,0.08445000,5.28300000
2018-02-26 19:01:56,0.08445500,0.01800000
2018-02-26 19:01:56,0.08445000,0.10000000
2018-02-26 19:01:56,0.08445000,0.12600000
2018-02-26 19:01:56,0.08445000,0.40000000
2018-02-26 19:01:57,0.08445000,0.48600000
2018-02-26 19:01:57,0.08445000,2.36800000
2018-02-26 19:01:57,0.08445000,1.50000000
2018-02-26 19:01:57,0.08445400,0.10000000
2018-02-26 19:01:57,0.08445000,1.03200000
2018-02-26 19:01:58,0.08445000,0.97400000
2018-02-26 19:01:58,0.08445000,0.97400000
2018-02-26 19:01:58,0.08445000,0.97500000
2018-02-26 19:01:58,0.08445000,0.03400000
2018-02-26 19:01:58,0.08445000,0.13700000
2018-02-26 19:01:58,0.08445000,0.40000000
2018-02-26 19:01:58,0.08445400,0.15400000
2018-02-26 19:01:58,0.08445000,0.05300000
2018-02-26 19:01:58,0.08445400,0.02500000
2018-02-26 19:01:58,0.08445400,0.05100000
2018-02-26 19:01:58,0.08445000,10.58700000
2018-02-26 19:01:58,0.08441400,1.65800000
2018-02-26 19:01:58,0.08440800,0.15400000
2018-02-26 19:01:58,0.08440500,0.01500000
2018-02-26 19:01:58,0.08440100,0.34900000
2018-02-26 19:01:58,0.08438800,0.69500000
2018-02-26 19:01:58,0.08438300,0.01400000
2018-02-26 19:01:58,0.08437000,1.02800000
2018-02-26 19:01:59,0.08437000,1.36200000
2018-02-26 19:01:59,0.08445000,0.02400000
2018-02-26 19:01:59,0.08445500,0.06900000
2018-02-26 19:01:59,0.08438100,0.20500000
2018-02-26 19:01:59,0.08437000,1.42000000
2018-02-26 19:01:59,0.08438100,0.02300000
2018-02-26 19:01:59,0.08438100,0.17200000
2018-02-26 19:01:59,0.08445500,0.17700000
2018-02-26 19:01:59,0.08445500,0.08400000
2018-02-26 19:01:59,0.08445500,0.11600000
2018-02-26 19:01:59,0.08435800,0.01700000
2018-02-26 19:01:59,0.08435000,0.12500000
2018-02-26 19:01:59,0.08434100,0.20400000
2018-02-26 19:01:59,0.08444900,0.02000000
2018-02-26 19:02:00,0.08435900,0.05300000
2018-02-26 19:02:00,0.08434100,0.00100000
2018-02-26 19:02:00,0.08434100,0.06500000
2018-02-26 19:02:00,0.08433500,0.20000000
2018-02-26 19:02:00,0.08433300,0.27200000
2018-02-26 19:02:00,0.08432000,0.98500000
2018-02-26 19:02:01,0.08434200,1.96000000
2018-02-26 19:02:01,0.08434300,0.60100000
2018-02-26 19:02:01,0.08443900,0.10700000
2018-02-26 19:02:01,0.08434300,2.88400000
2018-02-26 19:02:02,0.08443800,0.01700000
2018-02-26 19:02:02,0.08443800,0.59700000
2018-02-26 19:02:02,0.08443600,0.03400000
2018-02-26 19:02:02,0.08432100,0.01500000
2018-02-26 19:02:02,0.08431600,0.35200000
2018-02-26 19:02:02,0.08431100,0.03300000
2018-02-26 19:02:02,0.08443600,0.05100000
2018-02-26 19:02:02,0.08435400,2.82800000
2018-02-26 19:02:02,0.08431100,0.03200000
2018-02-26 19:02:02,0.08430300,0.41700000
2018-02-26 19:02:02,0.08429000,0.61400000
2018-02-26 19:02:02,0.08428600,0.94900000
2018-02-26 19:02:02,0.08427700,0.01400000
2018-02-26 19:02:02,0.08427000,0.27400000
2018-02-26 19:02:02,0.08426900,0.09300000
2018-02-26 19:02:02,0.08426800,16.80200000
2018-02-26 19:02:03,0.08443000,1.23500000
2018-02-26 19:02:03,0.08435400,0.28100000
2018-02-26 19:02:03,0.08426800,0.31300000
2018-02-26 19:02:03,0.08426400,0.05900000
2018-02-26 19:02:03,0.08425500,3.17900000
2018-02-26 19:02:04,0.08438300,0.01300000
2018-02-26 19:02:04,0.08438300,0.00100000
2018-02-26 19:02:04,0.08443200,0.01200000
2018-02-26 19:02:04,0.08443200,0.01300000
2018-02-26 19:02:06,0.08442600,0.17000000
2018-02-26 19:02:06,0.08442600,2.92100000
2018-02-26 19:02:06,0.08442700,0.35300000
2018-02-26 19:02:07,0.08442300,0.14400000
2018-02-26 19:02:08,0.08442200,0.02100000
2018-02-26 19:02:09,0.08441000,0.49200000
2018-02-26 19:02:09,0.08441000,0.74900000
2018-02-26 19:02:09,0.08440900,0.36700000
2018-02-26 19:02:10,0.08440900,0.19000000
2018-02-26 19:02:11,0.08428700,0.08300000
2018-02-26 19:02:11,0.08428500,0.53200000
2018-02-26 19:02:11,0.08440600,0.13200000
2018-02-26 19:02:12,0.08429000,0.37700000
2018-02-26 19:02:12,0.08440600,0.02700000
2018-02-26 19:02:12,0.08440600,0.02300000
2018-02-26 19:02:12,0.08429000,0.04900000
2018-02-26 19:02:12,0.08429000,0.02300000
2018-02-26 19:02:12,0.08440600,0.01400000
2018-02-26 19:02:13,0.08440500,0.02800000
2018-02-26 19:02:13,0.08440500,0.10100000
2018-02-26 19:02:13,0.08440500,1.05800000
2018-02-26 19:02:13,0.08430700,0.70700000
2018-02-26 19:02:13,0.08432600,0.20600000
2018-02-26 19:02:13,0.08432600,0.20600000
2018-02-26 19:02:13,0.08440400,0.03200000
2018-02-26 19:02:14,0.08440400,0.11200000
2018-02-26 19:02:14,0.08440500,0.68900000
2018-02-26 19:02:14,0.08432600,0.13000000
2018-02-26 19:02:14,0.08440500,0.11000000
2018-02-26 19:02:14,0.08440500,0.03400000
2018-02-26 19:02:14,0.08440400,0.25900000
2018-02-26 19:02:14,0.08432600,0.02400000
2018-02-26 19:02:15,0.08440300,0.02000000
2018-02-26 19:02:15,0.08440400,0.98000000
2018-02-26 19:02:15,0.08432600,0.88900000
2018-02-26 19:02:16,0.08439400,0.05200000
2018-02-26 19:02:16,0.08439400,0.28100000
2018-02-26 19:02:16,0.08430700,0.20000000
2018-02-26 19:02:16,0.08439400,0.06500000
2018-02-26 19:02:16,0.08439400,0.49800000
2018-02-26 19:02:17,0.08439300,0.02800000
2018-02-26 19:02:18,0.08430800,0.02900000
2018-02-26 19:02:18,0.08439300,0.06100000
2018-02-26 19:02:20,0.08439100,0.47300000
2018-02-26 19:02:20,0.08439100,0.06600000
2018-02-26 19:02:21,0.08439200,0.74900000
2018-02-26 19:02:22,0.08439200,0.18000000
2018-02-26 19:02:22,0.08439100,0.13100000
2018-02-26 19:02:23,0.08439100,0.18900000
2018-02-26 19:02:23,0.08430800,0.11600000
2018-02-26 19:02:23,0.08430800,0.04400000
2018-02-26 19:02:24,0.08439100,0.06000000
2018-02-26 19:02:24,0.08439100,0.02000000
2018-02-26 19:02:24,0.08439100,0.06000000
2018-02-26 19:02:24,0.08439100,0.12000000
2018-02-26 19:02:25,0.08439100,0.18600000
2018-02-26 19:02:25,0.08439100,0.19200000
2018-02-26 19:02:25,0.08439200,0.12600000
2018-02-26 19:02:25,0.08439200,0.03400000
2018-02-26 19:02:25,0.08439300,0.01600000
2018-02-26 19:02:25,0.08430800,0.43300000
2018-02-26 19:02:25,0.08430800,0.00100000
2018-02-26 19:02:25,0.08430700,0.03400000
2018-02-26 19:02:25,0.08439100,0.13600000
2018-02-26 19:02:25,0.08439100,0.03800000
2018-02-26 19:02:25,0.08439100,0.01600000
2018-02-26 19:02:25,0.08439100,0.11000000
2018-02-26 19:02:25,0.08439300,0.01500000
2018-02-26 19:02:26,0.08439100,0.01900000
2018-02-26 19:02:26,0.08439100,0.00100000
2018-02-26 19:02:26,0.08439200,0.01800000
2018-02-26 19:02:26,0.08439100,0.02000000
2018-02-26 19:02:26,0.08439200,0.01500000
2018-02-26 19:02:26,0.08439200,0.02100000
2018-02-26 19:02:26,0.08439100,0.01900000
2018-02-26 19:02:26,0.08439100,0.00100000
2018-02-26 19:02:26,0.08439200,0.01800000
2018-02-26 19:02:26,0.08439100,0.01500000
2018-02-26 19:02:27,0.08438200,0.24200000
2018-02-26 19:02:27,0.08438200,0.00300000
2018-02-26 19:02:27,0.08439200,0.11800000
2018-02-26 19:02:27,0.08430700,0.00800000
2018-02-26 19:02:27,0.08427700,0.01400000
2018-02-26 19:02:27,0.08426000,1.60800000
2018-02-26 19:02:28,0.08438000,0.11200000
2018-02-26 19:02:28,0.08438000,0.00800000
2018-02-26 19:02:28,0.08438100,0.11100000
2018-02-26 19:02:28,0.08438000,0.10000000
2018-02-26 19:02:28,0.08437900,0.03500000
2018-02-26 19:02:28,0.08437800,0.91700000
2018-02-26 19:02:28,0.08437900,0.22300000
2018-02-26 19:02:28,0.08437900,0.12300000
2018-02-26 19:02:29,0.08437900,0.35500000
2018-02-26 19:02:29,0.08437900,0.00100000
2018-02-26 19:02:29,0.08438300,0.01400000
2018-02-26 19:02:29,0.08443000,0.20900000
2018-02-26 19:02:29,0.08437900,0.02000000
2018-02-26 19:02:29,0.08438000,0.05000000
2018-02-26 19:02:29,0.08438000,0.00100000
2018-02-26 19:02:29,0.08427000,0.04800000
2018-02-26 19:02:30,0.08439100,0.06900000
2018-02-26 19:02:31,0.08439100,0.00100000
2018-02-26 19:02:31,0.08442800,0.61600000
2018-02-26 19:02:32,0.08442000,0.15400000
2018-02-26 19:02:32,0.08428400,1.16600000
2018-02-26 19:02:33,0.08430800,0.06600000
2018-02-26 19:02:33,0.08430800,0.02300000
2018-02-26 19:02:33,0.08430800,0.06100000
2018-02-26 19:02:33,0.08441900,0.08800000
2018-02-26 19:02:33,0.08441900,0.14900000
2018-02-26 19:02:33,0.08441900,0.09600000
2018-02-26 19:02:33,0.08441900,0.14900000
2018-02-26 19:02:33,0.08441900,0.14900000
2018-02-26 19:02:33,0.08441900,0.04600000
2018-02-26 19:02:33,0.08441900,0.14900000
2018-02-26 19:02:33,0.08441900,0.01600000
2018-02-26 19:02:33,0.08441900,0.01300000
2018-02-26 19:02:33,0.08441900,0.03400000
2018-02-26 19:02:33,0.08441900,0.14900000
2018-02-26 19:02:33,0.08441900,0.12100000
2018-02-26 19:02:36,0.08429400,0.06000000
2018-02-26 19:02:37,0.08429400,1.15100000
2018-02-26 19:02:37,0.08441600,0.02500000
2018-02-26 19:02:37,0.08441600,0.15500000
2018-02-26 19:02:37,0.08441700,0.28700000
2018-02-26 19:02:38,0.08429900,0.07400000
2018-02-26 19:02:38,0.08430000,0.69900000
2018-02-26 19:02:39,0.08430000,0.04600000
2018-02-26 19:02:39,0.08430100,0.01600000
2018-02-26 19:02:39,0.08441400,0.02000000
2018-02-26 19:02:39,0.08441500,0.11100000
2018-02-26 19:02:40,0.08433200,0.09600000
2018-02-26 19:02:40,0.08433200,0.15800000
2018-02-26 19:02:40,0.08433200,0.02000000
2018-02-26 19:02:41,0.08433200,0.57100000
2018-02-26 19:02:41,0.08430000,0.16000000
2018-02-26 19:02:42,0.08430100,0.12800000
2018-02-26 19:02:42,0.08430300,0.12700000
2018-02-26 19:02:43,0.08430400,0.12100000
2018-02-26 19:02:44,0.08440800,0.05000000
2018-02-26 19:02:44,0.08440900,2.49400000
2018-02-26 19:02:44,0.08440800,0.02000000
2018-02-26 19:02:44,0.08440900,1.07200000
2018-02-26 19:02:44,0.08440900,0.03000000
2018-02-26 19:02:44,0.08440900,0.10000000
2018-02-26 19:02:44,0.08440900,0.03000000
2018-02-26 19:02:44,0.08440900,0.02000000
2018-02-26 19:02:44,0.08440900,0.12700000
2018-02-26 19:02:44,0.08440900,0.09800000
2018-02-26 19:02:44,0.08440900,0.03500000
2018-02-26 19:02:44,0.08440900,0.10700000
2018-02-26 19:02:44,0.08440900,0.08700000
2018-02-26 19:02:44,0.08440900,0.34200000
2018-02-26 19:02:44,0.08440900,0.46400000
2018-02-26 19:02:45,0.08440700,0.07600000
2018-02-26 19:02:45,0.08430700,0.20200000
2018-02-26 19:02:45,0.08430600,0.02000000
2018-02-26 19:02:45,0.08430500,1.38200000
2018-02-26 19:02:45,0.08430700,1.27800000
2018-02-26 19:02:45,0.08430700,0.47700000
2018-02-26 19:02:45,0.08430700,0.15300000
2018-02-26 19:02:45,0.08430700,0.88100000
2018-02-26 19:02:45,0.08430700,0.58500000
2018-02-26 19:02:45,0.08440600,0.01600000
2018-02-26 19:02:45,0.08440600,0.00400000
2018-02-26 19:02:45,0.08440700,0.20000000
2018-02-26 19:02:45,0.08440700,0.01500000
2018-02-26 19:02:46,0.08430800,0.05400000
2018-02-26 19:02:46,0.08430800,1.12000000
2018-02-26 19:02:46,0.08430700,0.17200000
2018-02-26 19:02:46,0.08430600,0.02000000
2018-02-26 19:02:46,0.08430500,0.04700000
2018-02-26 19:02:46,0.08430100,0.61700000
2018-02-26 19:02:46,0.08429900,0.07100000
2018-02-26 19:02:46,0.08429800,0.09500000
2018-02-26 19:02:46,0.08429800,0.08500000
2018-02-26 19:02:46,0.08428400,1.00000000
2018-02-26 19:02:46,0.08428000,1.01300000
2018-02-26 19:02:47,0.08430600,0.58200000
2018-02-26 19:02:47,0.08429800,0.18000000
2018-02-26 19:02:47,0.08429700,0.26300000
2018-02-26 19:02:48,0.08430400,0.02000000
2018-02-26 19:02:48,0.08430300,1.18600000
2018-02-26 19:02:48,0.08430100,1.32000000
2018-02-26 19:02:48,0.08429700,0.20700000
2018-02-26 19:02:49,0.08430400,0.01900000
2018-02-26 19:02:50,0.08430500,0.01900000
2018-02-26 19:02:50,0.08430500,0.00100000
2018-02-26 19:02:50,0.08430400,0.01800000
2018-02-26 19:02:50,0.08430500,0.01200000
2018-02-26 19:02:50,0.08439700,0.01200000
2018-02-26 19:02:52,0.08439100,0.84800000
2018-02-26 19:02:54,0.08429700,0.13800000
2018-02-26 19:02:59,0.08437600,0.01800000
2018-02-26 19:03:00,0.08429700,0.05900000
2018-02-26 19:03:00,0.08429700,0.01400000
2018-02-26 19:03:01,0.08429700,0.06200000
2018-02-26 19:03:01,0.08429700,0.27500000
2018-02-26 19:03:01,0.08429700,0.00200000
2018-02-26 19:03:01,0.08428200,0.02000000
2018-02-26 19:03:01,0.08428100,0.01600000
2018-02-26 19:03:02,0.08437500,0.02000000
2018-02-26 19:03:02,0.08437600,0.00400000
2018-02-26 19:03:02,0.08437600,0.01900000
2018-02-26 19:03:02,0.08437500,0.01900000
2018-02-26 19:03:02,0.08428400,0.11800000
2018-02-26 19:03:02,0.08428400,0.02100000
2018-02-26 19:03:03,0.08437300,0.11900000
2018-02-26 19:03:03,0.08428300,0.02000000
2018-02-26 19:03:03,0.08428100,1.09200000
2018-02-26 19:03:04,0.08437100,0.01900000
2018-02-26 19:03:04,0.08437100,0.00100000
2018-02-26 19:03:04,0.08437200,0.01800000
2018-02-26 19:03:04,0.08428300,0.01300000
2018-02-26 19:03:04,0.08437100,0.01900000
2018-02-26 19:03:05,0.08437000,0.01700000
2018-02-26 19:03:06,0.08437000,0.91500000
2018-02-26 19:03:06,0.08437000,0.24100000
2018-02-26 19:03:06,0.08436900,0.99900000
2018-02-26 19:03:07,0.08429700,0.02000000
2018-02-26 19:03:07,0.08429700,0.22600000
2018-02-26 19:03:07,0.08429700,0.33900000
2018-02-26 19:03:07,0.08429700,0.00100000
2018-02-26 19:03:07,0.08436900,0.02000000
2018-02-26 19:03:07,0.08437200,0.00600000
2018-02-26 19:03:07,0.08437200,0.11400000
2018-02-26 19:03:07,0.08437300,0.00100000
2018-02-26 19:03:07,0.08437700,0.22400000
2018-02-26 19:03:07,0.08437700,0.04100000
2018-02-26 19:03:07,0.08437700,0.33900000
2018-02-26 19:03:07,0.08437700,0.33900000
2018-02-26 19:03:07,0.08437700,0.24300000
2018-02-26 19:03:07,0.08438700,0.01900000
2018-02-26 19:03:07,0.08438700,0.12900000
2018-02-26 19:03:07,0.08438700,0.08400000
2018-02-26 19:03:07,0.08436900,0.02000000
2018-02-26 19:03:07,0.08438700,0.31800000
2018-02-26 19:03:07,0.08438700,0.24700000
2018-02-26 19:03:07,0.08439100,0.02400000
2018-02-26 19:03:07,0.08439700,0.06800000
2018-02-26 19:03:07,0.08439700,0.12200000
2018-02-26 19:03:07,0.08438700,0.13000000
2018-02-26 19:03:07,0.08439700,0.20900000
2018-02-26 19:03:07,0.08439700,0.12100000
2018-02-26 19:03:07,0.08439700,0.33900000
2018-02-26 19:03:07,0.08436900,0.01400000
2018-02-26 19:03:07,0.08436900,0.00600000
2018-02-26 19:03:07,0.08439700,0.12200000
2018-02-26 19:03:07,0.08438700,0.03000000
2018-02-26 19:03:07,0.08439700,0.03200000
2018-02-26 19:03:07,0.08436900,0.02000000
2018-02-26 19:03:07,0.08429600,0.44800000
2018-02-26 19:03:08,0.08439600,0.04900000
2018-02-26 19:03:08,0.08439600,0.82600000
2018-02-26 19:03:08,0.08439600,0.30800000
2018-02-26 19:03:09,0.08439600,0.23300000
2018-02-26 19:03:09,0.08439600,0.01700000
2018-02-26 19:03:10,0.08430400,0.10100000
2018-02-26 19:03:10,0.08430500,0.60400000
2018-02-26 19:03:11,0.08432000,0.36200000
2018-02-26 19:03:11,0.08432000,0.55000000
2018-02-26 19:03:11,0.08432000,0.02600000
2018-02-26 19:03:11,0.08432000,0.99000000
2018-02-26 19:03:11,0.08438600,0.10000000
2018-02-26 19:03:12,0.08438700,0.06500000
2018-02-26 19:03:12,0.08438700,0.13600000
2018-02-26 19:03:12,0.08438700,0.07100000
2018-02-26 19:03:13,0.08438700,0.07500000
2018-02-26 19:03:14,0.08438700,0.00100000
2018-02-26 19:03:14,0.08439600,0.11800000
2018-02-26 19:03:15,0.08432000,0.47300000
2018-02-26 19:03:15,0.08439600,0.03400000
2018-02-26 19:03:16,0.08439600,0.08900000
2018-02-26 19:03:16,0.08439600,0.53700000
2018-02-26 19:03:16,0.08439600,0.21300000
2018-02-26 19:03:16,0.08439600,0.18400000
2018-02-26 19:03:17,0.08439600,0.14000000
2018-02-26 19:03:17,0.08439600,0.37300000
2018-02-26 19:03:17,0.08439700,0.13400000
2018-02-26 19:03:17,0.08439700,0.20000000
2018-02-26 19:03:17,0.08439700,1.53400000
2018-02-26 19:03:18,0.08432100,0.03400000
2018-02-26 19:03:18,0.08439700,0.04400000
2018-02-26 19:03:18,0.08439700,0.04300000
2018-02-26 19:03:19,0.08432200,0.04200000
2018-02-26 19:03:19,0.08439700,0.05500000
2018-02-26 19:03:19,0.08439700,0.02700000
2018-02-26 19:03:20,0.08439700,0.11200000
2018-02-26 19:03:21,0.08439700,0.00100000
2018-02-26 19:03:22,0.08441600,0.32600000
2018-02-26 19:03:22,0.08439700,0.02000000
2018-02-26 19:03:22,0.08441600,0.29000000
2018-02-26 19:03:22,0.08439700,0.00100000
2018-02-26 19:03:22,0.08433000,0.01900000
2018-02-26 19:03:22,0.08433000,2.05100000
2018-02-26 19:03:22,0.08433000,0.01800000
2018-02-26 19:03:23,0.08443000,0.16200000
2018-02-26 19:03:23,0.08442900,0.35000000
2018-02-26 19:03:23,0.08442900,0.02000000
2018-02-26 19:03:24,0.08442900,0.57300000
2018-02-26 19:03:24,0.08442900,0.49900000
2018-02-26 19:03:24,0.08433500,0.02600000
2018-02-26 19:03:24,0.08442900,0.11700000
2018-02-26 19:03:24,0.08433600,0.90800000
2018-02-26 19:03:25,0.08442800,0.02600000
2018-02-26 19:03:25,0.08434000,1.59600000
2018-02-26 19:03:25,0.08433900,1.01400000
2018-02-26 19:03:25,0.08433700,0.63700000
2018-02-26 19:03:25,0.08433400,0.12000000
2018-02-26 19:03:25,0.08433200,0.18000000
2018-02-26 19:03:25,0.08432200,0.94000000
2018-02-26 19:03:25,0.08429700,4.70500000
2018-02-26 19:03:25,0.08428500,0.32100000
2018-02-26 19:03:26,0.08442800,0.01300000
2018-02-26 19:03:26,0.08433600,0.09000000
2018-02-26 19:03:26,0.08431800,0.02000000
2018-02-26 19:03:26,0.08431000,0.08000000
2018-02-26 19:03:26,0.08428500,1.29700000
2018-02-26 19:03:26,0.08428400,0.01200000
2018-02-26 19:03:26,0.08428000,0.04700000
2018-02-26 19:03:26,0.08427700,0.01400000
2018-02-26 19:03:26,0.08427000,0.04700000
2018-02-26 19:03:26,0.08425500,3.06200000
2018-02-26 19:03:26,0.08424800,0.33400000
2018-02-26 19:03:26,0.08424700,0.30800000
2018-02-26 19:03:26,0.08424600,2.23400000
2018-02-26 19:03:26,0.08424200,0.05000000
2018-02-26 19:03:26,0.08423800,0.32000000
2018-02-26 19:03:26,0.08423700,0.01500000
2018-02-26 19:03:26,0.08423500,0.58700000
2018-02-26 19:03:26,0.08423300,1.59900000
2018-02-26 19:03:26,0.08423300,0.14200000
2018-02-26 19:03:26,0.08442800,0.02600000
2018-02-26 19:03:26,0.08442700,1.59600000
2018-02-26 19:03:26,0.08442800,0.28200000
2018-02-26 19:03:26,0.08443000,0.05800000
2018-02-26 19:03:26,0.08443800,0.90800000
2018-02-26 19:03:26,0.08443900,1.50600000
2018-02-26 19:03:26,0.08445000,0.06200000
2018-02-26 19:03:26,0.08447300,0.71400000
2018-02-26 19:03:26,0.08442800,0.03000000
2018-02-26 19:03:26,0.08447300,2.34000000
2018-02-26 19:03:26,0.08442800,0.07000000
2018-02-26 19:03:26,0.08443100,0.02000000
2018-02-26 19:03:26,0.08443100,0.19200000
2018-02-26 19:03:26,0.08434000,0.12000000
2018-02-26 19:03:26,0.08433800,1.17400000
2018-02-26 19:03:26,0.08433600,0.05400000
2018-02-26 19:03:26,0.08433600,0.51000000
2018-02-26 19:03:26,0.08433600,0.07200000
2018-02-26 19:03:27,0.08433600,0.16500000
2018-02-26 19:03:27,0.08433600,0.06000000
2018-02-26 19:03:27,0.08442600,0.12000000
2018-02-26 19:03:27,0.08442700,0.04400000
2018-02-26 19:03:27,0.08438300,0.01400000
2018-02-26 19:03:27,0.08442700,0.01600000
2018-02-26 19:03:27,0.08442700,0.02500000
2018-02-26 19:03:27,0.08442700,0.22400000
2018-02-26 19:03:27,0.08442700,0.15300000
2018-02-26 19:03:27,0.08442700,0.05900000
2018-02-26 19:03:27,0.08432100,0.35000000
2018-02-26 19:03:27,0.08442500,0.91700000
2018-02-26 19:03:27,0.08442600,0.24900000
2018-02-26 19:03:28,0.08433500,0.09900000
2018-02-26 19:03:28,0.08433500,0.42000000
2018-02-26 19:03:28,0.08433500,0.00200000
2018-02-26 19:03:28,0.08440500,0.01500000
2018-02-26 19:03:28,0.08442600,0.09700000
2018-02-26 19:03:28,0.08442600,0.17200000
2018-02-26 19:03:28,0.08442600,0.03600000
2018-02-26 19:03:28,0.08442700,0.38500000
2018-02-26 19:03:28,0.08432300,0.09400000
2018-02-26 19:03:28,0.08432300,0.09700000
2018-02-26 19:03:28,0.08432300,0.44800000
2018-02-26 19:03:29,0.08432400,0.11600000
2018-02-26 19:03:30,0.08432700,0.04200000
2018-02-26 19:03:30,0.08444200,0.63700000
2018-02-26 19:03:30,0.08447200,0.09800000
2018-02-26 19:03:31,0.08444300,0.02000000
2018-02-26 19:03:31,0.08447300,0.19600000
2018-02-26 19:03:31,0.08448200,0.55800000
2018-02-26 19:03:31,0.08447200,0.09700000
2018-02-26 19:03:31,0.08447200,0.59400000
2018-02-26 19:03:31,0.08448200,0.09300000
2018-02-26 19:03:32,0.08448200,0.09800000
2018-02-26 19:03:32,0.08448200,1.50500000
2018-02-26 19:03:32,0.08447200,0.01900000
2018-02-26 19:03:33,0.08434700,0.01600000
2018-02-26 19:03:33,0.08436000,0.12800000
2018-02-26 19:03:33,0.08436100,0.08200000
2018-02-26 19:03:33,0.08447200,0.00100000
2018-02-26 19:03:33,0.08448800,0.05500000
2018-02-26 19:03:34,0.08447200,0.01900000
2018-02-26 19:03:35,0.08447100,0.02400000
2018-02-26 19:03:35,0.08436500,0.11500000
2018-02-26 19:03:35,0.08447100,0.10300000
2018-02-26 19:03:36,0.08436700,0.65000000
2018-02-26 19:03:36,0.08436700,0.06800000
2018-02-26 19:03:36,0.08436800,0.18000000
2018-02-26 19:03:36,0.08447100,0.00200000
2018-02-26 19:03:36,0.08448900,0.19800000
2018-02-26 19:03:37,0.08448800,0.14200000
2018-02-26 19:03:37,0.08436900,0.02400000
2018-02-26 19:03:37,0.08436900,1.08300000
2018-02-26 19:03:37,0.08437000,0.17200000
2018-02-26 19:03:38,0.08445400,0.20000000
2018-02-26 19:03:38,0.08438300,0.01400000
2018-02-26 19:03:38,0.08437100,0.05000000
2018-02-26 19:03:38,0.08437000,0.01200000
2018-02-26 19:03:38,0.08437000,0.09500000
2018-02-26 19:03:38,0.08437100,0.03000000
2018-02-26 19:03:38,0.08437000,0.13300000
2018-02-26 19:03:38,0.08437000,0.06800000
2018-02-26 19:03:38,0.08437100,0.02000000
2018-02-26 19:03:38,0.08437000,0.17900000
2018-02-26 19:03:38,0.08437000,0.19900000
2018-02-26 19:03:38,0.08437000,0.11800000
2018-02-26 19:03:38,0.08437100,0.02000000
2018-02-26 19:03:38,0.08437000,0.17900000
2018-02-26 19:03:38,0.08437100,0.02900000
2018-02-26 19:03:39,0.08440500,0.32000000
2018-02-26 19:03:41,0.08448500,0.02900000
2018-02-26 19:03:42,0.08440500,0.00100000
2018-02-26 19:03:42,0.08437200,0.02000000
2018-02-26 19:03:42,0.08437100,0.61700000
2018-02-26 19:03:42,0.08437100,0.02000000
2018-02-26 19:03:42,0.08437100,0.02000000
2018-02-26 19:03:43,0.08437100,0.02000000
2018-02-26 19:03:43,0.08437100,0.02000000
2018-02-26 19:03:43,0.08437100,0.62300000
2018-02-26 19:03:43,0.08437100,0.02000000
2018-02-26 19:03:43,0.08437100,0.02000000
2018-02-26 19:03:43,0.08437100,0.02300000
2018-02-26 19:03:43,0.08437100,0.03200000
2018-02-26 19:03:43,0.08437100,0.04900000
2018-02-26 19:03:43,0.08437100,0.10400000
2018-02-26 19:03:43,0.08437100,0.01600000
2018-02-26 19:03:43,0.08437100,0.63900000
2018-02-26 19:03:43,0.08437100,0.18800000
2018-02-26 19:03:44,0.08437100,0.48700000
2018-02-26 19:03:44,0.08437100,2.15300000
2018-02-26 19:03:44,0.08437100,0.65800000
2018-02-26 19:03:45,0.08437100,2.38000000
2018-02-26 19:03:45,0.08437100,0.12300000
2018-02-26 19:03:47,0.08437100,2.80300000
2018-02-26 19:03:47,0.08435100,0.13000000
2018-02-26 19:03:47,0.08437100,0.00100000
2018-02-26 19:03:48,0.08435100,0.40600000
2018-02-26 19:03:49,0.08435100,0.20400000
2018-02-26 19:03:49,0.08437100,3.43700000
2018-02-26 19:03:49,0.08437100,0.11600000
2018-02-26 19:03:50,0.08437100,0.79600000
2018-02-26 19:03:51,0.08437100,1.01100000
2018-02-26 19:03:52,0.08437100,0.05900000
2018-02-26 19:03:52,0.08437100,2.00800000
2018-02-26 19:03:53,0.08437100,0.12800000
2018-02-26 19:03:53,0.08437100,1.20100000
2018-02-26 19:03:55,0.08437100,0.05600000
2018-02-26 19:03:55,0.08437100,0.42400000
2018-02-26 19:03:56,0.08435100,0.51300000
2018-02-26 19:03:57,0.08435100,0.08300000
2018-02-26 19:03:57,0.08435100,0.09800000
2018-02-26 19:03:59,0.08436900,0.01900000
2018-02-26 19:04:00,0.08436100,1.00000000
2018-02-26 19:04:00,0.08436100,0.39000000
2018-02-26 19:04:00,0.08436100,7.48800000
2018-02-26 19:04:01,0.08436900,0.00100000
2018-02-26 19:04:01,0.08437000,0.02600000
2018-02-26 19:04:01,0.08435100,0.11000000
2018-02-26 19:04:02,0.08435100,0.13600000
2018-02-26 19:04:02,0.08436900,0.01900000
2018-02-26 19:04:02,0.08435100,0.29300000
2018-02-26 19:04:07,0.08435100,0.00100000
2018-02-26 19:04:07,0.08432000,0.19300000
2018-02-26 19:04:07,0.08428600,0.18400000
2018-02-26 19:04:08,0.08428600,0.28000000
2018-02-26 19:04:08,0.08436900,0.00100000
2018-02-26 19:04:08,0.08437000,4.99900000
2018-02-26 19:04:09,0.08436900,0.01900000
2018-02-26 19:04:09,0.08436900,0.00100000
2018-02-26 19:04:09,0.08437000,0.01800000
2018-02-26 19:04:09,0.08437000,0.05800000
2018-02-26 19:04:09,0.08437000,0.34500000
2018-02-26 19:04:09,0.08437000,0.04600000
2018-02-26 19:04:11,0.08437000,0.29600000
2018-02-26 19:04:14,0.08437000,1.05900000
2018-02-26 19:04:15,0.08437000,0.14600000
2018-02-26 19:04:15,0.08437000,0.19600000
2018-02-26 19:04:15,0.08437000,1.32800000
2018-02-26 19:04:15,0.08437000,0.16800000
2018-02-26 19:04:16,0.08437000,0.20300000
2018-02-26 19:04:16,0.08437000,3.90800000
2018-02-26 19:04:17,0.08430600,0.06700000
2018-02-26 19:04:18,0.08430600,0.21900000
2018-02-26 19:04:20,0.08436900,0.11000000
2018-02-26 19:04:20,0.08436900,0.11000000
2018-02-26 19:04:20,0.08436900,0.23500000
2018-02-26 19:04:20,0.08436900,0.01600000
2018-02-26 19:04:20,0.08436900,0.15500000
2018-02-26 19:04:20,0.08436900,0.13700000
2018-02-26 19:04:20,0.08436900,0.28400000
2018-02-26 19:04:20,0.08436900,0.01200000
2018-02-26 19:04:20,0.08437000,0.12300000
2018-02-26 19:04:21,0.08437000,1.01700000
2018-02-26 19:04:21,0.08436900,0.06600000
2018-02-26 19:04:21,0.08436900,0.33500000
2018-02-26 19:04:21,0.08436900,0.06600000
2018-02-26 19:04:21,0.08436900,0.37900000
2018-02-26 19:04:21,0.08437000,0.58100000
2018-02-26 19:04:21,0.08436900,0.03900000
2018-02-26 19:04:22,0.08437000,0.00100000
2018-02-26 19:04:22,0.08437100,0.41900000
2018-02-26 19:04:22,0.08436900,0.92900000
2018-02-26 19:04:22,0.08437100,0.35500000
2018-02-26 19:04:23,0.08437000,0.70600000
2018-02-26 19:04:24,0.08437100,0.36400000
2018-02-26 19:04:24,0.08437100,0.16100000
2018-02-26 19:04:24,0.08437000,0.02100000
2018-02-26 19:04:25,0.08437000,0.34100000
2018-02-26 19:04:25,0.08437000,0.29200000
2018-02-26 19:04:25,0.08436900,0.00100000
2018-02-26 19:04:25,0.08435100,0.06800000
2018-02-26 19:04:25,0.08437100,2.50000000
2018-02-26 19:04:26,0.08435100,0.03500000
2018-02-26 19:04:27,0.08437100,0.13900000
2018-02-26 19:04:27,0.08437100,0.15600000
2018-02-26 19:04:27,0.08435100,0.98000000
2018-02-26 19:04:27,0.08437100,0.04100000
2018-02-26 19:04:27,0.08435100,0.39300000
2018-02-26 19:04:27,0.08435100,0.39100000
2018-02-26 19:04:27,0.08435100,0.02300000
2018-02-26 19:04:27,0.08437100,0.20000000
2018-02-26 19:04:27,0.08437100,0.04100000
2018-02-26 19:04:28,0.08435100,0.15000000
2018-02-26 19:04:29,0.08437100,1.00000000
2018-02-26 19:04:29,0.08437100,0.69900000
2018-02-26 19:04:29,0.08437100,0.04600000
2018-02-26 19:04:29,0.08437100,0.98700000
2018-02-26 19:04:29,0.08437100,0.07600000
2018-02-26 19:04:29,0.08437100,0.06500000
2018-02-26 19:04:31,0.08437100,3.90800000
2018-02-26 19:04:31,0.08435100,0.01200000
2018-02-26 19:04:31,0.08437000,0.04700000
2018-02-26 19:04:31,0.08437100,0.06100000
2018-02-26 19:04:31,0.08437100,0.01300000
2018-02-26 19:04:37,0.08437100,0.32000000
2018-02-26 19:04:37,0.08437100,0.00200000
2018-02-26 19:04:37,0.08439000,0.06900000
2018-02-26 19:04:39,0.08439000,0.92100000
2018-02-26 19:04:39,0.08439000,0.00600000
2018-02-26 19:04:39,0.08439100,0.09500000
2018-02-26 19:04:39,0.08435100,0.02600000
2018-02-26 19:04:40,0.08435100,0.36000000
2018-02-26 19:04:41,0.08439100,0.33300000
2018-02-26 19:04:42,0.08439100,0.11800000
2018-02-26 19:04:42,0.08439100,0.05800000
2018-02-26 19:04:42,0.08439100,0.05800000
2018-02-26 19:04:42,0.08435100,2.09600000
2018-02-26 19:04:43,0.08439100,2.55100000
2018-02-26 19:04:43,0.08439100,0.21400000
2018-02-26 19:04:43,0.08439300,0.99400000
2018-02-26 19:04:43,0.08435200,0.17000000
2018-02-26 19:04:43,0.08435100,2.09700000
2018-02-26 19:04:43,0.08432000,0.99200000
2018-02-26 19:04:43,0.08435200,0.02800000
2018-02-26 19:04:44,0.08439000,0.09000000
2018-02-26 19:04:44,0.08435200,0.14100000
2018-02-26 19:04:44,0.08435200,0.15000000
2018-02-26 19:04:44,0.08432100,0.40500000
2018-02-26 19:04:45,0.08439000,0.65400000
2018-02-26 19:04:45,0.08439000,11.67200000
2018-02-26 19:04:46,0.08439000,0.00400000
2018-02-26 19:04:46,0.08439300,0.00700000
2018-02-26 19:04:46,0.08443500,0.06800000
2018-02-26 19:04:48,0.08442900,0.09700000
2018-02-26 19:04:48,0.08442900,0.32700000
2018-02-26 19:04:50,0.08442700,1.64300000
2018-02-26 19:04:50,0.08442800,0.73300000
2018-02-26 19:04:50,0.08433200,0.48000000
2018-02-26 19:04:51,0.08443000,0.34700000
2018-02-26 19:04:51,0.08433300,0.07500000
2018-02-26 19:04:52,0.08442800,0.12000000
2018-02-26 19:04:54,0.08439100,0.04100000
2018-02-26 19:04:55,0.08439100,0.24500000
2018-02-26 19:04:55,0.08439100,0.00100000
2018-02-26 19:04:55,0.08434100,0.24400000
2018-02-26 19:04:55,0.08443500,0.01600000
2018-02-26 19:04:55,0.08443500,0.27400000
2018-02-26 19:04:55,0.08443900,0.20400000
2018-02-26 19:04:55,0.08444000,0.02000000
2018-02-26 19:04:55,0.08445400,0.03800000
2018-02-26 19:04:55,0.08445500,0.03000000
2018-02-26 19:04:55,0.08445500,0.27400000
2018-02-26 19:04:56,0.08444000,0.01900000
2018-02-26 19:04:56,0.08444000,0.00100000
2018-02-26 19:04:56,0.08445500,0.40400000
2018-02-26 19:04:56,0.08444000,0.01900000
2018-02-26 19:04:56,0.08443900,0.20000000
2018-02-26 19:04:57,0.08443900,0.44200000
2018-02-26 19:04:57,0.08445500,0.11000000
2018-02-26 19:04:57,0.08446000,0.02000000
2018-02-26 19:04:57,0.08447800,0.44500000
2018-02-26 19:04:57,0.08446000,0.01900000
2018-02-26 19:04:57,0.08446000,0.00100000
2018-02-26 19:04:57,0.08448200,0.01800000
2018-02-26 19:04:57,0.08435100,0.03500000
2018-02-26 19:04:57,0.08446000,0.01900000
2018-02-26 19:04:57,0.08446200,0.01900000
2018-02-26 19:04:57,0.08446200,0.00100000
2018-02-26 19:04:57,0.08447500,0.19900000
2018-02-26 19:04:57,0.08446200,0.01900000
2018-02-26 19:04:58,0.08436100,0.71800000
2018-02-26 19:04:58,0.08446200,0.00100000
2018-02-26 19:04:58,0.08446200,0.02000000
2018-02-26 19:04:58,0.08446200,0.02000000
2018-02-26 19:04:58,0.08446200,0.02000000
2018-02-26 19:04:58,0.08446200,0.05200000
2018-02-26 19:04:58,0.08448100,0.61600000
2018-02-26 19:04:59,0.08448100,0.09200000
2018-02-26 19:04:59,0.08448100,0.09200000
2018-02-26 19:05:00,0.08448100,0.09000000
2018-02-26 19:05:01,0.08446200,0.00300000
2018-02-26 19:05:01,0.08436500,3.24900000
2018-02-26 19:05:01,0.08448100,0.62400000
2018-02-26 19:05:01,0.08448900,0.04100000
2018-02-26 19:05:01,0.08438000,0.50000000
2018-02-26 19:05:02,0.08448100,0.04400000
2018-02-26 19:05:02,0.08448100,0.01400000
2018-02-26 19:05:02,0.08448100,0.03700000
2018-02-26 19:05:02,0.08445500,0.09900000
2018-02-26 19:05:02,0.08438300,0.21400000
2018-02-26 19:05:02,0.08438200,0.97000000
2018-02-26 19:05:03,0.08445500,0.00100000
2018-02-26 19:05:03,0.08448700,0.16000000
2018-02-26 19:05:03,0.08448800,0.10900000
2018-02-26 19:05:03,0.08448700,0.03000000
2018-02-26 19:05:03,0.08448900,0.19300000
2018-02-26 19:05:03,0.08448700,0.12000000
2018-02-26 19:05:03,0.08448700,0.07000000
2018-02-26 19:05:03,0.08448800,0.10100000
2018-02-26 19:05:03,0.08448700,0.16000000
2018-02-26 19:05:03,0.08448800,0.04000000
2018-02-26 19:05:03,0.08439000,0.09700000
2018-02-26 19:05:04,0.08447900,1.18300000
2018-02-26 19:05:04,0.08447900,5.98100000
2018-02-26 19:05:04,0.08447900,0.55000000
2018-02-26 19:05:04,0.08447800,2.99300000
2018-02-26 19:05:04,0.08439000,0.03700000
2018-02-26 19:05:04,0.08447900,0.36100000
2018-02-26 19:05:04,0.08447900,1.70500000
2018-02-26 19:05:04,0.08448000,0.35800000
2018-02-26 19:05:05,0.08448800,0.12500000
2018-02-26 19:05:05,0.08448800,0.02400000
2018-02-26 19:05:05,0.08439100,2.11300000
2018-02-26 19:05:05,0.08448400,0.01900000
2018-02-26 19:05:05,0.08448400,0.00100000
2018-02-26 19:05:05,0.08448900,0.01800000
2018-02-26 19:05:06,0.08447800,0.61100000
2018-02-26 19:05:07,0.08439500,0.01900000
2018-02-26 19:05:07,0.08439700,0.26900000
2018-02-26 19:05:08,0.08439700,0.03500000
2018-02-26 19:05:08,0.08447800,0.00100000
2018-02-26 19:05:08,0.08447900,0.30500000
2018-02-26 19:05:08,0.08447900,0.03400000
2018-02-26 19:05:08,0.08447900,0.06500000
2018-02-26 19:05:08,0.08439700,0.71700000
2018-02-26 19:05:08,0.08447900,0.80500000
2018-02-26 19:05:09,0.08448000,0.88100000
2018-02-26 19:05:09,0.08439700,0.18000000
2018-02-26 19:05:09,0.08447900,0.90400000
2018-02-26 19:05:09,0.08448000,7.28600000
2018-02-26 19:05:09,0.08448800,0.99200000
2018-02-26 19:05:09,0.08448800,0.12800000
2018-02-26 19:05:09,0.08440100,0.38000000
2018-02-26 19:05:10,0.08448800,2.05100000
2018-02-26 19:05:13,0.08440100,0.01900000
2018-02-26 19:05:13,0.08440100,0.00100000
2018-02-26 19:05:13,0.08440000,0.12000000
2018-02-26 19:05:13,0.08439400,0.12000000
2018-02-26 19:05:13,0.08439100,0.22600000
2018-02-26 19:05:13,0.08439100,0.03700000
2018-02-26 19:05:15,0.08448400,0.02000000
2018-02-26 19:05:15,0.08448600,0.24000000
2018-02-26 19:05:15,0.08448800,0.61700000
2018-02-26 19:05:15,0.08448900,2.66400000
2018-02-26 19:05:15,0.08449000,0.12000000
2018-02-26 19:05:18,0.08440000,0.35000000
2018-02-26 19:05:18,0.08439700,1.21800000
2018-02-26 19:05:18,0.08439600,0.02000000
2018-02-26 19:05:18,0.08439400,0.42100000
2018-02-26 19:05:18,0.08448200,0.05900000
2018-02-26 19:05:19,0.08440200,0.11900000
2018-02-26 19:05:19,0.08440200,0.00100000
2018-02-26 19:05:19,0.08440100,0.53500000
2018-02-26 19:05:19,0.08448200,0.01900000
2018-02-26 19:05:19,0.08440100,0.08200000
2018-02-26 19:05:19,0.08439700,0.01800000
2018-02-26 19:05:22,0.08439700,0.59300000
2018-02-26 19:05:23,0.08439700,0.09900000
2018-02-26 19:05:24,0.08439700,0.00100000
2018-02-26 19:05:24,0.08440000,0.21900000
2018-02-26 19:05:24,0.08439400,0.22500000
2018-02-26 19:05:24,0.08438300,0.03400000
2018-02-26 19:05:24,0.08437400,0.33400000
2018-02-26 19:05:25,0.08438300,0.01900000
2018-02-26 19:05:25,0.08438400,0.03500000
2018-02-26 19:05:25,0.08438400,0.01500000
2018-02-26 19:05:25,0.08438400,0.03500000
2018-02-26 19:05:26,0.08438500,0.01700000
2018-02-26 19:05:26,0.08447700,0.02000000
2018-02-26 19:05:26,0.08447800,0.05000000
2018-02-26 19:05:26,0.08438500,0.00300000
2018-02-26 19:05:26,0.08437400,0.02000000
2018-02-26 19:05:26,0.08438500,0.02000000
2018-02-26 19:05:26,0.08438000,0.02000000
2018-02-26 19:05:27,0.08438000,0.02000000
2018-02-26 19:05:27,0.08438000,0.02000000
2018-02-26 19:05:27,0.08438000,0.02000000
2018-02-26 19:05:27,0.08438500,0.01900000
2018-02-26 19:05:28,0.08439800,0.02400000
2018-02-26 19:05:29,0.08446800,0.01900000
2018-02-26 19:05:31,0.08442800,1.18600000
2018-02-26 19:05:31,0.08442800,0.82600000
2018-02-26 19:05:31,0.08442800,0.00100000
2018-02-26 19:05:31,0.08437600,0.03300000
2018-02-26 19:05:32,0.08437700,0.02000000
2018-02-26 19:05:32,0.08437600,0.30200000
2018-02-26 19:05:32,0.08437700,0.02000000
2018-02-26 19:05:32,0.08437600,0.09900000
2018-02-26 19:05:32,0.08437600,0.09200000
2018-02-26 19:05:32,0.08437600,0.01600000
2018-02-26 19:05:36,0.08445800,0.01900000
2018-02-26 19:05:37,0.08445900,0.08300000
2018-02-26 19:05:39,0.08445900,0.03000000
2018-02-26 19:05:41,0.08437700,0.28700000
2018-02-26 19:05:42,0.08445800,0.04700000
2018-02-26 19:05:42,0.08445900,0.00700000
2018-02-26 19:05:42,0.08446000,1.21600000
2018-02-26 19:05:42,0.08446200,0.02000000
2018-02-26 19:05:42,0.08447500,0.08500000
2018-02-26 19:05:42,0.08447700,0.38000000
2018-02-26 19:05:42,0.08448200,0.04200000
2018-02-26 19:05:42,0.08448300,0.03000000
2018-02-26 19:05:42,0.08448900,0.60600000
2018-02-26 19:05:42,0.08449000,1.05500000
2018-02-26 19:05:42,0.08450000,3.06700000
2018-02-26 19:05:42,0.08450700,0.17200000
2018-02-26 19:05:42,0.08453300,0.60000000
2018-02-26 19:05:42,0.08454500,0.52200000
2018-02-26 19:05:42,0.08454600,0.35800000
2018-02-26 19:05:42,0.08455000,0.39200000
2018-02-26 19:05:42,0.08456000,4.00000000
2018-02-26 19:05:42,0.08457600,0.05900000
2018-02-26 19:05:42,0.08458600,0.05600000
2018-02-26 19:05:42,0.08458700,0.73500000
2018-02-26 19:05:42,0.08459300,0.11700000
2018-02-26 19:05:42,0.08459500,0.01400000
2018-02-26 19:05:42,0.08459700,0.23600000
2018-02-26 19:05:42,0.08460600,0.15700000
2018-02-26 19:05:42,0.08463800,0.02800000
2018-02-26 19:05:42,0.08465000,0.06700000
2018-02-26 19:05:42,0.08465700,0.05600000
2018-02-26 19:05:42,0.08465800,0.69100000
2018-02-26 19:05:42,0.08469000,0.03500000
2018-02-26 19:05:42,0.08475000,0.15900000
2018-02-26 19:05:42,0.08475100,0.25300000
2018-02-26 19:05:42,0.08477300,0.05600000
2018-02-26 19:05:42,0.08477400,0.69100000
2018-02-26 19:05:42,0.08477700,0.04800000
2018-02-26 19:05:42,0.08478800,0.04800000
2018-02-26 19:05:42,0.08480000,0.09700000
2018-02-26 19:05:42,0.08480400,0.04800000
2018-02-26 19:05:42,0.08481000,0.05800000
2018-02-26 19:05:42,0.08481100,5.92900000
2018-02-26 19:05:42,0.08485000,0.93600000
2018-02-26 19:05:42,0.08486100,0.08100000
2018-02-26 19:05:42,0.08486300,1.08900000
2018-02-26 19:05:42,0.08489900,0.05900000
2018-02-26 19:05:42,0.08490000,10.00000000
2018-02-26 19:05:42,0.08490900,0.04000000
2018-02-26 19:05:42,0.08495000,0.57900000
2018-02-26 19:05:42,0.08497800,0.20000000
2018-02-26 19:05:42,0.08497900,1.18000000
2018-02-26 19:05:42,0.08499000,0.27900000
2018-02-26 19:05:42,0.08499300,0.41700000
2018-02-26 19:05:42,0.08499400,0.41700000
2018-02-26 19:05:42,0.08499500,0.83400000
2018-02-26 19:05:42,0.08499600,0.55500000
2018-02-26 19:05:42,0.08499700,0.74000000
2018-02-26 19:05:42,0.08499800,0.98700000
2018-02-26 19:05:42,0.08499900,0.23400000
2018-02-26 19:05:42,0.08500000,9.13600000
2018-02-26 19:05:42,0.08446200,0.02000000
2018-02-26 19:05:42,0.08500000,0.02500000
2018-02-26 19:05:42,0.08438200,0.02800000
2018-02-26 19:05:42,0.08446200,0.01900000
2018-02-26 19:05:42,0.08448000,0.39400000
2018-02-26 19:05:43,0.08448000,0.00600000
2018-02-26 19:05:43,0.08448900,0.00800000
2018-02-26 19:05:44,0.08447400,0.02800000
2018-02-26 19:05:45,0.08440000,5.38800000
2018-02-26 19:05:45,0.08440000,1.18700000
2018-02-26 19:05:46,0.08440300,0.01600000
2018-02-26 19:05:46,0.08440300,3.19500000
2018-02-26 19:05:46,0.08440400,0.48100000
2018-02-26 19:05:47,0.08440400,0.13600000
2018-02-26 19:05:47,0.08440300,0.26400000
2018-02-26 19:05:47,0.08440300,0.13300000
2018-02-26 19:05:47,0.08447300,0.13700000
2018-02-26 19:05:47,0.08440300,0.12000000
2018-02-26 19:05:47,0.08440100,1.04200000
2018-02-26 19:05:47,0.08440000,0.03100000
2018-02-26 19:05:48,0.08447300,0.01300000
2018-02-26 19:05:48,0.08440000,0.40100000
2018-02-26 19:05:49,0.08447300,0.14900000
2018-02-26 19:05:49,0.08447300,0.67000000
2018-02-26 19:05:49,0.08447300,0.64400000
2018-02-26 19:05:49,0.08447200,0.11800000
2018-02-26 19:05:49,0.08447200,0.20000000
2018-02-26 19:05:49,0.08447200,0.03300000
2018-02-26 19:05:50,0.08440100,0.03400000
2018-02-26 19:05:50,0.08440100,0.96400000
2018-02-26 19:05:50,0.08440100,0.35500000
2018-02-26 19:05:50,0.08447200,0.02600000
2018-02-26 19:05:51,0.08440100,0.09500000
2018-02-26 19:05:51,0.08441000,0.01900000
2018-02-26 19:05:51,0.08441000,0.03500000
2018-02-26 19:05:52,0.08441000,0.93900000
2018-02-26 19:05:52,0.08447200,0.46800000
2018-02-26 19:05:52,0.08441000,4.89000000
2018-02-26 19:05:53,0.08447200,0.19700000
2018-02-26 19:05:53,0.08447300,0.27100000
2018-02-26 19:05:53,0.08440100,0.00100000
2018-02-26 19:05:53,0.08440000,4.99900000
2018-02-26 19:05:54,0.08447300,0.22900000
2018-02-26 19:05:54,0.08440000,0.19700000
2018-02-26 19:05:54,0.08440000,0.15500000
2018-02-26 19:05:54,0.08440000,0.20000000
2018-02-26 19:05:54,0.08440000,0.45500000
2018-02-26 19:05:55,0.08440000,0.11400000
2018-02-26 19:05:55,0.08447300,0.02200000
2018-02-26 19:05:55,0.08447300,0.04600000
2018-02-26 19:05:56,0.08440100,0.36900000
2018-02-26 19:05:56,0.08440000,1.01900000
2018-02-26 19:05:56,0.08440000,0.84400000
2018-02-26 19:05:56,0.08447300,1.18200000
2018-02-26 19:05:57,0.08440000,0.28000000
2018-02-26 19:05:57,0.08447600,0.01600000
2018-02-26 19:05:57,0.08447600,0.38400000
2018-02-26 19:05:57,0.08447900,1.02500000
2018-02-26 19:05:57,0.08447900,0.18500000
2018-02-26 19:05:57,0.08452800,0.01500000
2018-02-26 19:05:57,0.08452800,0.60100000
2018-02-26 19:05:58,0.08449800,0.40000000
2018-02-26 19:05:58,0.08452800,0.00100000
2018-02-26 19:05:58,0.08457400,0.01500000
2018-02-26 19:05:58,0.08459400,0.06400000
2018-02-26 19:05:58,0.08459500,0.01400000
2018-02-26 19:05:58,0.08470000,9.57700000
2018-02-26 19:05:58,0.08450100,0.02800000
2018-02-26 19:05:58,0.08450100,0.08200000
2018-02-26 19:05:58,0.08450600,0.02600000
2018-02-26 19:05:58,0.08450600,0.37700000
2018-02-26 19:05:58,0.08450600,0.21200000
2018-02-26 19:05:58,0.08450600,0.11900000
2018-02-26 19:05:58,0.08450600,0.21200000
2018-02-26 19:05:58,0.08450600,0.23600000
2018-02-26 19:05:58,0.08450100,0.20900000
2018-02-26 19:05:58,0.08450100,0.08100000
2018-02-26 19:05:58,0.08441100,0.25200000
2018-02-26 19:05:58,0.08441100,0.14800000
2018-02-26 19:05:58,0.08441100,0.21200000
2018-02-26 19:05:58,0.08441100,0.02700000
2018-02-26 19:05:58,0.08441100,0.30900000
2018-02-26 19:05:58,0.08441100,0.03400000
2018-02-26 19:05:58,0.08441100,0.23000000
2018-02-26 19:05:58,0.08452500,4.36700000
2018-02-26 19:05:58,0.08452800,0.07800000
2018-02-26 19:05:58,0.08452800,1.37500000
2018-02-26 19:05:58,0.08452800,1.03600000
2018-02-26 19:05:58,0.08452800,0.03000000
2018-02-26 19:05:58,0.08452900,0.01200000
2018-02-26 19:05:58,0.08453000,0.17400000
2018-02-26 19:05:58,0.08453000,0.50000000
2018-02-26 19:05:58,0.08453000,0.59200000
2018-02-26 19:05:59,0.08453000,0.44700000
2018-02-26 19:05:59,0.08453000,0.07300000
2018-02-26 19:05:59,0.08453000,0.07300000
2018-02-26 19:05:59,0.08453000,0.70600000
2018-02-26 19:05:59,0.08453000,0.15800000
2018-02-26 19:05:59,0.08453000,0.52200000
2018-02-26 19:05:59,0.08452900,0.20600000
2018-02-26 19:05:59,0.08452900,0.03400000
2018-02-26 19:05:59,0.08452900,0.03400000
2018-02-26 19:05:59,0.08452900,0.13900000
2018-02-26 19:05:59,0.08453000,0.10000000
2018-02-26 19:05:59,0.08452900,0.27300000
2018-02-26 19:05:59,0.08452900,0.79000000
2018-02-26 19:05:59,0.08452900,0.23900000
2018-02-26 19:05:59,0.08453000,0.03000000
2018-02-26 19:05:59,0.08452900,1.17500000
2018-02-26 19:05:59,0.08453000,0.61400000
2018-02-26 19:05:59,0.08453000,0.01500000
2018-02-26 19:05:59,0.08452900,0.68300000
2018-02-26 19:05:59,0.08453000,0.11900000
2018-02-26 19:05:59,0.08453100,0.05900000
2018-02-26 19:05:59,0.08453100,0.04200000
2018-02-26 19:05:59,0.08453100,0.02000000
2018-02-26 19:05:59,0.08453100,0.62400000
2018-02-26 19:06:00,0.08453100,0.03000000
2018-02-26 19:06:00,0.08453100,0.03000000
2018-02-26 19:06:00,0.08453100,1.00800000
2018-02-26 19:06:00,0.08452900,0.45500000
2018-02-26 19:06:00,0.08452800,1.14900000
2018-02-26 19:06:00,0.08452800,0.03700000
2018-02-26 19:06:00,0.08453100,0.61700000
2018-02-26 19:06:00,0.08452800,0.21100000
2018-02-26 19:06:00,0.08452800,0.05000000
2018-02-26 19:06:00,0.08459500,0.20000000
2018-02-26 19:06:00,0.08452800,0.01000000
2018-02-26 19:06:00,0.08452800,1.30600000
2018-02-26 19:06:00,0.08448900,0.01400000
2018-02-26 19:06:00,0.08441400,0.05600000
2018-02-26 19:06:00,0.08441200,1.04000000
2018-02-26 19:06:00,0.08440100,0.54900000
2018-02-26 19:06:00,0.08440100,0.10000000
2018-02-26 19:06:01,0.08440100,0.10500000
2018-02-26 19:06:01,0.08459500,0.07400000
2018-02-26 19:06:01,0.08458900,0.15200000
2018-02-26 19:06:02,0.08441100,0.11900000
2018-02-26 19:06:03,0.08448000,0.36000000
2018-02-26 19:06:03,0.08444700,0.03900000
2018-02-26 19:06:03,0.08444700,0.03900000
2018-02-26 19:06:03,0.08444700,0.11700000
2018-02-26 19:06:03,0.08458100,0.03800000
2018-02-26 19:06:03,0.08458100,0.15500000
2018-02-26 19:06:03,0.08444200,0.10900000
2018-02-26 19:06:03,0.08444200,0.28300000
2018-02-26 19:06:03,0.08444200,0.36500000
2018-02-26 19:06:03,0.08457500,0.64700000
2018-02-26 19:06:03,0.08441100,0.07900000
2018-02-26 19:06:03,0.08444600,0.03400000
2018-02-26 19:06:03,0.08442000,0.32100000
2018-02-26 19:06:03,0.08444000,0.02000000
2018-02-26 19:06:04,0.08444000,0.34000000
2018-02-26 19:06:04,0.08444600,0.08200000
2018-02-26 19:06:04,0.08444600,0.17200000
2018-02-26 19:06:04,0.08444600,0.08200000
2018-02-26 19:06:04,0.08444600,0.33900000
2018-02-26 19:06:04,0.08444600,0.23000000
2018-02-26 19:06:04,0.08444600,0.03500000
2018-02-26 19:06:05,0.08444500,0.02800000
2018-02-26 19:06:06,0.08444000,1.13700000
2018-02-26 19:06:07,0.08444100,0.09200000
2018-02-26 19:06:07,0.08444200,0.02700000
2018-02-26 19:06:08,0.08452400,0.01500000
2018-02-26 19:06:08,0.08452300,0.10600000
2018-02-26 19:06:09,0.08452200,0.47000000
2018-02-26 19:06:09,0.08452200,0.43900000
2018-02-26 19:06:09,0.08452300,0.02000000
2018-02-26 19:06:09,0.08452600,0.18200000
2018-02-26 19:06:09,0.08444200,0.02900000
2018-02-26 19:06:09,0.08452100,0.06500000
2018-02-26 19:06:10,0.08444300,0.04400000
2018-02-26 19:06:10,0.08444200,0.38900000
2018-02-26 19:06:10,0.08444200,0.30400000
2018-02-26 19:06:10,0.08444200,0.19000000
2018-02-26 19:06:10,0.08443100,0.11900000
2018-02-26 19:06:10,0.08443100,0.05500000
2018-02-26 19:06:11,0.08443100,0.06500000
2018-02-26 19:06:11,0.08444200,0.03300000
2018-02-26 19:06:11,0.08444200,0.00100000
2018-02-26 19:06:12,0.08452500,0.04200000
2018-02-26 19:06:12,0.08448000,0.02400000
2018-02-26 19:06:12,0.08448000,0.00100000
2018-02-26 19:06:12,0.08443200,0.02300000
2018-02-26 19:06:12,0.08443200,0.02400000
2018-02-26 19:06:12,0.08452500,0.04200000
2018-02-26 19:06:12,0.08452500,0.04200000
2018-02-26 19:06:12,0.08452500,0.04200000
2018-02-26 19:06:12,0.08452400,0.02200000
2018-02-26 19:06:12,0.08452400,0.11000000
2018-02-26 19:06:13,0.08452400,0.00300000
2018-02-26 19:06:13,0.08452500,0.04100000
2018-02-26 19:06:13,0.08444200,0.11900000
2018-02-26 19:06:14,0.08452300,0.02300000
2018-02-26 19:06:14,0.08452300,0.00100000
2018-02-26 19:06:14,0.08444200,0.02200000
2018-02-26 19:06:14,0.08452400,0.22700000
2018-02-26 19:06:14,0.08452400,0.20000000
2018-02-26 19:06:15,0.08444200,2.96600000
2018-02-26 19:06:15,0.08444200,0.23500000
2018-02-26 19:06:15,0.08452300,0.01900000
2018-02-26 19:06:15,0.08452300,0.11600000
2018-02-26 19:06:15,0.08452400,0.50300000
2018-02-26 19:06:16,0.08444200,0.53200000
2018-02-26 19:06:16,0.08452400,0.19900000
2018-02-26 19:06:16,0.08446600,0.10000000
2018-02-26 19:06:17,0.08446600,1.18600000
2018-02-26 19:06:17,0.08446600,3.66900000
2018-02-26 19:06:17,0.08446600,1.12900000
2018-02-26 19:06:17,0.08452400,0.20000000
2018-02-26 19:06:18,0.08446600,0.18200000
2018-02-26 19:06:18,0.08446600,0.59300000
2018-02-26 19:06:20,0.08446600,0.16400000
2018-02-26 19:06:21,0.08448900,0.87600000
2018-02-26 19:06:21,0.08448900,0.00100000
2018-02-26 19:06:21,0.08446600,0.09800000
2018-02-26 19:06:22,0.08446600,1.42600000
2018-02-26 19:06:23,0.08446600,0.07100000
2018-02-26 19:06:23,0.08452300,0.13400000
2018-02-26 19:06:24,0.08446600,0.59300000
2018-02-26 19:06:24,0.08446600,0.01600000
2018-02-26 19:06:24,0.08452300,0.00100000
2018-02-26 19:06:24,0.08452400,0.01600000
2018-02-26 19:06:25,0.08452400,0.22800000
2018-02-26 19:06:26,0.08446600,0.59300000
2018-02-26 19:06:27,0.08446600,0.14100000
2018-02-26 19:06:27,0.08446600,0.02800000
2018-02-26 19:06:27,0.08452300,0.03000000
2018-02-26 19:06:28,0.08452300,1.46000000
2018-02-26 19:06:28,0.08446600,0.59300000
2018-02-26 19:06:28,0.08452300,1.56900000
2018-02-26 19:06:28,0.08452400,0.00100000
2018-02-26 19:06:28,0.08452500,0.11700000
2018-02-26 19:06:29,0.08452500,0.05100000
2018-02-26 19:06:29,0.08452500,0.32500000
2018-02-26 19:06:29,0.08446600,0.19200000
2018-02-26 19:06:29,0.08446600,0.15800000
2018-02-26 19:06:29,0.08452400,0.11300000
2018-02-26 19:06:29,0.08446600,0.01000000
2018-02-26 19:06:30,0.08452400,0.02200000
2018-02-26 19:06:30,0.08452500,0.06500000
2018-02-26 19:06:30,0.08452500,0.02100000
2018-02-26 19:06:30,0.08446600,0.59300000
2018-02-26 19:06:30,0.08446600,0.40000000
2018-02-26 19:06:30,0.08452500,0.80900000
2018-02-26 19:06:30,0.08452800,0.29200000
2018-02-26 19:06:30,0.08454800,0.02000000
2018-02-26 19:06:30,0.08457800,0.20600000
2018-02-26 19:06:31,0.08446600,0.04700000
2018-02-26 19:06:31,0.08454800,0.02000000
2018-02-26 19:06:31,0.08454800,0.02000000
2018-02-26 19:06:31,0.08454800,0.02000000
2018-02-26 19:06:31,0.08454800,0.63000000
2018-02-26 19:06:32,0.08446700,0.12300000
2018-02-26 19:06:32,0.08446700,0.59200000
2018-02-26 19:06:34,0.08450000,0.87300000
2018-02-26 19:06:34,0.08450000,0.21300000
2018-02-26 19:06:34,0.08450000,0.10400000
2018-02-26 19:06:34,0.08450000,0.05300000
2018-02-26 19:06:34,0.08450000,0.14900000
2018-02-26 19:06:34,0.08450000,0.59200000
2018-02-26 19:06:34,0.08450000,1.01500000
2018-02-26 19:06:34,0.08450000,0.00100000
2018-02-26 19:06:34,0.08446800,0.17800000
2018-02-26 19:06:34,0.08446600,0.83600000
2018-02-26 19:06:34,0.08446600,1.01500000
2018-02-26 19:06:36,0.08454300,0.04400000
2018-02-26 19:06:36,0.08454300,0.46200000
2018-02-26 19:06:37,0.08446600,0.04700000
2018-02-26 19:06:38,0.08446600,0.02800000
2018-02-26 19:06:38,0.08454300,0.01700000
2018-02-26 19:06:38,0.08454300,0.32100000
2018-02-26 19:06:38,0.08454400,0.30700000
2018-02-26 19:06:39,0.08446700,0.02000000
2018-02-26 19:06:39,0.08446600,0.46100000
2018-02-26 19:06:40,0.08446700,0.03200000
2018-02-26 19:06:40,0.08450000,0.21900000
2018-02-26 19:06:40,0.08450000,0.05200000
2018-02-26 19:06:40,0.08450000,0.11600000
2018-02-26 19:06:40,0.08450000,0.87300000
2018-02-26 19:06:40,0.08450000,3.53500000
2018-02-26 19:06:40,0.08454200,0.12900000
2018-02-26 19:06:40,0.08454400,0.07100000
2018-02-26 19:06:40,0.08450000,0.28200000
2018-02-26 19:06:40,0.08450000,0.01200000
2018-02-26 19:06:40,0.08450000,0.07700000
2018-02-26 19:06:40,0.08450000,1.00400000
2018-02-26 19:06:40,0.08450000,0.00600000
2018-02-26 19:06:40,0.08446700,0.01100000
2018-02-26 19:06:42,0.08446700,0.01900000
2018-02-26 19:06:43,0.08454400,0.01700000
2018-02-26 19:06:44,0.08446700,0.04700000
2018-02-26 19:06:44,0.08454400,0.25500000
2018-02-26 19:06:44,0.08454500,0.00100000
2018-02-26 19:06:44,0.08455000,0.59100000
2018-02-26 19:06:44,0.08455400,0.40000000
2018-02-26 19:06:44,0.08457700,0.74100000
2018-02-26 19:06:44,0.08457700,0.25400000
2018-02-26 19:06:44,0.08446700,0.35400000
2018-02-26 19:06:44,0.08457700,0.15400000
2018-02-26 19:06:44,0.08457800,0.02000000
2018-02-26 19:06:44,0.08458200,0.61700000
2018-02-26 19:06:44,0.08458300,0.18000000
2018-02-26 19:06:44,0.08459500,0.01400000
2018-02-26 19:06:44,0.08460000,0.01900000
2018-02-26 19:06:45,0.08447000,0.12900000
2018-02-26 19:06:46,0.08447300,0.45900000
2018-02-26 19:06:46,0.08448900,0.01400000
2018-02-26 19:06:46,0.08447300,1.50500000
2018-02-26 19:06:46,0.08447300,0.55000000
2018-02-26 19:06:48,0.08447300,0.04700000
2018-02-26 19:06:48,0.08454900,0.76800000
2018-02-26 19:06:48,0.08447300,0.31500000
2018-02-26 19:06:48,0.08447000,0.01900000
2018-02-26 19:06:49,0.08447000,0.18100000
2018-02-26 19:06:49,0.08446800,0.36500000
2018-02-26 19:06:49,0.08447000,0.12000000
2018-02-26 19:06:49,0.08447000,0.07900000
2018-02-26 19:06:49,0.08447000,0.02000000
2018-02-26 19:06:49,0.08447000,0.02000000
2018-02-26 19:06:50,0.08447000,0.07200000
2018-02-26 19:06:50,0.08447000,0.00100000
2018-02-26 19:06:50,0.08454900,0.07100000
2018-02-26 19:06:50,0.08454900,0.07100000
2018-02-26 19:06:50,0.08446900,0.01000000
2018-02-26 19:06:50,0.08446900,0.30900000
2018-02-26 19:06:50,0.08446900,0.30900000
2018-02-26 19:06:51,0.08446900,0.15000000
2018-02-26 19:06:51,0.08446900,0.20000000
2018-02-26 19:06:52,0.08446900,0.18500000
2018-02-26 19:06:52,0.08446900,0.47200000
2018-02-26 19:06:52,0.08446900,0.03300000
2018-02-26 19:06:52,0.08446900,0.04500000
2018-02-26 19:06:52,0.08447000,0.04500000
2018-02-26 19:06:53,0.08447000,0.17700000
2018-02-26 19:06:53,0.08447000,0.02300000
2018-02-26 19:06:53,0.08447000,0.37200000
2018-02-26 19:06:53,0.08446900,0.19900000
2018-02-26 19:06:53,0.08446900,1.39000000
2018-02-26 19:06:53,0.08454900,0.11600000
2018-02-26 19:06:53,0.08446800,0.82600000
2018-02-26 19:06:54,0.08446800,1.42200000
2018-02-26 19:06:54,0.08446800,0.18000000
2018-02-26 19:06:54,0.08454900,0.11400000
2018-02-26 19:06:54,0.08446800,0.01300000
2018-02-26 19:06:54,0.08446800,0.20300000
2018-02-26 19:06:54,0.08446800,0.68200000
2018-02-26 19:06:54,0.08446800,0.06300000
2018-02-26 19:06:54,0.08446800,0.11100000
2018-02-26 19:06:55,0.08452500,0.25400000
2018-02-26 19:06:55,0.08452500,0.00100000
2018-02-26 19:06:55,0.08446800,0.07600000
2018-02-26 19:06:55,0.08446800,0.25400000
2018-02-26 19:06:55,0.08446800,0.01300000
2018-02-26 19:06:55,0.08446800,0.01300000
2018-02-26 19:06:55,0.08446800,0.20000000
2018-02-26 19:06:55,0.08446800,0.24900000
2018-02-26 19:06:55,0.08455000,0.02200000
2018-02-26 19:06:55,0.08446800,0.06000000
2018-02-26 19:06:55,0.08446800,0.06500000
2018-02-26 19:06:55,0.08446800,0.06400000
2018-02-26 19:06:56,0.08446800,0.40600000
2018-02-26 19:06:56,0.08446800,2.67000000
2018-02-26 19:06:56,0.08447300,0.06500000
2018-02-26 19:06:56,0.08455000,0.01700000
2018-02-26 19:06:57,0.08447300,0.11100000
2018-02-26 19:06:57,0.08455000,0.04200000
2018-02-26 19:06:57,0.08455000,0.03700000
2018-02-26 19:06:57,0.08447300,0.00200000
2018-02-26 19:06:57,0.08446800,0.05700000
2018-02-26 19:06:57,0.08446800,0.12400000
2018-02-26 19:06:58,0.08446800,0.14600000
2018-02-26 19:06:58,0.08446800,0.66200000
2018-02-26 19:06:58,0.08446800,0.81200000
2018-02-26 19:07:01,0.08455200,0.02000000
2018-02-26 19:07:01,0.08455200,0.02000000
2018-02-26 19:07:01,0.08455300,0.03800000
2018-02-26 19:07:01,0.08446900,0.05900000
2018-02-26 19:07:01,0.08446900,0.07000000
2018-02-26 19:07:01,0.08446900,0.01800000
2018-02-26 19:07:02,0.08447000,0.03300000
2018-02-26 19:07:02,0.08447000,1.18300000
2018-02-26 19:07:02,0.08447000,3.84500000
2018-02-26 19:07:02,0.08447000,1.19000000
2018-02-26 19:07:02,0.08447000,0.59100000
2018-02-26 19:07:02,0.08447000,0.35800000
2018-02-26 19:07:02,0.08446600,0.58600000
2018-02-26 19:07:02,0.08446600,0.06500000
2018-02-26 19:07:03,0.08455200,0.02000000
2018-02-26 19:07:03,0.08455300,0.24600000
2018-02-26 19:07:03,0.08446700,2.00200000
2018-02-26 19:07:03,0.08446800,0.01300000
2018-02-26 19:07:04,0.08455300,0.10000000
2018-02-26 19:07:04,0.08446800,0.00700000
2018-02-26 19:07:04,0.08446700,0.33300000
2018-02-26 19:07:05,0.08455300,0.05900000
2018-02-26 19:07:05,0.08446700,0.06500000
2018-02-26 19:07:05,0.08455300,0.04600000
2018-02-26 19:07:05,0.08455300,0.06000000
2018-02-26 19:07:06,0.08455300,0.09600000
2018-02-26 19:07:06,0.08455300,0.09600000
2018-02-26 19:07:07,0.08446700,0.02600000
2018-02-26 19:07:07,0.08455300,1.00000000
2018-02-26 19:07:07,0.08455300,1.56100000
2018-02-26 19:07:07,0.08455400,0.42000000
2018-02-26 19:07:07,0.08457300,0.57900000
2018-02-26 19:07:07,0.08446800,0.02000000
2018-02-26 19:07:07,0.08446700,1.42100000
2018-02-26 19:07:08,0.08455400,0.02000000
2018-02-26 19:07:08,0.08455400,0.04600000
2018-02-26 19:07:08,0.08455400,0.20000000
2018-02-26 19:07:09,0.08446900,0.01900000
2018-02-26 19:07:10,0.08455400,0.17400000
2018-02-26 19:07:10,0.08457400,0.02900000
2018-02-26 19:07:10,0.08457400,0.00100000
2018-02-26 19:07:10,0.08455400,0.02400000
2018-02-26 19:07:10,0.08455400,0.02600000
2018-02-26 19:07:10,0.08455400,0.02600000
2018-02-26 19:07:11,0.08455400,0.81100000
2018-02-26 19:07:11,0.08455400,0.05100000
2018-02-26 19:07:11,0.08455400,0.88800000
2018-02-26 19:07:11,0.08446900,0.00100000
2018-02-26 19:07:11,0.08446800,0.29400000
2018-02-26 19:07:11,0.08446800,0.03400000
2018-02-26 19:07:11,0.08446800,0.04700000
2018-02-26 19:07:11,0.08446800,1.06400000
2018-02-26 19:07:11,0.08446800,0.24400000
2018-02-26 19:07:11,0.08446900,0.01900000
2018-02-26 19:07:12,0.08447100,0.03000000
2018-02-26 19:07:12,0.08447100,0.03100000
2018-02-26 19:07:12,0.08455200,0.03000000
2018-02-26 19:07:13,0.08447100,0.85700000
2018-02-26 19:07:13,0.08447000,0.44300000
2018-02-26 19:07:13,0.08455100,0.01600000
2018-02-26 19:07:13,0.08455000,0.18600000
2018-02-26 19:07:14,0.08455000,0.02500000
2018-02-26 19:07:14,0.08446700,0.36000000
2018-02-26 19:07:15,0.08452800,0.35500000
2018-02-26 19:07:15,0.08452800,2.54700000
2018-02-26 19:07:15,0.08452800,0.20000000
2018-02-26 19:07:15,0.08452800,0.54000000
2018-02-26 19:07:15,0.08452800,1.33400000
2018-02-26 19:07:15,0.08454900,0.66600000
2018-02-26 19:07:16,0.08452700,0.06700000
2018-02-26 19:07:17,0.08452700,0.00300000
2018-02-26 19:07:17,0.08452800,0.02900000
2018-02-26 19:07:17,0.08452800,0.00300000
2018-02-26 19:07:17,0.08446700,0.02800000
2018-02-26 19:07:17,0.08446700,0.02600000
2018-02-26 19:07:17,0.08446700,0.03100000
2018-02-26 19:07:17,0.08454700,0.03500000
2018-02-26 19:07:17,0.08446700,0.01500000
2018-02-26 19:07:17,0.08446700,0.02500000
2018-02-26 19:07:17,0.08454600,0.64000000
2018-02-26 19:07:17,0.08452600,0.03500000
2018-02-26 19:07:17,0.08454600,0.13500000
2018-02-26 19:07:18,0.08454400,0.02000000
2018-02-26 19:07:18,0.08454400,0.20000000
2018-02-26 19:07:18,0.08447100,0.12400000
2018-02-26 19:07:18,0.08454400,0.13200000
2018-02-26 19:07:19,0.08454300,0.06300000
2018-02-26 19:07:19,0.08447100,0.08100000
2018-02-26 19:07:19,0.08454300,0.13400000
2018-02-26 19:07:19,0.08454500,0.04700000
2018-02-26 19:07:19,0.08455200,0.02800000
2018-02-26 19:07:20,0.08447100,0.01000000
2018-02-26 19:07:20,0.08455200,0.04200000
2018-02-26 19:07:20,0.08455200,0.12200000
2018-02-26 19:07:20,0.08447200,0.01900000
2018-02-26 19:07:20,0.08455200,0.05000000
2018-02-26 19:07:20,0.08455200,0.07300000
2018-02-26 19:07:20,0.08455300,0.04800000
2018-02-26 19:07:21,0.08455300,0.08700000
2018-02-26 19:07:21,0.08455300,0.08500000
2018-02-26 19:07:21,0.08455300,0.08500000
2018-02-26 19:07:21,0.08447100,0.30000000
2018-02-26 19:07:21,0.08447300,0.09800000
2018-02-26 19:07:21,0.08447100,3.33800000
2018-02-26 19:07:22,0.08447100,1.18600000
2018-02-26 19:07:22,0.08447100,0.75900000
2018-02-26 19:07:22,0.08447100,0.66800000
2018-02-26 19:07:22,0.08455300,0.09400000
2018-02-26 19:07:23,0.08455300,0.00100000
2018-02-26 19:07:23,0.08457300,0.17800000
2018-02-26 19:07:23,0.08459500,0.03400000
2018-02-26 19:07:23,0.08460500,0.39300000
2018-02-26 19:07:24,0.08459500,0.01900000
2018-02-26 19:07:24,0.08447200,0.16200000
2018-02-26 19:07:24,0.08447300,0.05800000
2018-02-26 19:07:24,0.08447300,0.06200000
2018-02-26 19:07:24,0.08447200,0.01900000
2018-02-26 19:07:24,0.08454500,0.13300000
2018-02-26 19:07:24,0.08454500,0.01200000
2018-02-26 19:07:25,0.08456300,0.08200000
2018-02-26 19:07:25,0.08454500,0.04700000
2018-02-26 19:07:25,0.08454500,0.11500000
2018-02-26 19:07:25,0.08454500,0.04700000
2018-02-26 19:07:25,0.08448900,0.01400000
2018-02-26 19:07:25,0.08447200,0.14700000
2018-02-26 19:07:25,0.08447200,0.20800000
2018-02-26 19:07:25,0.08447200,0.02100000
2018-02-26 19:07:25,0.08447100,0.11900000
2018-02-26 19:07:26,0.08455300,0.02200000
2018-02-26 19:07:26,0.08455300,0.00100000
2018-02-26 19:07:26,0.08447300,0.02100000
2018-02-26 19:07:26,0.08447300,0.01900000
2018-02-26 19:07:27,0.08447400,0.01000000
2018-02-26 19:07:28,0.08456100,0.03900000
2018-02-26 19:07:29,0.08447400,0.01000000
2018-02-26 19:07:29,0.08447100,0.03900000
2018-02-26 19:07:29,0.08447400,0.01800000
2018-02-26 19:07:29,0.08456200,0.22600000
2018-02-26 19:07:29,0.08447500,0.06500000
2018-02-26 19:07:30,0.08447100,0.61000000
2018-02-26 19:07:30,0.08447100,1.41300000
2018-02-26 19:07:30,0.08447000,0.20600000
2018-02-26 19:07:30,0.08446600,1.48800000
2018-02-26 19:07:30,0.08446000,0.61700000
2018-02-26 19:07:30,0.08445800,4.00000000
2018-02-26 19:07:30,0.08445700,1.67700000
2018-02-26 19:07:31,0.08447500,0.04800000
2018-02-26 19:07:31,0.08447500,0.03400000
2018-02-26 19:07:31,0.08456000,0.06900000
2018-02-26 19:07:31,0.08455900,0.06400000
2018-02-26 19:07:31,0.08455900,0.21500000
2018-02-26 19:07:32,0.08455900,0.16000000
2018-02-26 19:07:33,0.08455800,0.01600000
2018-02-26 19:07:33,0.08455800,0.05100000
2018-02-26 19:07:33,0.08456000,0.00100000
2018-02-26 19:07:33,0.08456100,0.01400000
2018-02-26 19:07:33,0.08455800,0.01900000
2018-02-26 19:07:34,0.08455800,0.00100000
2018-02-26 19:07:34,0.08456100,0.01600000
2018-02-26 19:07:35,0.08455800,0.01900000
2018-02-26 19:07:35,0.08455800,0.00100000
2018-02-26 19:07:35,0.08456100,0.06800000
2018-02-26 19:07:36,0.08455800,0.01900000
2018-02-26 19:07:38,0.08447500,0.79400000
2018-02-26 19:07:38,0.08455900,0.01900000
2018-02-26 19:07:38,0.08447500,0.00100000
2018-02-26 19:07:38,0.08447400,0.35400000
2018-02-26 19:07:39,0.08455800,0.03700000
2018-02-26 19:07:39,0.08447500,0.12600000
2018-02-26 19:07:39,0.08455800,0.01700000
2018-02-26 19:07:39,0.08455700,0.00700000
2018-02-26 19:07:40,0.08447500,0.00100000
2018-02-26 19:07:40,0.08447400,0.03300000
2018-02-26 19:07:40,0.08455600,0.01900000
2018-02-26 19:07:41,0.08455600,0.18000000
2018-02-26 19:07:41,0.08455600,0.18000000
2018-02-26 19:07:41,0.08447400,0.02300000
2018-02-26 19:07:42,0.08454600,0.57900000
2018-02-26 19:07:42,0.08454600,1.41400000
2018-02-26 19:07:42,0.08454600,0.57900000
2018-02-26 19:07:42,0.08454700,0.59900000
2018-02-26 19:07:43,0.08454600,0.93600000
2018-02-26 19:07:43,0.08454700,0.18100000
2018-02-26 19:07:43,0.08455500,0.15200000
2018-02-26 19:07:43,0.08454700,0.08800000
2018-02-26 19:07:43,0.08447400,0.01100000
2018-02-26 19:07:44,0.08447400,0.02200000
2018-02-26 19:07:44,0.08447400,0.14800000
2018-02-26 19:07:44,0.08454700,0.03200000
2018-02-26 19:07:45,0.08447400,0.09900000
2018-02-26 19:07:45,0.08447400,0.08700000
2018-02-26 19:07:46,0.08447400,0.00100000
2018-02-26 19:07:46,0.08447400,0.02300000
2018-02-26 19:07:46,0.08454700,0.02600000
2018-02-26 19:07:46,0.08445700,0.01700000
2018-02-26 19:07:46,0.08445700,0.53800000
2018-02-26 19:07:46,0.08454700,0.12300000
2018-02-26 19:07:46,0.08454700,0.04100000
2018-02-26 19:07:46,0.08455400,0.05200000
2018-02-26 19:07:47,0.08445900,0.10900000
2018-02-26 19:07:47,0.08445900,0.10000000
2018-02-26 19:07:47,0.08445900,0.09800000
2018-02-26 19:07:48,0.08455200,0.27200000
2018-02-26 19:07:49,0.08446300,0.18000000
2018-02-26 19:07:49,0.08446200,1.26700000
2018-02-26 19:07:49,0.08446100,0.02000000
2018-02-26 19:07:49,0.08445700,0.72700000
2018-02-26 19:07:49,0.08443100,0.90700000
2018-02-26 19:07:49,0.08446300,0.17900000
2018-02-26 19:07:49,0.08446300,0.16000000
2018-02-26 19:07:49,0.08446300,0.00100000
2018-02-26 19:07:49,0.08446300,0.02000000
2018-02-26 19:07:49,0.08446300,0.03000000
2018-02-26 19:07:49,0.08446300,0.02900000
2018-02-26 19:07:49,0.08446300,0.10000000
2018-02-26 19:07:49,0.08446300,0.02000000
2018-02-26 19:07:49,0.08446300,0.10000000
2018-02-26 19:07:49,0.08446300,0.04200000
2018-02-26 19:07:49,0.08446100,0.01900000
2018-02-26 19:07:49,0.08446300,1.36000000
2018-02-26 19:07:50,0.08446300,0.02400000
2018-02-26 19:07:50,0.08446300,0.12000000
2018-02-26 19:07:50,0.08446300,1.18300000
2018-02-26 19:07:50,0.08446300,0.01400000
2018-02-26 19:07:50,0.08446300,0.05000000
2018-02-26 19:07:50,0.08455000,0.07800000
2018-02-26 19:07:50,0.08455000,0.02700000
2018-02-26 19:07:50,0.08446300,0.02400000
2018-02-26 19:07:50,0.08446300,0.02600000
2018-02-26 19:07:50,0.08442600,0.34200000
2018-02-26 19:07:50,0.08441000,0.52100000
2018-02-26 19:07:50,0.08443000,0.34000000
2018-02-26 19:07:50,0.08441000,0.36300000
2018-02-26 19:07:51,0.08441100,0.02400000
2018-02-26 19:07:51,0.08441100,0.06700000
2018-02-26 19:07:51,0.08441100,0.06600000
2018-02-26 19:07:51,0.08441100,0.78500000
2018-02-26 19:07:52,0.08454600,0.07900000
2018-02-26 19:07:52,0.08454400,0.41600000
2018-02-26 19:07:52,0.08449500,0.06700000
2018-02-26 19:07:53,0.08449400,0.91700000
2018-02-26 19:07:53,0.08442100,0.02400000
2018-02-26 19:07:53,0.08449000,0.34900000
2018-02-26 19:07:55,0.08442100,0.07600000
2018-02-26 19:07:55,0.08442000,0.29700000
2018-02-26 19:07:56,0.08449500,0.00100000
2018-02-26 19:07:56,0.08453500,0.07900000
2018-02-26 19:07:57,0.08448900,0.06000000
2018-02-26 19:07:57,0.08442100,0.02000000
2018-02-26 19:07:57,0.08441300,0.02000000
2018-02-26 19:07:57,0.08441300,0.60900000
2018-02-26 19:07:57,0.08441100,0.45000000
2018-02-26 19:07:57,0.08441300,0.02000000
2018-02-26 19:07:57,0.08441300,0.02000000
2018-02-26 19:07:57,0.08441300,3.00000000
2018-02-26 19:07:57,0.08441300,0.03000000
2018-02-26 19:07:57,0.08441300,0.06200000
2018-02-26 19:07:57,0.08441300,0.05000000
2018-02-26 19:07:57,0.08441300,0.04200000
2018-02-26 19:07:57,0.08441300,0.03900000
2018-02-26 19:07:57,0.08441300,0.03200000
2018-02-26 19:07:57,0.08441100,0.04300000
2018-02-26 19:07:57,0.08441300,0.56000000
2018-02-26 19:07:57,0.08441300,0.05000000
2018-02-26 19:07:57,0.08441300,0.03800000
2018-02-26 19:07:57,0.08441300,0.03800000
2018-02-26 19:07:57,0.08441300,0.33500000
2018-02-26 19:07:57,0.08441300,0.04800000
2018-02-26 19:07:58,0.08441300,1.18300000
2018-02-26 19:07:58,0.08441300,0.10000000
2018-02-26 19:07:58,0.08441300,1.81600000
2018-02-26 19:07:58,0.08441100,0.03100000
2018-02-26 19:07:58,0.08441300,0.12200000
2018-02-26 19:07:58,0.08441300,2.78000000
2018-02-26 19:07:58,0.08441300,0.09800000
2018-02-26 19:07:58,0.08441300,3.24000000
2018-02-26 19:07:58,0.08441100,0.11000000
2018-02-26 19:07:58,0.08441100,0.05400000
2018-02-26 19:07:58,0.08441100,0.07000000
2018-02-26 19:07:58,0.08441300,0.30700000
2018-02-26 19:07:59,0.08441300,0.20800000
2018-02-26 19:07:59,0.08441300,0.40200000
2018-02-26 19:07:59,0.08441300,0.00100000
2018-02-26 19:07:59,0.08441300,0.02200000
2018-02-26 19:07:59,0.08441100,0.01000000
2018-02-26 19:07:59,0.08440500,0.01500000
2018-02-26 19:07:59,0.08440400,0.00300000
2018-02-26 19:07:59,0.08440400,0.02800000
2018-02-26 19:08:00,0.08441200,0.01500000
2018-02-26 19:08:00,0.08446700,0.06600000
2018-02-26 19:08:00,0.08448800,0.96400000
2018-02-26 19:08:00,0.08448800,0.34900000
2018-02-26 19:08:00,0.08446700,0.63600000
2018-02-26 19:08:01,0.08446700,0.59200000
2018-02-26 19:08:01,0.08446700,0.14200000
2018-02-26 19:08:01,0.08448800,0.01400000
2018-02-26 19:08:01,0.08448800,0.57200000
2018-02-26 19:08:01,0.08448800,0.05600000
2018-02-26 19:08:02,0.08446700,0.02300000
2018-02-26 19:08:02,0.08446700,0.01000000
2018-02-26 19:08:05,0.08446700,0.51500000
2018-02-26 19:08:08,0.08446700,0.00100000
2018-02-26 19:08:08,0.08441000,0.03200000
2018-02-26 19:08:08,0.08441000,0.05800000
2018-02-26 19:08:08,0.08441000,0.03900000
2018-02-26 19:08:08,0.08448800,0.05700000
2018-02-26 19:08:08,0.08448800,0.08000000
2018-02-26 19:08:09,0.08448800,0.03100000
2018-02-26 19:08:11,0.08440400,0.04200000
2018-02-26 19:08:11,0.08440400,0.02400000
2018-02-26 19:08:11,0.08448800,0.12500000
2018-02-26 19:08:12,0.08448800,0.03800000
2018-02-26 19:08:12,0.08447400,0.19400000
2018-02-26 19:08:13,0.08447400,0.39600000
2018-02-26 19:08:13,0.08447400,0.00100000
2018-02-26 19:08:13,0.08440400,0.39500000
2018-02-26 19:08:13,0.08445300,0.15800000
2018-02-26 19:08:15,0.08445300,0.00100000
2018-02-26 19:08:15,0.08448900,0.06000000
2018-02-26 19:08:15,0.08451100,0.02000000
2018-02-26 19:08:15,0.08453200,0.97000000
2018-02-26 19:08:15,0.08453300,1.86700000
2018-02-26 19:08:15,0.08451100,0.01900000
2018-02-26 19:08:16,0.08450900,0.01900000
2018-02-26 19:08:17,0.08448800,0.28300000
2018-02-26 19:08:17,0.08448800,0.00100000
2018-02-26 19:08:17,0.08450800,0.02000000
2018-02-26 19:08:17,0.08450900,0.26200000
2018-02-26 19:08:17,0.08450800,0.02000000
2018-02-26 19:08:17,0.08450900,0.02500000
2018-02-26 19:08:17,0.08450800,0.01900000
2018-02-26 19:08:17,0.08450800,0.00100000
2018-02-26 19:08:17,0.08450900,0.01800000
2018-02-26 19:08:17,0.08450800,0.01900000
2018-02-26 19:08:17,0.08441000,0.11800000
2018-02-26 19:08:17,0.08450700,1.59700000
2018-02-26 19:08:18,0.08450600,0.72100000
2018-02-26 19:08:18,0.08450600,0.56100000
2018-02-26 19:08:19,0.08450000,0.11900000
2018-02-26 19:08:19,0.08449900,0.06900000
2018-02-26 19:08:19,0.08441400,0.59200000
2018-02-26 19:08:19,0.08449900,0.33600000
2018-02-26 19:08:20,0.08441500,0.01900000
2018-02-26 19:08:21,0.08441700,0.24000000
2018-02-26 19:08:21,0.08441700,0.08500000
2018-02-26 19:08:21,0.08441700,0.02800000
2018-02-26 19:08:22,0.08449800,0.59100000
2018-02-26 19:08:24,0.08441300,0.20000000
2018-02-26 19:08:26,0.08450100,0.01900000
2018-02-26 19:08:28,0.08450100,0.01900000
2018-02-26 19:08:29,0.08450100,0.09100000
2018-02-26 19:08:29,0.08450100,0.11600000
2018-02-26 19:08:30,0.08450100,0.00100000
2018-02-26 19:08:30,0.08450300,0.02000000
2018-02-26 19:08:30,0.08450600,0.09700000
2018-02-26 19:08:31,0.08450300,0.01900000
2018-02-26 19:08:31,0.08450200,0.96300000
2018-02-26 19:08:32,0.08450100,0.01900000
2018-02-26 19:08:32,0.08450100,0.00100000
2018-02-26 19:08:32,0.08450200,1.06000000
2018-02-26 19:08:32,0.08451100,0.13400000
2018-02-26 19:08:32,0.08451100,0.04600000
2018-02-26 19:08:32,0.08452800,0.61700000
2018-02-26 19:08:32,0.08455300,0.49900000
2018-02-26 19:08:33,0.08441600,0.17400000
2018-02-26 19:08:33,0.08441500,1.04400000
2018-02-26 19:08:33,0.08452700,0.25000000
2018-02-26 19:08:33,0.08452700,1.44800000
2018-02-26 19:08:33,0.08442200,0.02600000
2018-02-26 19:08:33,0.08442100,0.51000000
2018-02-26 19:08:33,0.08442100,0.82500000
2018-02-26 19:08:33,0.08442100,0.17200000
2018-02-26 19:08:33,0.08442100,0.33400000
2018-02-26 19:08:34,0.08452600,0.03200000
2018-02-26 19:08:34,0.08452600,1.89600000
2018-02-26 19:08:35,0.08450000,0.11500000
2018-02-26 19:08:36,0.08449900,0.03500000
2018-02-26 19:08:36,0.08449900,0.88400000
2018-02-26 19:08:36,0.08450000,0.51400000
2018-02-26 19:08:36,0.08452400,1.26300000
2018-02-26 19:08:36,0.08452500,4.59800000
2018-02-26 19:08:37,0.08452400,0.11800000
2018-02-26 19:08:37,0.08452400,0.31300000
2018-02-26 19:08:37,0.08443000,0.04000000
2018-02-26 19:08:37,0.08450100,0.01200000
2018-02-26 19:08:37,0.08450100,0.01200000
2018-02-26 19:08:37,0.08450100,0.03400000
2018-02-26 19:08:37,0.08450100,0.02700000
2018-02-26 19:08:38,0.08450100,0.56800000
2018-02-26 19:08:38,0.08450100,1.11800000
2018-02-26 19:08:38,0.08450100,1.18500000
2018-02-26 19:08:38,0.08450100,0.33800000
2018-02-26 19:08:38,0.08450100,0.03500000
2018-02-26 19:08:38,0.08450100,3.58200000
2018-02-26 19:08:38,0.08450100,0.46700000
2018-02-26 19:08:38,0.08450100,0.05200000
2018-02-26 19:08:38,0.08450100,0.06300000
2018-02-26 19:08:38,0.08450100,0.82800000
2018-02-26 19:08:38,0.08450100,0.59200000
2018-02-26 19:08:38,0.08450100,2.91600000
2018-02-26 19:08:38,0.08450100,0.00100000
2018-02-26 19:08:38,0.08443100,0.01200000
2018-02-26 19:08:39,0.08443100,0.06600000
2018-02-26 19:08:39,0.08451900,0.32000000
2018-02-26 19:08:39,0.08451900,0.19000000
2018-02-26 19:08:40,0.08451900,0.03500000
2018-02-26 19:08:40,0.08451900,0.18700000
2018-02-26 19:08:40,0.08443300,0.02000000
2018-02-26 19:08:43,0.08443300,0.20100000
2018-02-26 19:08:44,0.08443400,0.03500000
2018-02-26 19:08:48,0.08449900,0.01600000
2018-02-26 19:08:48,0.08449900,0.43700000
2018-02-26 19:08:49,0.08449900,0.06000000
2018-02-26 19:08:49,0.08443200,0.23500000
2018-02-26 19:08:49,0.08449900,0.81300000
2018-02-26 19:08:51,0.08449900,0.00300000
2018-02-26 19:08:52,0.08449900,0.06100000
2018-02-26 19:08:55,0.08449900,0.01800000
2018-02-26 19:08:56,0.08449900,0.31800000
2018-02-26 19:08:56,0.08449900,0.29800000
2018-02-26 19:08:56,0.08449900,0.01900000
2018-02-26 19:08:57,0.08443400,0.21900000
2018-02-26 19:09:00,0.08450000,0.01600000
2018-02-26 19:09:00,0.08443400,0.04000000
2018-02-26 19:09:00,0.08449900,0.10200000
2018-02-26 19:09:03,0.08450000,0.10700000
2018-02-26 19:09:03,0.08450000,0.16500000
2018-02-26 19:09:05,0.08449900,0.00100000
2018-02-26 19:09:05,0.08443400,0.02200000
2018-02-26 19:09:05,0.08443400,0.27300000
2018-02-26 19:09:05,0.08443300,0.28100000
2018-02-26 19:09:05,0.08443300,0.32100000
2018-02-26 19:09:05,0.08443200,0.19200000
2018-02-26 19:09:05,0.08449400,0.25900000
2018-02-26 19:09:05,0.08450100,0.25400000
2018-02-26 19:09:05,0.08450100,0.23800000
2018-02-26 19:09:05,0.08443200,1.35500000
2018-02-26 19:09:05,0.08443200,4.15100000
2018-02-26 19:09:05,0.08443100,0.39400000
2018-02-26 19:09:05,0.08443100,1.17500000
2018-02-26 19:09:05,0.08450100,0.04700000
2018-02-26 19:09:05,0.08450100,0.07500000
2018-02-26 19:09:06,0.08443100,0.07300000
2018-02-26 19:09:06,0.08443100,0.00100000
2018-02-26 19:09:06,0.08442500,0.02000000
2018-02-26 19:09:06,0.08441900,0.61700000
2018-02-26 19:09:06,0.08441100,0.08000000
2018-02-26 19:09:06,0.08441000,0.46900000
2018-02-26 19:09:07,0.08442500,0.01900000
2018-02-26 19:09:07,0.08450100,0.19700000
2018-02-26 19:09:07,0.08442500,0.18000000
2018-02-26 19:09:07,0.08450100,0.17600000
2018-02-26 19:09:07,0.08442500,0.00800000
2018-02-26 19:09:08,0.08442500,0.01200000
2018-02-26 19:09:08,0.08442500,1.09300000
2018-02-26 19:09:09,0.08442500,0.02100000
2018-02-26 19:09:09,0.08440300,0.03700000
2018-02-26 19:09:09,0.08442500,0.01900000
2018-02-26 19:09:09,0.08448000,0.31700000
2018-02-26 19:09:09,0.08448000,0.00100000
2018-02-26 19:09:09,0.08442500,0.00100000
2018-02-26 19:09:09,0.08440300,0.21500000
2018-02-26 19:09:10,0.08442500,0.01900000
2018-02-26 19:09:10,0.08442500,0.00100000
2018-02-26 19:09:10,0.08440300,1.92500000
2018-02-26 19:09:10,0.08440100,0.39200000
2018-02-26 19:09:11,0.08442500,0.01900000
2018-02-26 19:09:11,0.08442500,0.00100000
2018-02-26 19:09:11,0.08442500,0.02000000
2018-02-26 19:09:11,0.08442500,0.01300000
2018-02-26 19:09:11,0.08442500,0.02000000
2018-02-26 19:09:11,0.08442500,0.02000000
2018-02-26 19:09:11,0.08442500,0.02000000
2018-02-26 19:09:11,0.08442500,0.09300000
2018-02-26 19:09:12,0.08442500,0.01600000
2018-02-26 19:09:12,0.08450100,0.00100000
2018-02-26 19:09:12,0.08451400,0.01300000
2018-02-26 19:09:13,0.08450000,0.29900000
2018-02-26 19:09:13,0.08440300,0.00900000
2018-02-26 19:09:14,0.08440300,0.02900000
2018-02-26 19:09:14,0.08450000,0.00100000
2018-02-26 19:09:14,0.08451400,0.02200000
2018-02-26 19:09:14,0.08451500,0.09400000
2018-02-26 19:09:15,0.08451400,0.14400000
2018-02-26 19:09:16,0.08449900,0.04800000
2018-02-26 19:09:16,0.08449900,0.44400000
2018-02-26 19:09:16,0.08449900,0.11400000
2018-02-26 19:09:16,0.08449900,0.21300000
2018-02-26 19:09:16,0.08449900,0.15200000
2018-02-26 19:09:16,0.08449900,0.01200000
2018-02-26 19:09:16,0.08449900,0.05700000
2018-02-26 19:09:16,0.08449900,0.46100000
2018-02-26 19:09:17,0.08449900,1.18300000
2018-02-26 19:09:17,0.08449900,6.46600000
2018-02-26 19:09:17,0.08449900,0.01500000
2018-02-26 19:09:17,0.08449900,0.03400000
2018-02-26 19:09:17,0.08449900,0.10100000
2018-02-26 19:09:17,0.08449900,0.04000000
2018-02-26 19:09:17,0.08449900,0.01200000
2018-02-26 19:09:18,0.08449900,0.02500000
2018-02-26 19:09:18,0.08449900,0.27100000
2018-02-26 19:09:18,0.08449900,0.04200000
2018-02-26 19:09:18,0.08449900,0.01200000
2018-02-26 19:09:19,0.08449900,0.02800000
2018-02-26 19:09:19,0.08449900,0.03800000
2018-02-26 19:09:19,0.08449900,0.70300000
2018-02-26 19:09:19,0.08449900,0.04200000
2018-02-26 19:09:19,0.08449900,0.17100000
2018-02-26 19:09:19,0.08449900,0.17100000
2018-02-26 19:09:19,0.08449900,0.03400000
2018-02-26 19:09:19,0.08449900,0.14800000
2018-02-26 19:09:19,0.08449900,0.06400000
2018-02-26 19:09:19,0.08449900,0.04200000
2018-02-26 19:09:19,0.08449900,0.04200000
2018-02-26 19:09:19,0.08451400,0.25500000
2018-02-26 19:09:20,0.08449900,1.04400000
2018-02-26 19:09:20,0.08449900,2.54000000
2018-02-26 19:09:20,0.08449900,0.04000000
2018-02-26 19:09:20,0.08449900,0.01400000
2018-02-26 19:09:20,0.08449900,0.02200000
2018-02-26 19:09:20,0.08449900,0.02200000
2018-02-26 19:09:20,0.08449900,0.02200000
2018-02-26 19:09:21,0.08449900,0.17000000
2018-02-26 19:09:21,0.08449900,0.02900000
2018-02-26 19:09:21,0.08449900,0.06500000
2018-02-26 19:09:21,0.08449900,1.18600000
2018-02-26 19:09:21,0.08449900,0.41300000
2018-02-26 19:09:21,0.08451400,0.16300000
2018-02-26 19:09:22,0.08449900,0.44700000
2018-02-26 19:09:22,0.08449900,0.16800000
2018-02-26 19:09:22,0.08449900,1.22900000
2018-02-26 19:09:22,0.08449900,1.51500000
2018-02-26 19:09:22,0.08449900,1.08300000
2018-02-26 19:09:23,0.08449900,0.44700000
2018-02-26 19:09:23,0.08449900,0.02300000
2018-02-26 19:09:23,0.08449900,0.04000000
2018-02-26 19:09:23,0.08449900,0.47300000
2018-02-26 19:09:23,0.08449900,0.03500000
2018-02-26 19:09:23,0.08449900,0.03200000
2018-02-26 19:09:24,0.08449900,0.34900000
2018-02-26 19:09:24,0.08449900,1.99700000
2018-02-26 19:09:24,0.08449900,0.57400000
2018-02-26 19:09:24,0.08449900,0.04500000
2018-02-26 19:09:24,0.08449900,0.03200000
2018-02-26 19:09:25,0.08449900,0.16600000
2018-02-26 19:09:25,0.08449900,10.98600000
2018-02-26 19:09:25,0.08449900,1.68400000
2018-02-26 19:09:25,0.08449900,0.82000000
2018-02-26 19:09:25,0.08449900,0.04000000
2018-02-26 19:09:26,0.08449900,0.07000000
2018-02-26 19:09:26,0.08449900,0.03100000
2018-02-26 19:09:26,0.08449900,0.32700000
2018-02-26 19:09:26,0.08449900,0.04200000
2018-02-26 19:09:26,0.08449900,0.02200000
2018-02-26 19:09:26,0.08449900,0.03200000
2018-02-26 19:09:27,0.08449900,0.04000000
2018-02-26 19:09:27,0.08449900,0.02200000
2018-02-26 19:09:27,0.08449900,0.16300000
2018-02-26 19:09:27,0.08449900,0.03200000
2018-02-26 19:09:27,0.08449900,0.01200000
2018-02-26 19:09:27,0.08449900,0.16300000
2018-02-26 19:09:28,0.08449900,0.05000000
2018-02-26 19:09:28,0.08449900,0.12200000
2018-02-26 19:09:28,0.08449900,2.87400000
2018-02-26 19:09:28,0.08451400,0.13900000
2018-02-26 19:09:28,0.08449900,0.02000000
2018-02-26 19:09:28,0.08449900,0.02000000
2018-02-26 19:09:29,0.08449900,0.02900000
2018-02-26 19:09:29,0.08449900,0.03000000
2018-02-26 19:09:29,0.08449900,0.19000000
2018-02-26 19:09:30,0.08451400,0.20200000
2018-02-26 19:09:30,0.08451400,0.01500000
2018-02-26 19:09:30,0.08451500,0.18600000
2018-02-26 19:09:30,0.08451500,0.07700000
2018-02-26 19:09:30,0.08453900,0.04100000
2018-02-26 19:09:30,0.08449900,0.03000000
2018-02-26 19:09:30,0.08449900,0.03000000
2018-02-26 19:09:31,0.08449900,0.03000000
