DATE,PRICE,VOLUME
2018-02-26 09:00:00,0.08913400,0.71000000
2018-02-26 09:00:02,0.08913300,0.01300000
2018-02-26 09:00:02,0.08908400,0.02600000
2018-02-26 09:00:02,0.08908400,0.12400000
2018-02-26 09:00:03,0.08908400,0.10100000
2018-02-26 09:00:03,0.08908400,0.71300000
2018-02-26 09:00:03,0.08908300,0.45000000
2018-02-26 09:00:03,0.08908300,0.00100000
2018-02-26 09:00:03,0.08913300,0.05300000
2018-02-26 09:00:03,0.08913400,0.03600000
2018-02-26 09:00:05,0.08906900,0.10600000
2018-02-26 09:00:06,0.08907000,0.01500000
2018-02-26 09:00:07,0.08907000,0.05100000
2018-02-26 09:00:07,0.08913400,0.10800000
2018-02-26 09:00:07,0.08913400,0.02200000
2018-02-26 09:00:07,0.08913400,0.22400000
2018-02-26 09:00:07,0.08913400,0.22400000
2018-02-26 09:00:07,0.08913400,0.04100000
2018-02-26 09:00:08,0.08913400,0.28300000
2018-02-26 09:00:09,0.08913400,0.19800000
2018-02-26 09:00:09,0.08907000,0.00100000
2018-02-26 09:00:09,0.08906900,0.00300000
2018-02-26 09:00:09,0.08906900,1.22900000
2018-02-26 09:00:09,0.08906900,0.00100000
2018-02-26 09:00:09,0.08913400,0.01100000
2018-02-26 09:00:09,0.08913400,0.19900000
2018-02-26 09:00:10,0.08906800,0.13600000
2018-02-26 09:00:14,0.08906900,0.71000000
2018-02-26 09:00:14,0.08906900,0.02700000
2018-02-26 09:00:15,0.08906900,0.38500000
2018-02-26 09:00:15,0.08906800,0.00100000
2018-02-26 09:00:15,0.08906800,0.25600000
2018-02-26 09:00:15,0.08906800,0.59400000
2018-02-26 09:00:15,0.08913400,0.25500000
2018-02-26 09:00:16,0.08913400,1.82000000
2018-02-26 09:00:16,0.08906700,0.13300000
2018-02-26 09:00:17,0.08908400,0.06200000
2018-02-26 09:00:17,0.08908400,0.76800000
2018-02-26 09:00:17,0.08908400,0.13800000
2018-02-26 09:00:17,0.08908400,0.00100000
2018-02-26 09:00:17,0.08906700,0.00100000
2018-02-26 09:00:17,0.08906000,0.01700000
2018-02-26 09:00:17,0.08905800,0.07700000
2018-02-26 09:00:17,0.08904800,0.94100000
2018-02-26 09:00:17,0.08904800,0.67300000
2018-02-26 09:00:17,0.08903900,0.02000000
2018-02-26 09:00:17,0.08903100,0.00200000
2018-02-26 09:00:17,0.08903900,0.02000000
2018-02-26 09:00:17,0.08903100,0.21200000
2018-02-26 09:00:20,0.08905000,0.02700000
2018-02-26 09:00:21,0.08905000,0.93500000
2018-02-26 09:00:21,0.08905000,0.15400000
2018-02-26 09:00:23,0.08905000,0.32600000
2018-02-26 09:00:25,0.08905000,0.14900000
2018-02-26 09:00:26,0.08905200,0.98200000
2018-02-26 09:00:29,0.08911900,0.38100000
2018-02-26 09:00:30,0.08907000,0.95700000
2018-02-26 09:00:31,0.08911900,0.00400000
2018-02-26 09:00:31,0.08907000,0.02500000
2018-02-26 09:00:32,0.08907000,0.10900000
2018-02-26 09:00:32,0.08907000,0.00100000
2018-02-26 09:00:32,0.08906900,1.10900000
2018-02-26 09:00:32,0.08906900,0.02500000
2018-02-26 09:00:33,0.08911900,0.21500000
2018-02-26 09:00:34,0.08906100,0.56600000
2018-02-26 09:00:35,0.08906100,1.50500000
2018-02-26 09:00:35,0.08911900,0.03400000
2018-02-26 09:00:36,0.08906100,0.04400000
2018-02-26 09:00:36,0.08911900,0.00100000
2018-02-26 09:00:37,0.08911900,0.28000000
2018-02-26 09:00:37,0.08911900,0.68700000
2018-02-26 09:00:37,0.08913400,0.11900000
2018-02-26 09:00:37,0.08912200,0.80400000
2018-02-26 09:00:37,0.08906100,0.00100000
2018-02-26 09:00:37,0.08905200,1.20800000
2018-02-26 09:00:38,0.08905000,0.03200000
2018-02-26 09:00:38,0.08907000,0.80500000
2018-02-26 09:00:38,0.08907000,0.27200000
2018-02-26 09:00:38,0.08905000,0.01200000
2018-02-26 09:00:39,0.08904900,0.52900000
2018-02-26 09:00:39,0.08912200,0.03500000
2018-02-26 09:00:39,0.08912200,0.05100000
2018-02-26 09:00:40,0.08903100,0.04900000
2018-02-26 09:00:40,0.08907000,0.38100000
2018-02-26 09:00:40,0.08907000,0.05600000
2018-02-26 09:00:40,0.08907000,0.03900000
2018-02-26 09:00:40,0.08903200,0.00600000
2018-02-26 09:00:41,0.08903200,0.05600000
2018-02-26 09:00:43,0.08912100,0.05400000
2018-02-26 09:00:44,0.08903200,0.05600000
2018-02-26 09:00:44,0.08903200,0.83400000
2018-02-26 09:00:45,0.08912000,0.00800000
2018-02-26 09:00:46,0.08903200,0.25800000
2018-02-26 09:00:49,0.08907000,0.01200000
2018-02-26 09:00:50,0.08907000,0.05600000
2018-02-26 09:00:50,0.08907000,0.05600000
2018-02-26 09:00:50,0.08907000,0.77200000
2018-02-26 09:00:51,0.08906900,0.04800000
2018-02-26 09:00:51,0.08903200,0.05600000
2018-02-26 09:00:51,0.08903200,0.45600000
2018-02-26 09:00:53,0.08903200,0.00700000
2018-02-26 09:00:55,0.08905200,0.02000000
2018-02-26 09:00:56,0.08903200,0.99400000
2018-02-26 09:00:59,0.08911500,0.02900000
2018-02-26 09:01:00,0.08903200,0.31100000
2018-02-26 09:01:00,0.08903200,0.00100000
2018-02-26 09:01:00,0.08903200,0.71900000
2018-02-26 09:01:00,0.08902200,0.63200000
2018-02-26 09:01:01,0.08902300,2.07200000
2018-02-26 09:01:01,0.08902100,0.18000000
2018-02-26 09:01:01,0.08911300,0.63200000
2018-02-26 09:01:01,0.08911400,0.00800000
2018-02-26 09:01:02,0.08911300,0.11200000
2018-02-26 09:01:02,0.08902400,0.75800000
2018-02-26 09:01:03,0.08902400,2.25200000
2018-02-26 09:01:04,0.08906200,0.01300000
2018-02-26 09:01:05,0.08906200,0.05600000
2018-02-26 09:01:05,0.08910900,0.16700000
2018-02-26 09:01:06,0.08910700,0.44600000
2018-02-26 09:01:06,0.08910800,1.05500000
2018-02-26 09:01:07,0.08910700,0.46600000
2018-02-26 09:01:07,0.08906200,0.05600000
2018-02-26 09:01:08,0.08910700,0.21300000
2018-02-26 09:01:08,0.08906200,0.95200000
2018-02-26 09:01:09,0.08906100,0.02300000
2018-02-26 09:01:09,0.08910700,0.50400000
2018-02-26 09:01:09,0.08902400,0.00100000
2018-02-26 09:01:10,0.08907400,0.23600000
2018-02-26 09:01:10,0.08910500,0.12100000
2018-02-26 09:01:12,0.08907400,0.12300000
2018-02-26 09:01:14,0.08907400,1.12700000
2018-02-26 09:01:14,0.08910300,0.56800000
2018-02-26 09:01:17,0.08910200,0.01700000
2018-02-26 09:01:18,0.08907400,0.10000000
2018-02-26 09:01:18,0.08907400,0.37100000
2018-02-26 09:01:18,0.08907400,0.67300000
2018-02-26 09:01:18,0.08907400,0.02300000
2018-02-26 09:01:19,0.08907400,0.00100000
2018-02-26 09:01:19,0.08909900,0.52500000
2018-02-26 09:01:20,0.08906200,0.75600000
2018-02-26 09:01:21,0.08906200,0.27100000
2018-02-26 09:01:22,0.08906200,1.09200000
2018-02-26 09:01:22,0.08910000,0.01300000
2018-02-26 09:01:23,0.08906100,0.01500000
2018-02-26 09:01:26,0.08906100,1.02400000
2018-02-26 09:01:29,0.08909700,0.33700000
2018-02-26 09:01:30,0.08906100,0.29000000
2018-02-26 09:01:30,0.08909600,0.22700000
2018-02-26 09:01:31,0.08909600,0.60000000
2018-02-26 09:01:31,0.08906100,0.10600000
2018-02-26 09:01:31,0.08906100,0.70600000
2018-02-26 09:01:31,0.08906100,0.10600000
2018-02-26 09:01:31,0.08906100,0.94100000
2018-02-26 09:01:32,0.08906000,0.17700000
2018-02-26 09:01:32,0.08906000,0.59700000
2018-02-26 09:01:32,0.08906000,0.03300000
2018-02-26 09:01:32,0.08906000,0.12500000
2018-02-26 09:01:32,0.08906100,0.00200000
2018-02-26 09:01:32,0.08909600,0.31900000
2018-02-26 09:01:33,0.08909500,0.06100000
2018-02-26 09:01:33,0.08909500,0.07300000
2018-02-26 09:01:34,0.08909500,0.03300000
2018-02-26 09:01:34,0.08909500,0.28300000
2018-02-26 09:01:35,0.08909000,0.28000000
2018-02-26 09:01:35,0.08909000,0.33300000
2018-02-26 09:01:35,0.08909000,0.09000000
2018-02-26 09:01:35,0.08909400,0.08300000
2018-02-26 09:01:35,0.08909400,0.76300000
2018-02-26 09:01:37,0.08906700,0.13000000
2018-02-26 09:01:38,0.08906700,0.13300000
2018-02-26 09:01:38,0.08906600,0.26900000
2018-02-26 09:01:38,0.08906600,0.22200000
2018-02-26 09:01:39,0.08906600,0.29600000
2018-02-26 09:01:39,0.08906600,0.01200000
2018-02-26 09:01:39,0.08909300,0.29500000
2018-02-26 09:01:39,0.08909300,0.04400000
2018-02-26 09:01:39,0.08909300,0.19600000
2018-02-26 09:01:39,0.08909400,0.33400000
2018-02-26 09:01:39,0.08909400,0.71200000
2018-02-26 09:01:39,0.08909400,0.71200000
2018-02-26 09:01:39,0.08909400,0.07200000
2018-02-26 09:01:39,0.08909400,1.59800000
2018-02-26 09:01:40,0.08902400,0.11200000
2018-02-26 09:01:40,0.08902400,0.03400000
2018-02-26 09:01:40,0.08902400,1.20300000
2018-02-26 09:01:44,0.08904400,0.78500000
2018-02-26 09:01:44,0.08904300,0.05700000
2018-02-26 09:01:45,0.08904300,0.00100000
2018-02-26 09:01:45,0.08909400,0.00600000
2018-02-26 09:01:45,0.08909400,0.05200000
2018-02-26 09:01:45,0.08909800,0.06800000
2018-02-26 09:01:45,0.08909400,0.01200000
2018-02-26 09:01:46,0.08909400,0.03700000
2018-02-26 09:01:47,0.08909600,0.24200000
2018-02-26 09:01:48,0.08909900,0.24200000
2018-02-26 09:01:48,0.08909900,0.29200000
2018-02-26 09:01:50,0.08909400,0.00100000
2018-02-26 09:01:51,0.08909300,0.89000000
2018-02-26 09:01:52,0.08909200,0.03100000
2018-02-26 09:01:52,0.08909200,0.87900000
2018-02-26 09:01:52,0.08909200,0.02200000
2018-02-26 09:01:54,0.08900100,0.06100000
2018-02-26 09:01:55,0.08909200,0.09000000
2018-02-26 09:01:55,0.08909200,0.08200000
2018-02-26 09:01:56,0.08900100,0.06100000
2018-02-26 09:01:56,0.08900100,0.92300000
2018-02-26 09:01:58,0.08909200,1.65300000
2018-02-26 09:01:59,0.08904200,0.04800000
2018-02-26 09:01:59,0.08909200,0.13300000
2018-02-26 09:02:00,0.08909000,0.07100000
2018-02-26 09:02:00,0.08909200,0.01200000
2018-02-26 09:02:02,0.08904200,0.02600000
2018-02-26 09:02:02,0.08904200,0.30800000
2018-02-26 09:02:02,0.08904200,0.40800000
2018-02-26 09:02:03,0.08904100,0.05600000
2018-02-26 09:02:03,0.08904100,0.14300000
2018-02-26 09:02:03,0.08904100,0.33300000
2018-02-26 09:02:03,0.08904100,0.18800000
2018-02-26 09:02:03,0.08904100,0.10900000
2018-02-26 09:02:03,0.08909100,0.72000000
2018-02-26 09:02:03,0.08909300,0.05700000
2018-02-26 09:02:03,0.08909900,0.00100000
2018-02-26 09:02:03,0.08910000,0.04800000
2018-02-26 09:02:04,0.08904200,1.12200000
2018-02-26 09:02:04,0.08910000,0.19600000
2018-02-26 09:02:04,0.08904200,2.24600000
2018-02-26 09:02:04,0.08909000,0.08000000
2018-02-26 09:02:05,0.08904200,0.60900000
2018-02-26 09:02:07,0.08904200,0.02900000
2018-02-26 09:02:07,0.08904200,0.81300000
2018-02-26 09:02:08,0.08905300,0.02900000
2018-02-26 09:02:08,0.08904200,0.00100000
2018-02-26 09:02:08,0.08900200,0.02700000
2018-02-26 09:02:08,0.08900200,0.02800000
2018-02-26 09:02:08,0.08900200,0.04200000
2018-02-26 09:02:08,0.08900200,0.08300000
2018-02-26 09:02:08,0.08900000,0.04100000
2018-02-26 09:02:08,0.08902500,0.02900000
2018-02-26 09:02:08,0.08902400,0.05500000
2018-02-26 09:02:08,0.08902400,1.02900000
2018-02-26 09:02:09,0.08904200,0.02900000
2018-02-26 09:02:09,0.08902700,0.02500000
2018-02-26 09:02:09,0.08902700,0.03000000
2018-02-26 09:02:09,0.08900300,0.01400000
2018-02-26 09:02:12,0.08902600,0.02800000
2018-02-26 09:02:13,0.08904200,0.02800000
2018-02-26 09:02:13,0.08903000,0.02700000
2018-02-26 09:02:13,0.08903000,0.30000000
2018-02-26 09:02:13,0.08908000,0.01200000
2018-02-26 09:02:13,0.08909300,0.18400000
2018-02-26 09:02:13,0.08909400,0.06200000
2018-02-26 09:02:14,0.08909400,0.44300000
2018-02-26 09:02:14,0.08904500,0.02800000
2018-02-26 09:02:14,0.08909400,0.06700000
2018-02-26 09:02:14,0.08909500,0.26800000
2018-02-26 09:02:14,0.08910000,0.00100000
2018-02-26 09:02:14,0.08911000,0.50800000
2018-02-26 09:02:14,0.08911000,0.29500000
2018-02-26 09:02:14,0.08905400,0.02800000
2018-02-26 09:02:14,0.08904400,0.02700000
2018-02-26 09:02:14,0.08904400,1.16400000
2018-02-26 09:02:14,0.08911100,0.02600000
2018-02-26 09:02:14,0.08911100,0.10300000
2018-02-26 09:02:15,0.08911100,0.60100000
2018-02-26 09:02:15,0.08909300,3.59600000
2018-02-26 09:02:16,0.08909300,0.22400000
2018-02-26 09:02:16,0.08909300,0.56700000
2018-02-26 09:02:16,0.08909300,0.30600000
2018-02-26 09:02:17,0.08909300,0.10300000
2018-02-26 09:02:17,0.08909300,0.28600000
2018-02-26 09:02:18,0.08909300,0.02200000
2018-02-26 09:02:18,0.08909300,0.33000000
2018-02-26 09:02:18,0.08909300,0.30900000
2018-02-26 09:02:18,0.08909300,0.55500000
2018-02-26 09:02:18,0.08911100,0.64600000
2018-02-26 09:02:20,0.08903000,0.02700000
2018-02-26 09:02:20,0.08903000,1.21900000
2018-02-26 09:02:20,0.08909400,0.06600000
2018-02-26 09:02:21,0.08909400,0.17000000
2018-02-26 09:02:21,0.08909400,0.05900000
2018-02-26 09:02:21,0.08909400,0.02400000
2018-02-26 09:02:21,0.08909400,0.09100000
2018-02-26 09:02:22,0.08909400,0.10300000
2018-02-26 09:02:23,0.08909400,0.05500000
2018-02-26 09:02:24,0.08909400,0.20300000
2018-02-26 09:02:25,0.08909400,0.78500000
2018-02-26 09:02:25,0.08903000,0.16800000
2018-02-26 09:02:25,0.08902700,0.41600000
2018-02-26 09:02:25,0.08909400,2.96300000
2018-02-26 09:02:26,0.08902700,0.56600000
2018-02-26 09:02:26,0.08902600,0.00100000
2018-02-26 09:02:26,0.08902600,0.14000000
2018-02-26 09:02:26,0.08902600,0.10500000
2018-02-26 09:02:26,0.08909400,0.01800000
2018-02-26 09:02:26,0.08909400,0.08300000
2018-02-26 09:02:27,0.08900800,0.02100000
2018-02-26 09:02:27,0.08909400,0.11200000
2018-02-26 09:02:27,0.08909400,0.06200000
2018-02-26 09:02:28,0.08904400,0.07000000
2018-02-26 09:02:29,0.08904400,0.17600000
2018-02-26 09:02:29,0.08904400,0.16400000
2018-02-26 09:02:29,0.08904400,0.04600000
2018-02-26 09:02:29,0.08904400,0.39500000
2018-02-26 09:02:29,0.08903000,0.08900000
2018-02-26 09:02:29,0.08900800,0.00100000
2018-02-26 09:02:29,0.08900600,0.65500000
2018-02-26 09:02:30,0.08909300,0.02400000
2018-02-26 09:02:31,0.08900600,0.41200000
2018-02-26 09:02:32,0.08909300,0.22100000
2018-02-26 09:02:32,0.08900300,0.66200000
2018-02-26 09:02:32,0.08900500,0.10800000
2018-02-26 09:02:32,0.08900500,0.39000000
2018-02-26 09:02:32,0.08900500,0.03500000
2018-02-26 09:02:33,0.08900500,0.24400000
2018-02-26 09:02:33,0.08900500,0.00300000
2018-02-26 09:02:33,0.08909300,0.00500000
2018-02-26 09:02:33,0.08909400,0.11500000
2018-02-26 09:02:33,0.08909400,0.09100000
2018-02-26 09:02:33,0.08910400,0.15500000
2018-02-26 09:02:33,0.08910400,0.24600000
2018-02-26 09:02:33,0.08910400,0.01100000
2018-02-26 09:02:34,0.08909400,0.08000000
2018-02-26 09:02:34,0.08909400,0.47800000
2018-02-26 09:02:34,0.08900400,0.07200000
2018-02-26 09:02:34,0.08900400,0.16000000
2018-02-26 09:02:34,0.08900500,0.07800000
2018-02-26 09:02:34,0.08910300,0.67500000
2018-02-26 09:02:34,0.08910300,0.01800000
2018-02-26 09:02:35,0.08901000,0.41900000
2018-02-26 09:02:35,0.08910300,0.00200000
2018-02-26 09:02:35,0.08911100,0.05200000
2018-02-26 09:02:35,0.08910300,0.02000000
2018-02-26 09:02:35,0.08911100,0.04800000
2018-02-26 09:02:35,0.08911200,0.02400000
2018-02-26 09:02:35,0.08910000,0.01800000
2018-02-26 09:02:36,0.08910000,0.15900000
2018-02-26 09:02:36,0.08900700,0.02000000
2018-02-26 09:02:36,0.08900600,0.01900000
2018-02-26 09:02:36,0.08900700,0.02000000
2018-02-26 09:02:36,0.08900700,0.02000000
2018-02-26 09:02:36,0.08909400,0.36400000
2018-02-26 09:02:36,0.08909400,0.23900000
2018-02-26 09:02:36,0.08909400,0.08000000
2018-02-26 09:02:36,0.08909400,0.28700000
2018-02-26 09:02:36,0.08909400,0.12900000
2018-02-26 09:02:36,0.08900500,0.28700000
2018-02-26 09:02:36,0.08909900,0.05800000
2018-02-26 09:02:37,0.08900800,0.02100000
2018-02-26 09:02:37,0.08909900,0.02300000
2018-02-26 09:02:37,0.08909800,0.01900000
2018-02-26 09:02:37,0.08909900,0.17300000
2018-02-26 09:02:38,0.08909900,0.21400000
2018-02-26 09:02:38,0.08900800,0.00100000
2018-02-26 09:02:38,0.08900700,0.26000000
2018-02-26 09:02:38,0.08900700,0.65500000
2018-02-26 09:02:38,0.08900700,0.15600000
2018-02-26 09:02:38,0.08910000,0.26300000
2018-02-26 09:02:38,0.08910200,0.39100000
2018-02-26 09:02:39,0.08900800,0.02000000
2018-02-26 09:02:39,0.08900500,0.02900000
2018-02-26 09:02:39,0.08910000,0.05000000
2018-02-26 09:02:40,0.08900700,0.03000000
2018-02-26 09:02:43,0.08900700,0.02800000
2018-02-26 09:02:43,0.08901000,0.02600000
2018-02-26 09:02:43,0.08909800,0.02500000
2018-02-26 09:02:44,0.08902600,0.02900000
2018-02-26 09:02:44,0.08902600,1.03800000
2018-02-26 09:02:44,0.08904800,1.04100000
2018-02-26 09:02:45,0.08904800,0.02800000
2018-02-26 09:02:45,0.08904800,0.02600000
2018-02-26 09:02:45,0.08904800,0.15300000
2018-02-26 09:02:45,0.08902600,0.76700000
2018-02-26 09:02:45,0.08902600,0.75500000
2018-02-26 09:02:45,0.08900700,0.21400000
2018-02-26 09:02:45,0.08900700,0.48400000
2018-02-26 09:02:45,0.08900500,0.40000000
2018-02-26 09:02:45,0.08900500,0.17200000
2018-02-26 09:02:45,0.08900300,0.50800000
2018-02-26 09:02:45,0.08900200,0.03700000
2018-02-26 09:02:45,0.08900000,2.86900000
2018-02-26 09:02:45,0.08904800,0.09600000
2018-02-26 09:02:45,0.08909800,0.29100000
2018-02-26 09:02:45,0.08909900,0.58900000
2018-02-26 09:02:45,0.08910000,0.02300000
2018-02-26 09:02:45,0.08900000,0.01200000
2018-02-26 09:02:45,0.08900100,0.44300000
2018-02-26 09:02:46,0.08904800,0.05900000
2018-02-26 09:02:46,0.08904800,0.04700000
2018-02-26 09:02:46,0.08909900,0.05300000
2018-02-26 09:02:49,0.08910000,0.01500000
2018-02-26 09:02:49,0.08900400,0.20100000
2018-02-26 09:02:49,0.08900400,0.00300000
2018-02-26 09:02:50,0.08902600,0.99800000
2018-02-26 09:02:50,0.08902600,0.01300000
2018-02-26 09:02:50,0.08902600,0.01400000
2018-02-26 09:02:52,0.08909700,0.20400000
2018-02-26 09:02:53,0.08910000,0.00100000
2018-02-26 09:02:53,0.08910000,0.01800000
2018-02-26 09:02:54,0.08910000,0.01700000
2018-02-26 09:02:54,0.08910000,0.07100000
2018-02-26 09:02:54,0.08902600,0.01600000
2018-02-26 09:02:54,0.08902600,0.08700000
2018-02-26 09:02:54,0.08902600,0.08700000
2018-02-26 09:02:54,0.08910000,0.10800000
2018-02-26 09:02:54,0.08910000,0.10800000
2018-02-26 09:02:54,0.08910000,0.10800000
2018-02-26 09:02:55,0.08910000,1.12200000
2018-02-26 09:02:55,0.08910000,0.93200000
2018-02-26 09:02:55,0.08910000,0.16700000
2018-02-26 09:02:55,0.08910000,1.12400000
2018-02-26 09:02:55,0.08911100,0.02100000
2018-02-26 09:02:55,0.08910000,0.11000000
2018-02-26 09:02:55,0.08910000,1.22100000
2018-02-26 09:02:55,0.08900700,0.10900000
2018-02-26 09:02:56,0.08901000,0.43000000
2018-02-26 09:02:56,0.08900900,0.70800000
2018-02-26 09:03:00,0.08905800,0.96000000
2018-02-26 09:03:00,0.08910700,0.02400000
2018-02-26 09:03:01,0.08910100,0.69300000
2018-02-26 09:03:01,0.08910100,0.01500000
2018-02-26 09:03:01,0.08910200,0.97500000
2018-02-26 09:03:01,0.08910200,0.01600000
2018-02-26 09:03:01,0.08910500,0.06500000
2018-02-26 09:03:01,0.08910500,0.02900000
2018-02-26 09:03:01,0.08910500,0.25900000
2018-02-26 09:03:01,0.08910500,0.43000000
2018-02-26 09:03:01,0.08910500,0.19200000
2018-02-26 09:03:01,0.08905800,0.00100000
2018-02-26 09:03:01,0.08900800,0.42800000
2018-02-26 09:03:01,0.08900800,0.19100000
2018-02-26 09:03:02,0.08901000,0.43000000
2018-02-26 09:03:02,0.08900900,0.59800000
2018-02-26 09:03:05,0.08901200,0.62500000
2018-02-26 09:03:05,0.08901100,1.54000000
2018-02-26 09:03:07,0.08901100,0.14100000
2018-02-26 09:03:07,0.08901100,0.00100000
2018-02-26 09:03:07,0.08909900,0.11700000
2018-02-26 09:03:07,0.08909900,0.09300000
2018-02-26 09:03:08,0.08900800,1.12400000
2018-02-26 09:03:08,0.08900800,0.96300000
2018-02-26 09:03:09,0.08900900,0.02400000
2018-02-26 09:03:10,0.08905000,0.03200000
2018-02-26 09:03:11,0.08905000,0.26100000
2018-02-26 09:03:11,0.08905000,0.57000000
2018-02-26 09:03:11,0.08909700,0.40900000
2018-02-26 09:03:11,0.08909800,0.16000000
2018-02-26 09:03:13,0.08909300,0.10900000
2018-02-26 09:03:13,0.08909300,0.04100000
2018-02-26 09:03:14,0.08900000,0.03700000
2018-02-26 09:03:14,0.08900100,1.16000000
2018-02-26 09:03:15,0.08909200,0.06800000
2018-02-26 09:03:15,0.08901100,0.06000000
2018-02-26 09:03:15,0.08901100,0.09500000
2018-02-26 09:03:18,0.08904200,0.56100000
2018-02-26 09:03:18,0.08904200,0.23500000
2018-02-26 09:03:18,0.08903100,0.09900000
2018-02-26 09:03:18,0.08900300,0.04700000
2018-02-26 09:03:19,0.08900000,0.31500000
2018-02-26 09:03:19,0.08909100,0.09300000
2018-02-26 09:03:20,0.08900300,0.08900000
2018-02-26 09:03:20,0.08900200,0.04100000
2018-02-26 09:03:20,0.08900200,0.11800000
2018-02-26 09:03:20,0.08900200,0.26600000
2018-02-26 09:03:20,0.08900200,0.14900000
2018-02-26 09:03:20,0.08900200,0.04100000
2018-02-26 09:03:20,0.08900200,0.25000000
2018-02-26 09:03:20,0.08900200,0.00400000
2018-02-26 09:03:20,0.08900300,0.07600000
2018-02-26 09:03:20,0.08900300,0.02600000
2018-02-26 09:03:20,0.08909000,1.02700000
2018-02-26 09:03:20,0.08909000,0.05600000
2018-02-26 09:03:20,0.08909000,0.88800000
2018-02-26 09:03:21,0.08909000,0.07400000
2018-02-26 09:03:21,0.08909000,0.10100000
2018-02-26 09:03:21,0.08909300,0.07300000
2018-02-26 09:03:21,0.08909300,0.27000000
2018-02-26 09:03:21,0.08904700,0.04900000
2018-02-26 09:03:23,0.08909200,0.25800000
2018-02-26 09:03:25,0.08909100,0.02000000
2018-02-26 09:03:25,0.08900400,0.80800000
2018-02-26 09:03:25,0.08900400,0.41800000
2018-02-26 09:03:25,0.08909100,0.59400000
2018-02-26 09:03:26,0.08900200,0.95600000
2018-02-26 09:03:26,0.08909100,0.80100000
2018-02-26 09:03:27,0.08909100,0.58500000
2018-02-26 09:03:27,0.08909200,6.04300000
2018-02-26 09:03:29,0.08909200,0.17100000
2018-02-26 09:03:29,0.08900300,0.17000000
2018-02-26 09:03:29,0.08900300,0.17000000
2018-02-26 09:03:29,0.08900300,0.03400000
2018-02-26 09:03:29,0.08900300,0.17000000
2018-02-26 09:03:29,0.08900300,0.02600000
2018-02-26 09:03:29,0.08909300,0.39800000
2018-02-26 09:03:30,0.08909300,0.42900000
2018-02-26 09:03:30,0.08900300,0.01400000
2018-02-26 09:03:31,0.08904300,1.09000000
2018-02-26 09:03:32,0.08904300,0.00100000
2018-02-26 09:03:32,0.08903800,0.16800000
2018-02-26 09:03:32,0.08903800,0.03000000
2018-02-26 09:03:32,0.08903800,0.13100000
2018-02-26 09:03:32,0.08904200,0.02900000
2018-02-26 09:03:32,0.08904200,0.64400000
2018-02-26 09:03:32,0.08904200,0.10400000
2018-02-26 09:03:33,0.08904500,0.07900000
2018-02-26 09:03:33,0.08904500,0.56500000
2018-02-26 09:03:33,0.08901100,0.07800000
2018-02-26 09:03:33,0.08901100,0.25300000
2018-02-26 09:03:33,0.08908900,0.08700000
2018-02-26 09:03:36,0.08901200,0.10400000
2018-02-26 09:03:37,0.08908800,0.05300000
2018-02-26 09:03:37,0.08908800,0.53100000
2018-02-26 09:03:38,0.08901200,0.23500000
2018-02-26 09:03:38,0.08901100,0.58200000
2018-02-26 09:03:38,0.08908900,5.14800000
2018-02-26 09:03:40,0.08909000,0.02600000
2018-02-26 09:03:41,0.08901100,0.22400000
2018-02-26 09:03:41,0.08901100,0.11300000
2018-02-26 09:03:42,0.08901100,0.98700000
2018-02-26 09:03:42,0.08900200,0.94500000
2018-02-26 09:03:42,0.08900200,0.02300000
2018-02-26 09:03:44,0.08900400,0.96500000
2018-02-26 09:03:44,0.08908900,0.11200000
2018-02-26 09:03:44,0.08908800,0.20100000
2018-02-26 09:03:45,0.08900500,0.02500000
2018-02-26 09:03:47,0.08903800,1.00100000
2018-02-26 09:03:47,0.08903800,0.00100000
2018-02-26 09:03:47,0.08900500,1.00000000
2018-02-26 09:03:48,0.08900500,1.12500000
2018-02-26 09:03:48,0.08900500,0.06700000
2018-02-26 09:03:48,0.08900500,0.13100000
2018-02-26 09:03:48,0.08908700,0.00800000
2018-02-26 09:03:48,0.08908700,0.35400000
2018-02-26 09:03:48,0.08908800,0.19600000
2018-02-26 09:03:50,0.08900500,0.77600000
2018-02-26 09:03:50,0.08900400,0.10200000
2018-02-26 09:03:50,0.08908800,0.56700000
2018-02-26 09:03:50,0.08908800,0.00100000
2018-02-26 09:03:50,0.08909000,0.06300000
2018-02-26 09:03:50,0.08909200,0.16000000
2018-02-26 09:03:51,0.08909000,0.14000000
2018-02-26 09:03:51,0.08909000,0.55900000
2018-02-26 09:03:54,0.08908900,0.03200000
2018-02-26 09:03:55,0.08908600,0.03300000
2018-02-26 09:03:55,0.08900400,0.03200000
2018-02-26 09:03:55,0.08900400,0.03200000
2018-02-26 09:03:56,0.08908500,0.83400000
2018-02-26 09:03:56,0.08908500,0.14800000
2018-02-26 09:03:57,0.08900400,0.16700000
2018-02-26 09:03:59,0.08900400,0.01500000
2018-02-26 09:04:00,0.08908000,0.20800000
2018-02-26 09:04:02,0.08900400,0.90700000
2018-02-26 09:04:02,0.08908000,0.03000000
2018-02-26 09:04:02,0.08908000,0.30700000
2018-02-26 09:04:03,0.08903000,0.22400000
2018-02-26 09:04:03,0.08903000,0.91700000
2018-02-26 09:04:05,0.08908000,3.67400000
2018-02-26 09:04:06,0.08908900,0.02900000
2018-02-26 09:04:06,0.08903100,0.36000000
2018-02-26 09:04:06,0.08908900,0.13200000
2018-02-26 09:04:06,0.08903100,0.57700000
2018-02-26 09:04:08,0.08903000,0.00100000
2018-02-26 09:04:08,0.08902900,1.12200000
2018-02-26 09:04:08,0.08902900,0.07200000
2018-02-26 09:04:11,0.08902900,0.00100000
2018-02-26 09:04:12,0.08907200,0.07700000
2018-02-26 09:04:12,0.08908900,0.00100000
2018-02-26 09:04:12,0.08908900,0.04100000
2018-02-26 09:04:13,0.08902900,0.01400000
2018-02-26 09:04:13,0.08902900,0.31500000
2018-02-26 09:04:13,0.08900500,0.27000000
2018-02-26 09:04:14,0.08900500,1.12600000
2018-02-26 09:04:14,0.08900500,0.62900000
2018-02-26 09:04:14,0.08902800,0.03300000
2018-02-26 09:04:14,0.08902800,0.75400000
2018-02-26 09:04:14,0.08902800,0.12000000
2018-02-26 09:04:14,0.08908900,0.78600000
2018-02-26 09:04:14,0.08908900,0.27600000
2018-02-26 09:04:14,0.08908900,0.50200000
2018-02-26 09:04:14,0.08900500,0.05600000
2018-02-26 09:04:15,0.08900500,0.25300000
2018-02-26 09:04:15,0.08900500,0.27700000
2018-02-26 09:04:15,0.08908900,0.16800000
2018-02-26 09:04:17,0.08908900,0.07600000
2018-02-26 09:04:18,0.08908000,0.77500000
2018-02-26 09:04:18,0.08903900,0.11700000
2018-02-26 09:04:19,0.08903900,0.82500000
2018-02-26 09:04:20,0.08908000,0.21700000
2018-02-26 09:04:20,0.08903900,0.00100000
2018-02-26 09:04:20,0.08908000,0.05100000
2018-02-26 09:04:23,0.08908000,0.12300000
2018-02-26 09:04:24,0.08903900,0.02400000
2018-02-26 09:04:24,0.08900500,0.02000000
2018-02-26 09:04:25,0.08908000,0.43500000
2018-02-26 09:04:25,0.08900500,0.80400000
2018-02-26 09:04:26,0.08900500,0.05800000
2018-02-26 09:04:26,0.08907900,0.02600000
2018-02-26 09:04:26,0.08908000,2.17100000
2018-02-26 09:04:26,0.08909100,0.00100000
2018-02-26 09:04:27,0.08909100,0.01900000
2018-02-26 09:04:27,0.08909200,0.19400000
2018-02-26 09:04:27,0.08909200,4.18700000
2018-02-26 09:04:28,0.08909200,0.03100000
2018-02-26 09:04:31,0.08900400,1.38700000
2018-02-26 09:04:31,0.08909000,0.61400000
2018-02-26 09:04:31,0.08900400,1.12800000
2018-02-26 09:04:32,0.08909000,0.10800000
2018-02-26 09:04:32,0.08909000,0.10800000
2018-02-26 09:04:32,0.08909000,0.23200000
2018-02-26 09:04:32,0.08909000,0.26500000
2018-02-26 09:04:33,0.08908000,0.36200000
2018-02-26 09:04:33,0.08908000,0.21300000
2018-02-26 09:04:33,0.08900400,1.21600000
2018-02-26 09:04:34,0.08908000,1.11900000
2018-02-26 09:04:34,0.08908000,0.09200000
2018-02-26 09:04:34,0.08903000,0.69400000
2018-02-26 09:04:35,0.08903000,0.08000000
2018-02-26 09:04:35,0.08908000,1.01000000
2018-02-26 09:04:35,0.08908000,2.12000000
2018-02-26 09:04:36,0.08903000,0.03600000
2018-02-26 09:04:36,0.08909000,0.33100000
2018-02-26 09:04:36,0.08909000,0.37800000
2018-02-26 09:04:36,0.08903000,0.03400000
2018-02-26 09:04:37,0.08909000,0.36500000
2018-02-26 09:04:37,0.08908000,1.06400000
2018-02-26 09:04:38,0.08909000,0.33400000
2018-02-26 09:04:38,0.08908000,0.87900000
2018-02-26 09:04:38,0.08908000,0.29900000
2018-02-26 09:04:38,0.08908000,0.49200000
2018-02-26 09:04:38,0.08909000,0.27200000
2018-02-26 09:04:38,0.08908000,0.15600000
2018-02-26 09:04:38,0.08908000,1.31300000
2018-02-26 09:04:38,0.08908000,0.05600000
2018-02-26 09:04:39,0.08908000,0.14400000
2018-02-26 09:04:39,0.08909000,0.11200000
2018-02-26 09:04:41,0.08909000,0.03100000
2018-02-26 09:04:41,0.08908000,0.22400000
2018-02-26 09:04:41,0.08909000,0.04000000
2018-02-26 09:04:41,0.08909000,0.11200000
2018-02-26 09:04:42,0.08909000,0.10000000
2018-02-26 09:04:42,0.08908000,0.03400000
2018-02-26 09:04:42,0.08908000,0.01800000
2018-02-26 09:04:42,0.08909000,0.26000000
2018-02-26 09:04:42,0.08909000,1.47900000
2018-02-26 09:04:42,0.08909000,0.20500000
2018-02-26 09:04:42,0.08908000,0.07300000
2018-02-26 09:04:42,0.08909000,0.11200000
2018-02-26 09:04:43,0.08908000,0.00100000
2018-02-26 09:04:44,0.08903000,0.08300000
2018-02-26 09:04:45,0.08906200,0.31700000
2018-02-26 09:04:45,0.08906200,0.28700000
2018-02-26 09:04:45,0.08906200,0.17900000
2018-02-26 09:04:45,0.08906200,0.06800000
2018-02-26 09:04:45,0.08906200,0.14900000
2018-02-26 09:04:45,0.08907000,0.53300000
2018-02-26 09:04:48,0.08907900,0.41200000
2018-02-26 09:04:48,0.08907900,0.36200000
2018-02-26 09:04:48,0.08908000,1.38600000
2018-02-26 09:04:48,0.08908000,0.38600000
2018-02-26 09:04:49,0.08908000,0.16700000
2018-02-26 09:04:49,0.08900400,0.75200000
2018-02-26 09:04:49,0.08900400,0.04300000
2018-02-26 09:04:51,0.08903000,0.03900000
2018-02-26 09:04:51,0.08903000,0.05600000
2018-02-26 09:04:52,0.08903000,0.33700000
2018-02-26 09:04:52,0.08903000,0.04900000
2018-02-26 09:04:53,0.08903000,0.12600000
2018-02-26 09:04:53,0.08908000,0.00100000
2018-02-26 09:04:53,0.08909000,0.03100000
2018-02-26 09:04:54,0.08909000,0.55600000
2018-02-26 09:04:54,0.08903000,0.18700000
2018-02-26 09:04:54,0.08900600,4.94000000
2018-02-26 09:04:55,0.08909000,0.02200000
2018-02-26 09:04:55,0.08909100,0.19900000
2018-02-26 09:04:55,0.08909000,0.02300000
2018-02-26 09:04:55,0.08909000,0.05400000
2018-02-26 09:04:55,0.08900500,0.04400000
2018-02-26 09:04:55,0.08900500,0.09800000
2018-02-26 09:04:55,0.08908900,0.03100000
2018-02-26 09:04:56,0.08908900,0.65500000
2018-02-26 09:04:57,0.08908000,1.45900000
2018-02-26 09:04:57,0.08900500,0.99800000
2018-02-26 09:04:58,0.08908000,0.54100000
2018-02-26 09:04:59,0.08908000,0.01300000
2018-02-26 09:05:00,0.08908000,0.13300000
2018-02-26 09:05:00,0.08900500,2.25200000
2018-02-26 09:05:00,0.08900500,0.10000000
2018-02-26 09:05:00,0.08908000,1.77400000
2018-02-26 09:05:00,0.08900500,0.16400000
2018-02-26 09:05:01,0.08900500,0.02000000
2018-02-26 09:05:02,0.08900500,0.00300000
2018-02-26 09:05:02,0.08900500,0.05000000
2018-02-26 09:05:02,0.08900500,1.05400000
2018-02-26 09:05:03,0.08908000,0.66900000
2018-02-26 09:05:05,0.08905000,0.11200000
2018-02-26 09:05:05,0.08905000,0.29400000
2018-02-26 09:05:05,0.08908000,7.21800000
2018-02-26 09:05:05,0.08909200,12.11300000
2018-02-26 09:05:05,0.08909300,16.74600000
2018-02-26 09:05:05,0.08909400,0.02000000
2018-02-26 09:05:05,0.08909500,0.08500000
2018-02-26 09:05:05,0.08910000,0.49200000
2018-02-26 09:05:05,0.08910300,0.50900000
2018-02-26 09:05:05,0.08910400,3.51200000
2018-02-26 09:05:06,0.08903000,0.14700000
2018-02-26 09:05:06,0.08903000,0.10700000
2018-02-26 09:05:06,0.08903000,0.22400000
2018-02-26 09:05:08,0.08903000,0.35800000
2018-02-26 09:05:08,0.08902900,0.07600000
2018-02-26 09:05:09,0.08901100,0.10000000
2018-02-26 09:05:09,0.08901100,0.10000000
2018-02-26 09:05:09,0.08902900,0.06000000
2018-02-26 09:05:09,0.08902900,0.12000000
2018-02-26 09:05:09,0.08902900,0.11700000
2018-02-26 09:05:10,0.08901900,0.10000000
2018-02-26 09:05:10,0.08901900,0.15200000
2018-02-26 09:05:10,0.08902900,0.01500000
2018-02-26 09:05:10,0.08902000,0.01900000
2018-02-26 09:05:11,0.08902000,1.12200000
2018-02-26 09:05:11,0.08902000,1.08400000
2018-02-26 09:05:12,0.08902000,1.12200000
2018-02-26 09:05:12,0.08902000,3.36200000
2018-02-26 09:05:14,0.08902900,0.23200000
2018-02-26 09:05:14,0.08907900,0.17300000
2018-02-26 09:05:14,0.08902000,0.00100000
2018-02-26 09:05:14,0.08901900,0.99500000
2018-02-26 09:05:15,0.08901900,0.15700000
2018-02-26 09:05:15,0.08901900,3.36500000
2018-02-26 09:05:15,0.08900500,1.34500000
2018-02-26 09:05:16,0.08900600,0.08900000
2018-02-26 09:05:17,0.08907900,0.50200000
2018-02-26 09:05:19,0.08908900,0.55900000
2018-02-26 09:05:20,0.08901000,0.06100000
2018-02-26 09:05:20,0.08908800,0.10000000
2018-02-26 09:05:20,0.08908900,0.44100000
2018-02-26 09:05:20,0.08901000,0.75900000
2018-02-26 09:05:21,0.08908900,0.36200000
2018-02-26 09:05:21,0.08908900,0.50600000
2018-02-26 09:05:22,0.08903900,0.03500000
2018-02-26 09:05:22,0.08903900,0.33500000
2018-02-26 09:05:24,0.08908900,3.13200000
2018-02-26 09:05:24,0.08908900,0.08900000
2018-02-26 09:05:25,0.08908900,0.02900000
2018-02-26 09:05:25,0.08908900,0.63600000
2018-02-26 09:05:25,0.08910300,0.09900000
2018-02-26 09:05:25,0.08908900,1.12300000
2018-02-26 09:05:25,0.08908900,1.60700000
2018-02-26 09:05:25,0.08908900,0.11000000
2018-02-26 09:05:25,0.08908900,0.02000000
2018-02-26 09:05:26,0.08908900,0.22200000
2018-02-26 09:05:26,0.08908900,1.12300000
2018-02-26 09:05:26,0.08908900,1.05700000
2018-02-26 09:05:26,0.08908900,0.03600000
2018-02-26 09:05:27,0.08908900,0.12600000
2018-02-26 09:05:27,0.08908900,1.12300000
2018-02-26 09:05:27,0.08908900,1.92900000
2018-02-26 09:05:27,0.08908900,0.00100000
2018-02-26 09:05:27,0.08903900,0.70900000
2018-02-26 09:05:27,0.08901000,0.18000000
2018-02-26 09:05:28,0.08910300,0.10700000
2018-02-26 09:05:28,0.08901100,0.03400000
2018-02-26 09:05:29,0.08910300,0.06000000
2018-02-26 09:05:31,0.08909400,0.03100000
2018-02-26 09:05:31,0.08909400,0.16800000
2018-02-26 09:05:32,0.08908900,0.06200000
2018-02-26 09:05:32,0.08908900,0.04800000
2018-02-26 09:05:32,0.08908900,1.12400000
2018-02-26 09:05:32,0.08908900,0.67700000
2018-02-26 09:05:32,0.08908900,3.08900000
2018-02-26 09:05:32,0.08902100,0.67600000
2018-02-26 09:05:32,0.08908800,0.20200000
2018-02-26 09:05:32,0.08908800,0.05500000
2018-02-26 09:05:32,0.08908800,0.25400000
2018-02-26 09:05:33,0.08908800,0.11800000
2018-02-26 09:05:33,0.08908800,0.13900000
2018-02-26 09:05:33,0.08909400,0.36100000
2018-02-26 09:05:34,0.08902100,0.28100000
2018-02-26 09:05:36,0.08903100,0.22400000
2018-02-26 09:05:36,0.08909400,0.04600000
2018-02-26 09:05:37,0.08904400,0.04400000
2018-02-26 09:05:37,0.08904400,0.37400000
2018-02-26 09:05:38,0.08904400,0.05800000
2018-02-26 09:05:38,0.08904400,0.03900000
2018-02-26 09:05:38,0.08904400,0.34600000
2018-02-26 09:05:38,0.08904300,0.07500000
2018-02-26 09:05:38,0.08904300,0.12600000
2018-02-26 09:05:38,0.08904300,0.15300000
2018-02-26 09:05:39,0.08904300,0.15600000
2018-02-26 09:05:39,0.08904300,0.35300000
2018-02-26 09:05:39,0.08909400,0.00100000
2018-02-26 09:05:39,0.08910300,0.15200000
2018-02-26 09:05:39,0.08910300,0.02800000
2018-02-26 09:05:41,0.08903200,0.02200000
2018-02-26 09:05:43,0.08903200,0.00200000
2018-02-26 09:05:43,0.08903100,0.52700000
2018-02-26 09:05:43,0.08902100,0.82300000
2018-02-26 09:05:44,0.08903100,0.01200000
2018-02-26 09:05:44,0.08902100,0.14600000
2018-02-26 09:05:45,0.08903100,0.43400000
2018-02-26 09:05:45,0.08903100,0.72400000
2018-02-26 09:05:45,0.08910000,0.21700000
2018-02-26 09:05:45,0.08902100,0.15500000
2018-02-26 09:05:45,0.08910000,0.73700000
2018-02-26 09:05:45,0.08910000,0.20600000
2018-02-26 09:05:46,0.08902100,0.15700000
2018-02-26 09:05:47,0.08902100,0.09400000
2018-02-26 09:05:50,0.08902200,0.20000000
2018-02-26 09:05:50,0.08902100,0.57000000
2018-02-26 09:05:51,0.08903100,0.13400000
2018-02-26 09:05:52,0.08903100,0.07700000
2018-02-26 09:05:52,0.08904000,0.11200000
2018-02-26 09:05:52,0.08904000,0.02100000
2018-02-26 09:05:52,0.08909700,0.10900000
2018-02-26 09:05:53,0.08904000,0.13100000
2018-02-26 09:05:53,0.08904000,0.92600000
2018-02-26 09:05:53,0.08905000,0.32200000
2018-02-26 09:05:54,0.08905000,0.09900000
2018-02-26 09:05:54,0.08905000,0.49400000
2018-02-26 09:05:54,0.08904000,0.09800000
2018-02-26 09:05:54,0.08904000,0.49300000
2018-02-26 09:05:54,0.08904000,0.18400000
2018-02-26 09:05:55,0.08908800,0.02600000
2018-02-26 09:05:55,0.08909700,0.31000000
2018-02-26 09:05:55,0.08909700,0.02500000
2018-02-26 09:05:56,0.08904000,0.75600000
2018-02-26 09:05:56,0.08904000,0.54400000
2018-02-26 09:05:56,0.08904000,0.11100000
2018-02-26 09:05:57,0.08907900,0.02800000
2018-02-26 09:05:57,0.08904000,1.12600000
2018-02-26 09:05:57,0.08904000,1.38700000
2018-02-26 09:05:57,0.08902100,0.02200000
2018-02-26 09:05:58,0.08902100,0.02300000
2018-02-26 09:05:58,0.08906100,0.02800000
2018-02-26 09:05:58,0.08906100,0.00100000
2018-02-26 09:05:58,0.08907900,0.00100000
2018-02-26 09:05:58,0.08909700,0.02600000
2018-02-26 09:05:59,0.08902100,0.36300000
2018-02-26 09:05:59,0.08902100,0.02300000
2018-02-26 09:06:01,0.08905800,0.01200000
2018-02-26 09:06:02,0.08902100,1.11400000
2018-02-26 09:06:02,0.08903000,0.02100000
2018-02-26 09:06:02,0.08903000,0.10300000
2018-02-26 09:06:02,0.08903000,0.66600000
2018-02-26 09:06:02,0.08903000,0.20100000
2018-02-26 09:06:02,0.08903000,0.03800000
2018-02-26 09:06:02,0.08905800,1.41900000
2018-02-26 09:06:02,0.08905800,0.64600000
2018-02-26 09:06:03,0.08903000,0.40800000
2018-02-26 09:06:04,0.08903000,0.00100000
2018-02-26 09:06:05,0.08903000,0.18400000
2018-02-26 09:06:07,0.08905800,0.11200000
2018-02-26 09:06:07,0.08905800,2.82400000
2018-02-26 09:06:07,0.08907400,0.02800000
2018-02-26 09:06:07,0.08909600,2.02800000
2018-02-26 09:06:07,0.08909600,3.21200000
2018-02-26 09:06:07,0.08909700,0.18800000
2018-02-26 09:06:07,0.08910000,0.00100000
2018-02-26 09:06:07,0.08910300,0.00100000
2018-02-26 09:06:07,0.08911100,0.00100000
2018-02-26 09:06:07,0.08911500,0.01700000
2018-02-26 09:06:07,0.08911900,0.07100000
2018-02-26 09:06:07,0.08912100,0.21100000
2018-02-26 09:06:07,0.08912200,0.72000000
2018-02-26 09:06:07,0.08912800,0.13800000
2018-02-26 09:06:07,0.08912900,0.18500000
2018-02-26 09:06:07,0.08913600,0.01600000
2018-02-26 09:06:07,0.08913900,0.65900000
2018-02-26 09:06:07,0.08914900,0.82400000
2018-02-26 09:06:07,0.08915000,0.72900000
2018-02-26 09:06:07,0.08915600,0.34100000
2018-02-26 09:06:07,0.08915700,0.11400000
2018-02-26 09:06:07,0.08915800,0.09500000
2018-02-26 09:06:07,0.08916100,2.23300000
2018-02-26 09:06:07,0.08903000,7.37000000
2018-02-26 09:06:08,0.08902100,0.50200000
2018-02-26 09:06:08,0.08902000,0.02300000
2018-02-26 09:06:08,0.08900500,0.38200000
2018-02-26 09:06:08,0.08902900,0.14600000
2018-02-26 09:06:08,0.08902900,0.20600000
2018-02-26 09:06:08,0.08902900,0.18600000
2018-02-26 09:06:08,0.08902900,0.38500000
2018-02-26 09:06:09,0.08908100,0.22200000
2018-02-26 09:06:09,0.08908100,0.13200000
2018-02-26 09:06:09,0.08913100,0.20000000
2018-02-26 09:06:09,0.08914000,0.02100000
2018-02-26 09:06:09,0.08908100,0.10300000
2018-02-26 09:06:09,0.08908100,0.21700000
2018-02-26 09:06:09,0.08902900,0.05900000
2018-02-26 09:06:10,0.08902900,0.05400000
2018-02-26 09:06:11,0.08913000,0.00100000
2018-02-26 09:06:11,0.08902400,0.21300000
2018-02-26 09:06:12,0.08903000,0.03800000
2018-02-26 09:06:12,0.08903000,0.16300000
2018-02-26 09:06:13,0.08903200,0.15500000
2018-02-26 09:06:13,0.08903200,0.13500000
2018-02-26 09:06:13,0.08903100,0.02400000
2018-02-26 09:06:13,0.08903200,0.14000000
2018-02-26 09:06:13,0.08903200,0.10000000
2018-02-26 09:06:14,0.08903200,1.11400000
2018-02-26 09:06:14,0.08903200,1.12200000
2018-02-26 09:06:14,0.08903200,0.74600000
2018-02-26 09:06:14,0.08903200,0.98400000
2018-02-26 09:06:14,0.08903200,0.00100000
2018-02-26 09:06:14,0.08903200,0.02000000
2018-02-26 09:06:14,0.08903200,0.02000000
2018-02-26 09:06:14,0.08903000,0.09000000
2018-02-26 09:06:15,0.08900800,0.98200000
2018-02-26 09:06:15,0.08903000,0.10900000
2018-02-26 09:06:16,0.08900800,0.04400000
2018-02-26 09:06:16,0.08900800,1.12200000
2018-02-26 09:06:16,0.08900800,1.87500000
2018-02-26 09:06:16,0.08903000,0.00100000
2018-02-26 09:06:17,0.08903200,0.64400000
2018-02-26 09:06:17,0.08902000,2.35400000
2018-02-26 09:06:17,0.08902000,0.10700000
2018-02-26 09:06:17,0.08900800,0.40600000
2018-02-26 09:06:18,0.08901000,0.42900000
2018-02-26 09:06:18,0.08901000,0.00100000
2018-02-26 09:06:18,0.08900900,0.24500000
2018-02-26 09:06:19,0.08901200,0.97600000
2018-02-26 09:06:22,0.08901200,0.36100000
2018-02-26 09:06:23,0.08901200,0.04600000
2018-02-26 09:06:23,0.08901200,0.29300000
2018-02-26 09:06:23,0.08903000,1.79600000
2018-02-26 09:06:23,0.08903000,0.22400000
2018-02-26 09:06:24,0.08903000,0.45900000
2018-02-26 09:06:24,0.08901200,0.06600000
2018-02-26 09:06:24,0.08901200,1.12400000
2018-02-26 09:06:24,0.08901200,1.33700000
2018-02-26 09:06:25,0.08903000,0.45900000
2018-02-26 09:06:25,0.08901200,0.80400000
2018-02-26 09:06:26,0.08903000,0.00400000
2018-02-26 09:06:26,0.08903000,0.24400000
2018-02-26 09:06:28,0.08902100,0.13300000
2018-02-26 09:06:30,0.08903000,0.18200000
2018-02-26 09:06:30,0.08903000,0.32600000
2018-02-26 09:06:30,0.08903000,4.17000000
2018-02-26 09:06:30,0.08901300,0.07700000
2018-02-26 09:06:32,0.08901200,0.92200000
2018-02-26 09:06:33,0.08901000,0.25000000
2018-02-26 09:06:33,0.08901200,0.00100000
2018-02-26 09:06:34,0.08900800,0.08000000
2018-02-26 09:06:34,0.08900900,1.08700000
2018-02-26 09:06:35,0.08900900,0.97700000
2018-02-26 09:06:37,0.08900800,1.15600000
2018-02-26 09:06:37,0.08900800,0.03800000
2018-02-26 09:06:38,0.08900800,0.26500000
2018-02-26 09:06:38,0.08900800,0.76300000
2018-02-26 09:06:38,0.08900800,0.34700000
2018-02-26 09:06:39,0.08900800,1.67600000
2018-02-26 09:06:40,0.08900800,0.33700000
2018-02-26 09:06:41,0.08900800,0.33700000
2018-02-26 09:06:41,0.08901300,0.23200000
2018-02-26 09:06:41,0.08907800,0.09000000
2018-02-26 09:06:41,0.08910200,0.88800000
2018-02-26 09:06:41,0.08910200,0.20800000
2018-02-26 09:06:43,0.08900900,0.02100000
2018-02-26 09:06:43,0.08902000,0.19800000
2018-02-26 09:06:43,0.08902000,0.96100000
2018-02-26 09:06:44,0.08902000,1.12300000
2018-02-26 09:06:44,0.08902000,0.08500000
2018-02-26 09:06:44,0.08902000,9.45300000
2018-02-26 09:06:44,0.08900900,0.00100000
2018-02-26 09:06:44,0.08900800,0.00100000
2018-02-26 09:06:44,0.08900500,1.86300000
2018-02-26 09:06:46,0.08900500,0.04500000
2018-02-26 09:06:49,0.08903000,0.07400000
2018-02-26 09:06:49,0.08900500,0.04900000
2018-02-26 09:06:49,0.08900500,0.16900000
2018-02-26 09:06:51,0.08902900,0.14000000
2018-02-26 09:06:52,0.08900800,0.50700000
2018-02-26 09:06:52,0.08902900,0.10900000
2018-02-26 09:06:52,0.08902900,0.54400000
2018-02-26 09:06:52,0.08909500,0.71300000
2018-02-26 09:06:52,0.08903900,0.01600000
2018-02-26 09:06:53,0.08909500,0.58700000
2018-02-26 09:06:53,0.08903900,0.07200000
2018-02-26 09:06:53,0.08909500,0.49800000
2018-02-26 09:06:55,0.08904000,0.08200000
2018-02-26 09:06:55,0.08904000,0.76300000
2018-02-26 09:06:55,0.08909500,0.70800000
2018-02-26 09:06:56,0.08904000,0.82700000
2018-02-26 09:06:56,0.08904000,0.04900000
2018-02-26 09:06:57,0.08904100,0.11000000
2018-02-26 09:06:57,0.08904100,0.14400000
2018-02-26 09:06:57,0.08904100,1.12600000
2018-02-26 09:06:58,0.08904200,0.74300000
2018-02-26 09:06:59,0.08904500,1.12300000
2018-02-26 09:06:59,0.08904500,0.05200000
2018-02-26 09:06:59,0.08904200,0.00100000
2018-02-26 09:06:59,0.08903900,0.03600000
2018-02-26 09:06:59,0.08903900,0.07600000
2018-02-26 09:06:59,0.08909400,0.00800000
2018-02-26 09:07:01,0.08900800,0.00100000
2018-02-26 09:07:01,0.08900800,0.77100000
2018-02-26 09:07:03,0.08903000,0.33800000
2018-02-26 09:07:04,0.08903000,0.03400000
2018-02-26 09:07:05,0.08903000,1.18600000
2018-02-26 09:07:05,0.08909400,0.14600000
2018-02-26 09:07:05,0.08909500,0.20500000
2018-02-26 09:07:07,0.08902000,0.55500000
2018-02-26 09:07:07,0.08903000,0.04400000
2018-02-26 09:07:07,0.08902000,0.92200000
2018-02-26 09:07:08,0.08902000,0.05500000
2018-02-26 09:07:09,0.08902000,1.44900000
2018-02-26 09:07:09,0.08902000,0.04500000
2018-02-26 09:07:09,0.08902000,0.39700000
2018-02-26 09:07:10,0.08902000,0.44400000
2018-02-26 09:07:11,0.08902000,0.03200000
2018-02-26 09:07:11,0.08902900,0.03200000
2018-02-26 09:07:11,0.08902000,1.09800000
2018-02-26 09:07:11,0.08902900,0.99000000
2018-02-26 09:07:11,0.08903000,0.00100000
2018-02-26 09:07:12,0.08905600,0.02900000
2018-02-26 09:07:12,0.08905600,0.06700000
2018-02-26 09:07:12,0.08905600,0.10200000
2018-02-26 09:07:12,0.08905600,0.93900000
2018-02-26 09:07:12,0.08903900,0.15800000
2018-02-26 09:07:13,0.08903900,0.56200000
2018-02-26 09:07:13,0.08900800,1.05000000
2018-02-26 09:07:14,0.08903900,0.02400000
2018-02-26 09:07:14,0.08900800,0.00500000
2018-02-26 09:07:14,0.08900500,0.22900000
2018-02-26 09:07:15,0.08900800,0.03900000
2018-02-26 09:07:15,0.08900800,0.00100000
2018-02-26 09:07:15,0.08903900,0.03700000
2018-02-26 09:07:16,0.08903900,0.03000000
2018-02-26 09:07:16,0.08900500,0.04500000
2018-02-26 09:07:16,0.08900500,0.50000000
2018-02-26 09:07:18,0.08900500,0.19400000
2018-02-26 09:07:18,0.08900500,0.32400000
2018-02-26 09:07:18,0.08903900,0.11300000
2018-02-26 09:07:18,0.08903900,0.05600000
2018-02-26 09:07:18,0.08900500,0.05600000
2018-02-26 09:07:18,0.08900500,0.04500000
2018-02-26 09:07:18,0.08900500,0.05000000
2018-02-26 09:07:18,0.08909000,0.03700000
2018-02-26 09:07:19,0.08900500,0.02700000
2018-02-26 09:07:19,0.08900500,0.23300000
2018-02-26 09:07:19,0.08900500,1.24600000
2018-02-26 09:07:19,0.08909000,0.61600000
2018-02-26 09:07:20,0.08909000,0.41000000
2018-02-26 09:07:20,0.08909500,3.97000000
2018-02-26 09:07:20,0.08909600,0.46000000
2018-02-26 09:07:20,0.08909900,0.02400000
2018-02-26 09:07:20,0.08910000,5.56400000
2018-02-26 09:07:20,0.08900600,0.22700000
2018-02-26 09:07:20,0.08900600,0.17200000
2018-02-26 09:07:21,0.08900600,0.06000000
2018-02-26 09:07:23,0.08900500,0.50000000
2018-02-26 09:07:23,0.08900500,0.04500000
2018-02-26 09:07:23,0.08900500,0.09400000
2018-02-26 09:07:24,0.08900500,0.71000000
2018-02-26 09:07:24,0.08903900,0.03900000
2018-02-26 09:07:25,0.08900500,1.12500000
2018-02-26 09:07:25,0.08900500,0.92600000
2018-02-26 09:07:26,0.08900500,0.05500000
2018-02-26 09:07:27,0.08903900,0.12800000
2018-02-26 09:07:27,0.08903900,0.04400000
2018-02-26 09:07:28,0.08903900,0.02300000
2018-02-26 09:07:29,0.08900500,0.39500000
2018-02-26 09:07:29,0.08903900,0.17300000
2018-02-26 09:07:29,0.08903900,0.04900000
2018-02-26 09:07:30,0.08900500,0.12300000
2018-02-26 09:07:31,0.08900500,0.85000000
2018-02-26 09:07:31,0.08903900,0.56100000
2018-02-26 09:07:31,0.08900500,0.52900000
2018-02-26 09:07:32,0.08900500,0.07900000
2018-02-26 09:07:32,0.08903900,0.14200000
2018-02-26 09:07:33,0.08900500,0.17900000
2018-02-26 09:07:33,0.08903900,0.49800000
2018-02-26 09:07:33,0.08900500,0.10000000
2018-02-26 09:07:34,0.08903900,0.11100000
2018-02-26 09:07:34,0.08900500,0.08000000
2018-02-26 09:07:34,0.08903900,0.17300000
2018-02-26 09:07:34,0.08903900,0.28200000
2018-02-26 09:07:34,0.08903900,0.09600000
2018-02-26 09:07:35,0.08900500,1.12200000
2018-02-26 09:07:35,0.08900500,1.32000000
2018-02-26 09:07:35,0.08903900,0.11300000
2018-02-26 09:07:35,0.08903900,1.13700000
2018-02-26 09:07:36,0.08900500,0.07300000
2018-02-26 09:07:36,0.08903900,0.58200000
2018-02-26 09:07:37,0.08900500,0.07300000
2018-02-26 09:07:37,0.08900500,0.94100000
2018-02-26 09:07:37,0.08900500,1.06600000
2018-02-26 09:07:37,0.08900500,0.11400000
2018-02-26 09:07:38,0.08900500,0.26100000
2018-02-26 09:07:38,0.08900500,0.26100000
2018-02-26 09:07:38,0.08900500,0.36400000
2018-02-26 09:07:40,0.08900500,0.19900000
2018-02-26 09:07:40,0.08900500,0.60500000
2018-02-26 09:07:41,0.08903900,0.01800000
2018-02-26 09:07:41,0.08900500,0.09300000
2018-02-26 09:07:41,0.08900500,0.99200000
2018-02-26 09:07:42,0.08900500,0.10900000
2018-02-26 09:07:42,0.08900500,0.61500000
2018-02-26 09:07:43,0.08903900,0.05500000
2018-02-26 09:07:43,0.08901500,0.02900000
2018-02-26 09:07:43,0.08901500,0.00100000
2018-02-26 09:07:43,0.08900500,0.02400000
2018-02-26 09:07:43,0.08901400,0.04000000
2018-02-26 09:07:43,0.08901400,0.11100000
2018-02-26 09:07:43,0.08901400,0.01400000
2018-02-26 09:07:43,0.08901400,0.58600000
2018-02-26 09:07:44,0.08901400,0.03500000
2018-02-26 09:07:44,0.08901400,0.25000000
2018-02-26 09:07:45,0.08901400,0.02600000
2018-02-26 09:07:47,0.08901400,0.05900000
2018-02-26 09:07:47,0.08900500,0.50000000
2018-02-26 09:07:47,0.08900500,0.21700000
2018-02-26 09:07:48,0.08901400,0.02600000
2018-02-26 09:07:48,0.08901400,0.04400000
2018-02-26 09:07:48,0.08901400,0.00100000
2018-02-26 09:07:48,0.08903900,0.68900000
2018-02-26 09:07:49,0.08903900,1.12100000
2018-02-26 09:07:49,0.08903900,2.10800000
2018-02-26 09:07:49,0.08900500,0.94200000
2018-02-26 09:07:49,0.08900400,0.26700000
2018-02-26 09:07:50,0.08900400,0.00100000
2018-02-26 09:07:50,0.08903900,0.00100000
2018-02-26 09:07:50,0.08908000,0.03400000
2018-02-26 09:07:50,0.08908000,0.37300000
2018-02-26 09:07:50,0.08908000,0.00100000
2018-02-26 09:07:54,0.08908000,0.59200000
2018-02-26 09:07:54,0.08909800,0.27100000
2018-02-26 09:07:54,0.08900300,0.17800000
2018-02-26 09:07:55,0.08900500,0.92100000
2018-02-26 09:07:55,0.08908000,0.13000000
2018-02-26 09:07:57,0.08900700,0.00100000
2018-02-26 09:07:57,0.08908000,0.02200000
2018-02-26 09:07:58,0.08900700,0.15400000
2018-02-26 09:07:58,0.08908000,0.72900000
2018-02-26 09:07:59,0.08909700,0.05600000
2018-02-26 09:07:59,0.08900700,0.00100000
2018-02-26 09:07:59,0.08900400,0.00700000
2018-02-26 09:07:59,0.08909700,0.25800000
2018-02-26 09:07:59,0.08909700,1.08300000
2018-02-26 09:08:00,0.08909700,0.00300000
2018-02-26 09:08:00,0.08910000,1.08300000
2018-02-26 09:08:00,0.08910000,2.90400000
2018-02-26 09:08:00,0.08909700,0.02000000
2018-02-26 09:08:00,0.08910000,0.26000000
2018-02-26 09:08:00,0.08911000,2.57100000
2018-02-26 09:08:00,0.08911100,0.02200000
2018-02-26 09:08:00,0.08912000,11.82000000
2018-02-26 09:08:00,0.08901100,0.40300000
2018-02-26 09:08:01,0.08901200,1.01700000
2018-02-26 09:08:02,0.08901400,0.01900000
2018-02-26 09:08:03,0.08903000,0.38800000
2018-02-26 09:08:03,0.08903000,0.15500000
2018-02-26 09:08:04,0.08903000,1.12400000
2018-02-26 09:08:04,0.08903000,0.94700000
2018-02-26 09:08:04,0.08903000,0.01600000
2018-02-26 09:08:06,0.08902100,0.01900000
2018-02-26 09:08:07,0.08908000,0.03400000
2018-02-26 09:08:07,0.08902100,0.00100000
2018-02-26 09:08:07,0.08902000,1.02300000
2018-02-26 09:08:10,0.08908000,0.00100000
2018-02-26 09:08:10,0.08909400,0.09000000
2018-02-26 09:08:10,0.08909400,0.02500000
2018-02-26 09:08:10,0.08911200,0.28600000
2018-02-26 09:08:10,0.08909400,0.00100000
2018-02-26 09:08:10,0.08902000,1.04900000
2018-02-26 09:08:10,0.08902000,1.12000000
2018-02-26 09:08:10,0.08911200,0.05100000
2018-02-26 09:08:11,0.08911200,2.56700000
2018-02-26 09:08:11,0.08911300,0.23200000
2018-02-26 09:08:12,0.08911300,0.07100000
2018-02-26 09:08:12,0.08902100,0.22400000
2018-02-26 09:08:13,0.08902100,0.13300000
2018-02-26 09:08:13,0.08902100,0.97400000
2018-02-26 09:08:13,0.08902100,0.17600000
2018-02-26 09:08:14,0.08911300,0.09900000
2018-02-26 09:08:14,0.08903000,0.12200000
2018-02-26 09:08:15,0.08906300,0.02900000
2018-02-26 09:08:15,0.08911300,0.00100000
2018-02-26 09:08:15,0.08912700,0.04500000
2018-02-26 09:08:15,0.08906300,0.31600000
2018-02-26 09:08:15,0.08906300,0.05400000
2018-02-26 09:08:16,0.08906300,0.49500000
2018-02-26 09:08:16,0.08912600,0.02000000
2018-02-26 09:08:16,0.08912700,1.19600000
2018-02-26 09:08:16,0.08912600,0.02000000
2018-02-26 09:08:17,0.08906300,0.04700000
2018-02-26 09:08:17,0.08906300,0.07100000
2018-02-26 09:08:17,0.08902000,0.04600000
2018-02-26 09:08:17,0.08902200,0.01300000
2018-02-26 09:08:17,0.08906300,0.05300000
2018-02-26 09:08:17,0.08906300,0.27400000
2018-02-26 09:08:17,0.08906300,1.22900000
2018-02-26 09:08:18,0.08906300,0.02900000
2018-02-26 09:08:18,0.08906300,0.81200000
2018-02-26 09:08:18,0.08906300,2.36000000
2018-02-26 09:08:18,0.08906300,0.12200000
2018-02-26 09:08:18,0.08906300,0.12000000
2018-02-26 09:08:19,0.08906300,0.00100000
2018-02-26 09:08:19,0.08906200,0.96400000
2018-02-26 09:08:19,0.08906200,0.00200000
2018-02-26 09:08:19,0.08912400,0.04200000
2018-02-26 09:08:19,0.08912500,0.43700000
2018-02-26 09:08:19,0.08912500,0.01800000
2018-02-26 09:08:19,0.08903000,0.18700000
2018-02-26 09:08:19,0.08903100,0.42700000
2018-02-26 09:08:19,0.08903100,0.04500000
2018-02-26 09:08:20,0.08906300,0.02000000
2018-02-26 09:08:20,0.08906300,0.04000000
2018-02-26 09:08:20,0.08906300,0.34700000
2018-02-26 09:08:21,0.08912500,0.04800000
2018-02-26 09:08:21,0.08906300,0.04600000
2018-02-26 09:08:21,0.08912400,0.03800000
2018-02-26 09:08:22,0.08906300,0.52000000
2018-02-26 09:08:23,0.08912300,0.47100000
2018-02-26 09:08:24,0.08912400,0.97800000
2018-02-26 09:08:24,0.08906300,0.02600000
2018-02-26 09:08:24,0.08906300,0.00100000
2018-02-26 09:08:24,0.08904200,0.09800000
2018-02-26 09:08:25,0.08906200,0.41600000
2018-02-26 09:08:25,0.08906200,0.33800000
2018-02-26 09:08:25,0.08906200,0.00200000
2018-02-26 09:08:25,0.08911700,0.03300000
2018-02-26 09:08:26,0.08904100,0.05400000
2018-02-26 09:08:26,0.08904100,0.26300000
2018-02-26 09:08:27,0.08904100,0.72100000
2018-02-26 09:08:27,0.08911700,0.13200000
2018-02-26 09:08:28,0.08904100,0.05400000
2018-02-26 09:08:28,0.08904100,0.07000000
2018-02-26 09:08:28,0.08904100,0.08700000
2018-02-26 09:08:29,0.08911700,0.04700000
2018-02-26 09:08:29,0.08911700,0.02000000
2018-02-26 09:08:30,0.08904100,0.14000000
2018-02-26 09:08:31,0.08906700,0.92800000
2018-02-26 09:08:31,0.08906700,0.02900000
2018-02-26 09:08:31,0.08911700,0.95200000
2018-02-26 09:08:31,0.08912300,0.08300000
2018-02-26 09:08:33,0.08906700,0.01100000
2018-02-26 09:08:33,0.08906700,0.03300000
2018-02-26 09:08:33,0.08906700,0.00100000
2018-02-26 09:08:33,0.08906700,0.04800000
2018-02-26 09:08:35,0.08906700,0.00100000
2018-02-26 09:08:36,0.08906700,0.04400000
2018-02-26 09:08:36,0.08912400,0.00100000
2018-02-26 09:08:36,0.08913600,0.17800000
2018-02-26 09:08:36,0.08914000,8.89600000
2018-02-26 09:08:36,0.08914200,0.02000000
2018-02-26 09:08:36,0.08914900,1.74900000
2018-02-26 09:08:36,0.08914200,0.02000000
2018-02-26 09:08:36,0.08914900,0.86300000
2018-02-26 09:08:36,0.08915100,0.18000000
2018-02-26 09:08:36,0.08916000,0.06800000
2018-02-26 09:08:36,0.08916500,3.31000000
2018-02-26 09:08:36,0.08917300,0.10300000
2018-02-26 09:08:36,0.08918100,0.18600000
2018-02-26 09:08:36,0.08920000,0.26400000
2018-02-26 09:08:36,0.08904200,0.01800000
2018-02-26 09:08:36,0.08904300,0.79600000
2018-02-26 09:08:37,0.08904400,0.06500000
2018-02-26 09:08:37,0.08904400,0.18000000
2018-02-26 09:08:37,0.08904400,0.89100000
2018-02-26 09:08:37,0.08904400,0.04500000
2018-02-26 09:08:37,0.08906000,0.05700000
2018-02-26 09:08:38,0.08906000,0.70300000
2018-02-26 09:08:39,0.08906000,0.00300000
2018-02-26 09:08:39,0.08906000,0.04500000
2018-02-26 09:08:40,0.08913900,0.05500000
2018-02-26 09:08:41,0.08913900,0.23500000
2018-02-26 09:08:41,0.08914000,0.66700000
2018-02-26 09:08:41,0.08914000,0.34700000
2018-02-26 09:08:41,0.08906100,0.19900000
2018-02-26 09:08:42,0.08906100,0.02100000
2018-02-26 09:08:42,0.08906000,0.02000000
2018-02-26 09:08:42,0.08905100,0.23200000
2018-02-26 09:08:42,0.08905100,1.21100000
2018-02-26 09:08:42,0.08906000,0.00400000
2018-02-26 09:08:42,0.08914000,0.05400000
2018-02-26 09:08:43,0.08906000,0.10000000
2018-02-26 09:08:43,0.08906000,0.39900000
2018-02-26 09:08:43,0.08906000,0.01600000
2018-02-26 09:08:43,0.08906000,0.28200000
2018-02-26 09:08:43,0.08914000,0.01300000
2018-02-26 09:08:43,0.08914000,0.09900000
2018-02-26 09:08:43,0.08914000,0.00100000
2018-02-26 09:08:43,0.08918600,0.02000000
2018-02-26 09:08:43,0.08919400,0.91100000
2018-02-26 09:08:43,0.08906000,0.02300000
2018-02-26 09:08:44,0.08906000,0.00100000
2018-02-26 09:08:44,0.08908600,0.96300000
2018-02-26 09:08:44,0.08908600,0.19200000
2018-02-26 09:08:44,0.08905300,0.03300000
2018-02-26 09:08:44,0.08905300,0.46700000
2018-02-26 09:08:44,0.08905200,0.02000000
2018-02-26 09:08:44,0.08905100,0.53800000
2018-02-26 09:08:44,0.08905100,1.15400000
2018-02-26 09:08:44,0.08918400,0.09600000
2018-02-26 09:08:45,0.08914000,0.12500000
2018-02-26 09:08:45,0.08905200,0.07800000
2018-02-26 09:08:45,0.08905200,0.12400000
2018-02-26 09:08:45,0.08905200,0.12400000
2018-02-26 09:08:45,0.08905200,0.12400000
2018-02-26 09:08:45,0.08905200,0.12400000
2018-02-26 09:08:45,0.08905200,0.12400000
2018-02-26 09:08:45,0.08905200,0.30600000
2018-02-26 09:08:46,0.08909100,0.13600000
2018-02-26 09:08:47,0.08909100,0.88200000
2018-02-26 09:08:48,0.08909100,0.00100000
2018-02-26 09:08:49,0.08907100,0.03400000
2018-02-26 09:08:49,0.08907100,1.00400000
2018-02-26 09:08:49,0.08909000,0.11100000
2018-02-26 09:08:49,0.08909000,0.06600000
2018-02-26 09:08:49,0.08909000,0.74200000
2018-02-26 09:08:49,0.08909000,4.35900000
2018-02-26 09:08:50,0.08909000,0.02000000
2018-02-26 09:08:50,0.08908000,0.14900000
2018-02-26 09:08:50,0.08909000,0.62000000
2018-02-26 09:08:50,0.08908100,0.01900000
2018-02-26 09:08:50,0.08909000,0.00100000
2018-02-26 09:08:50,0.08913600,0.50000000
2018-02-26 09:08:50,0.08914100,0.12000000
2018-02-26 09:08:50,0.08918300,0.02000000
2018-02-26 09:08:50,0.08918400,1.34700000
2018-02-26 09:08:50,0.08918500,0.93700000
2018-02-26 09:08:50,0.08918800,0.18000000
2018-02-26 09:08:50,0.08920000,0.35000000
2018-02-26 09:08:50,0.08920300,0.05800000
2018-02-26 09:08:50,0.08921800,0.52800000
2018-02-26 09:08:50,0.08922900,0.03000000
2018-02-26 09:08:50,0.08923500,0.03000000
2018-02-26 09:08:50,0.08924000,7.89900000
2018-02-26 09:08:51,0.08908300,1.12200000
2018-02-26 09:08:51,0.08908300,0.01600000
2018-02-26 09:08:51,0.08908300,0.49200000
2018-02-26 09:08:51,0.08908200,0.01500000
2018-02-26 09:08:51,0.08908300,0.14900000
2018-02-26 09:08:51,0.08908300,0.04000000
2018-02-26 09:08:52,0.08912400,0.19100000
2018-02-26 09:08:52,0.08909000,1.12200000
2018-02-26 09:08:52,0.08909000,2.85100000
2018-02-26 09:08:52,0.08909000,0.09700000
2018-02-26 09:08:53,0.08908400,0.56100000
2018-02-26 09:08:53,0.08908400,0.23000000
2018-02-26 09:08:53,0.08908400,0.56600000
2018-02-26 09:08:53,0.08908400,0.21800000
2018-02-26 09:08:53,0.08908400,0.58400000
2018-02-26 09:08:53,0.08908400,0.10600000
2018-02-26 09:08:54,0.08908500,1.05700000
2018-02-26 09:08:56,0.08908500,0.21000000
2018-02-26 09:08:58,0.08916700,2.26500000
2018-02-26 09:08:59,0.08916800,0.95800000
2018-02-26 09:09:00,0.08908500,0.00100000
2018-02-26 09:09:00,0.08908400,0.90800000
2018-02-26 09:09:01,0.08910800,0.02900000
2018-02-26 09:09:01,0.08910800,0.00100000
2018-02-26 09:09:01,0.08908300,0.01900000
2018-02-26 09:09:02,0.08908300,0.12600000
2018-02-26 09:09:02,0.08916800,0.09300000
2018-02-26 09:09:02,0.08911800,0.62900000
2018-02-26 09:09:02,0.08911800,0.61700000
2018-02-26 09:09:02,0.08911800,0.00100000
2018-02-26 09:09:02,0.08908300,0.04300000
2018-02-26 09:09:02,0.08908300,0.05200000
2018-02-26 09:09:02,0.08916800,0.13100000
2018-02-26 09:09:04,0.08908300,0.99300000
2018-02-26 09:09:05,0.08908400,0.06000000
2018-02-26 09:09:06,0.08908400,0.83800000
2018-02-26 09:09:07,0.08909000,0.17700000
2018-02-26 09:09:07,0.08917500,0.02800000
2018-02-26 09:09:07,0.08917500,0.07600000
2018-02-26 09:09:08,0.08917400,0.02900000
2018-02-26 09:09:09,0.08909000,0.13000000
2018-02-26 09:09:09,0.08917300,0.02200000
2018-02-26 09:09:10,0.08909000,0.02000000
2018-02-26 09:09:10,0.08917200,0.06700000
2018-02-26 09:09:10,0.08917300,0.78200000
2018-02-26 09:09:10,0.08917400,1.02800000
2018-02-26 09:09:10,0.08917500,0.18600000
2018-02-26 09:09:10,0.08917600,1.63000000
2018-02-26 09:09:10,0.08918000,0.02000000
2018-02-26 09:09:10,0.08918900,0.18000000
2018-02-26 09:09:10,0.08923900,1.42100000
2018-02-26 09:09:10,0.08925000,6.68600000
2018-02-26 09:09:11,0.08918000,0.01900000
2018-02-26 09:09:12,0.08909300,1.10600000
2018-02-26 09:09:12,0.08909400,0.48000000
2018-02-26 09:09:12,0.08909400,1.20300000
2018-02-26 09:09:13,0.08909600,0.19900000
2018-02-26 09:09:13,0.08909600,1.55100000
2018-02-26 09:09:13,0.08917900,0.07700000
2018-02-26 09:09:15,0.08910000,0.42900000
2018-02-26 09:09:15,0.08910000,0.00100000
2018-02-26 09:09:15,0.08909900,0.20000000
2018-02-26 09:09:15,0.08909800,0.15200000
2018-02-26 09:09:15,0.08909600,0.07600000
2018-02-26 09:09:15,0.08909900,0.16800000
2018-02-26 09:09:16,0.08910000,3.07300000
2018-02-26 09:09:16,0.08910100,0.02800000
2018-02-26 09:09:17,0.08917800,0.05600000
2018-02-26 09:09:17,0.08917800,0.03700000
2018-02-26 09:09:18,0.08912900,0.68700000
2018-02-26 09:09:18,0.08912900,0.42100000
2018-02-26 09:09:18,0.08909000,0.73700000
2018-02-26 09:09:18,0.08909000,0.22200000
2018-02-26 09:09:18,0.08917800,1.05200000
2018-02-26 09:09:19,0.08905100,0.39400000
2018-02-26 09:09:19,0.08917700,0.17200000
2018-02-26 09:09:20,0.08917700,0.35200000
2018-02-26 09:09:20,0.08909000,0.02500000
2018-02-26 09:09:21,0.08909000,0.76300000
2018-02-26 09:09:21,0.08909000,0.02200000
2018-02-26 09:09:22,0.08909200,0.08900000
2018-02-26 09:09:23,0.08916900,0.03400000
2018-02-26 09:09:24,0.08909300,1.09700000
2018-02-26 09:09:24,0.08909300,0.44900000
2018-02-26 09:09:25,0.08916000,0.01800000
2018-02-26 09:09:28,0.08909300,0.21800000
2018-02-26 09:09:28,0.08909300,0.01700000
2018-02-26 09:09:28,0.08915000,0.43000000
2018-02-26 09:09:28,0.08915300,0.06600000
2018-02-26 09:09:29,0.08909300,0.11000000
2018-02-26 09:09:29,0.08915300,0.56100000
2018-02-26 09:09:29,0.08915300,0.55500000
2018-02-26 09:09:29,0.08916000,0.98200000
2018-02-26 09:09:29,0.08916000,1.16100000
2018-02-26 09:09:29,0.08909200,0.00100000
2018-02-26 09:09:29,0.08909000,0.10600000
2018-02-26 09:09:29,0.08909000,0.47200000
2018-02-26 09:09:29,0.08906100,0.08800000
2018-02-26 09:09:30,0.08909200,1.13600000
2018-02-26 09:09:30,0.08916600,0.08900000
2018-02-26 09:09:30,0.08917500,0.65600000
2018-02-26 09:09:30,0.08917600,0.39400000
2018-02-26 09:09:30,0.08917800,1.37600000
2018-02-26 09:09:30,0.08906200,0.15900000
2018-02-26 09:09:31,0.08907000,1.12300000
2018-02-26 09:09:31,0.08907000,1.72200000
2018-02-26 09:09:31,0.08915900,0.15900000
2018-02-26 09:09:31,0.08916000,11.80000000
2018-02-26 09:09:34,0.08912500,0.04900000
2018-02-26 09:09:34,0.08912500,0.82500000
2018-02-26 09:09:34,0.08907200,0.04800000
2018-02-26 09:09:36,0.08908100,1.13100000
2018-02-26 09:09:36,0.08908100,0.06000000
2018-02-26 09:09:37,0.08909600,0.30500000
2018-02-26 09:09:37,0.08917100,0.04000000
2018-02-26 09:09:38,0.08909600,0.22400000
2018-02-26 09:09:38,0.08909600,0.08700000
2018-02-26 09:09:39,0.08916800,0.00100000
2018-02-26 09:09:40,0.08909600,0.10200000
2018-02-26 09:09:42,0.08909600,0.39500000
2018-02-26 09:09:42,0.08909500,0.43500000
2018-02-26 09:09:42,0.08909500,0.00100000
2018-02-26 09:09:42,0.08916800,0.02100000
2018-02-26 09:09:42,0.08916800,0.28500000
2018-02-26 09:09:44,0.08909600,0.02300000
2018-02-26 09:09:44,0.08909600,0.00100000
2018-02-26 09:09:45,0.08908100,0.24200000
2018-02-26 09:09:45,0.08909600,0.03200000
2018-02-26 09:09:45,0.08908100,0.15700000
2018-02-26 09:09:45,0.08908100,0.03100000
2018-02-26 09:09:45,0.08909600,0.01200000
2018-02-26 09:09:45,0.08909600,0.00100000
2018-02-26 09:09:45,0.08916000,0.16600000
2018-02-26 09:09:46,0.08908100,0.02700000
2018-02-26 09:09:46,0.08915900,0.88400000
2018-02-26 09:09:46,0.08915900,0.01900000
2018-02-26 09:09:47,0.08909600,0.08900000
2018-02-26 09:09:47,0.08909600,0.07600000
2018-02-26 09:09:47,0.08909600,0.16500000
2018-02-26 09:09:47,0.08909600,0.16800000
2018-02-26 09:09:47,0.08909600,0.02100000
2018-02-26 09:09:48,0.08909600,1.20700000
2018-02-26 09:09:48,0.08916000,1.12200000
2018-02-26 09:09:48,0.08916000,4.88900000
2018-02-26 09:09:49,0.08916900,0.02100000
2018-02-26 09:09:49,0.08909600,0.22400000
2018-02-26 09:09:49,0.08911900,0.12900000
2018-02-26 09:09:49,0.08911900,0.26600000
2018-02-26 09:09:49,0.08911900,0.10000000
2018-02-26 09:09:50,0.08911900,0.02400000
2018-02-26 09:09:50,0.08911900,0.34200000
2018-02-26 09:09:50,0.08911900,0.09300000
2018-02-26 09:09:50,0.08909600,0.36500000
2018-02-26 09:09:50,0.08909600,0.09200000
2018-02-26 09:09:51,0.08909600,0.39900000
2018-02-26 09:09:51,0.08909600,0.49500000
2018-02-26 09:09:51,0.08909600,0.03700000
2018-02-26 09:09:52,0.08909600,0.32100000
2018-02-26 09:09:52,0.08909600,0.02100000
2018-02-26 09:09:53,0.08909600,1.16200000
2018-02-26 09:09:54,0.08909600,0.01700000
2018-02-26 09:09:54,0.08909600,0.05900000
2018-02-26 09:09:55,0.08909600,0.08200000
2018-02-26 09:09:55,0.08908000,0.01700000
2018-02-26 09:09:55,0.08907700,0.06000000
2018-02-26 09:09:56,0.08909700,1.01900000
2018-02-26 09:09:56,0.08909700,0.07500000
2018-02-26 09:09:57,0.08909700,0.08800000
2018-02-26 09:09:57,0.08906100,0.01400000
2018-02-26 09:09:58,0.08906500,0.02000000
2018-02-26 09:09:58,0.08906400,0.02500000
2018-02-26 09:09:58,0.08906400,0.09900000
2018-02-26 09:09:59,0.08906400,0.83600000
2018-02-26 09:10:00,0.08915600,0.24600000
2018-02-26 09:10:00,0.08906600,0.10000000
2018-02-26 09:10:01,0.08906600,0.04500000
2018-02-26 09:10:01,0.08906600,0.22200000
2018-02-26 09:10:01,0.08915500,0.09900000
2018-02-26 09:10:01,0.08906600,0.01300000
2018-02-26 09:10:02,0.08915600,0.01900000
2018-02-26 09:10:02,0.08909000,0.10600000
2018-02-26 09:10:02,0.08909000,0.38700000
2018-02-26 09:10:04,0.08909000,0.01700000
2018-02-26 09:10:05,0.08915500,0.38000000
2018-02-26 09:10:05,0.08915700,1.63100000
2018-02-26 09:10:05,0.08910500,1.15300000
2018-02-26 09:10:06,0.08910400,0.05600000
2018-02-26 09:10:06,0.08915700,0.00100000
2018-02-26 09:10:06,0.08916000,0.05500000
2018-02-26 09:10:06,0.08909000,0.12000000
2018-02-26 09:10:06,0.08916000,0.40500000
2018-02-26 09:10:06,0.08909000,0.07700000
2018-02-26 09:10:06,0.08916000,0.83000000
2018-02-26 09:10:06,0.08909000,0.06200000
2018-02-26 09:10:07,0.08909000,0.05400000
2018-02-26 09:10:07,0.08909000,0.19100000
2018-02-26 09:10:09,0.08909000,0.00100000
2018-02-26 09:10:09,0.08909000,0.10400000
2018-02-26 09:10:09,0.08909000,0.00100000
2018-02-26 09:10:09,0.08908000,0.11600000
2018-02-26 09:10:09,0.08908000,0.63100000
2018-02-26 09:10:09,0.08908000,0.10600000
2018-02-26 09:10:10,0.08908000,0.66000000
2018-02-26 09:10:11,0.08908000,0.44900000
2018-02-26 09:10:11,0.08908000,1.24800000
2018-02-26 09:10:13,0.08914800,0.12800000
2018-02-26 09:10:14,0.08906700,0.00900000
2018-02-26 09:10:14,0.08906700,0.00100000
2018-02-26 09:10:15,0.08906700,0.00400000
2018-02-26 09:10:16,0.08914800,0.80800000
2018-02-26 09:10:17,0.08907000,0.06100000
2018-02-26 09:10:17,0.08907000,1.09900000
2018-02-26 09:10:20,0.08908000,0.44700000
2018-02-26 09:10:20,0.08908000,0.44900000
2018-02-26 09:10:20,0.08914100,0.02400000
2018-02-26 09:10:20,0.08908000,0.11800000
2018-02-26 09:10:20,0.08914800,0.09400000
2018-02-26 09:10:20,0.08908000,0.08500000
2018-02-26 09:10:20,0.08908000,0.05000000
2018-02-26 09:10:20,0.08908000,0.02500000
2018-02-26 09:10:20,0.08908000,0.11200000
2018-02-26 09:10:21,0.08909100,0.05600000
2018-02-26 09:10:21,0.08909100,0.05600000
2018-02-26 09:10:22,0.08914800,0.03200000
2018-02-26 09:10:23,0.08909100,0.01400000
2018-02-26 09:10:23,0.08909100,0.88800000
2018-02-26 09:10:23,0.08909100,0.09500000
2018-02-26 09:10:23,0.08909000,0.32600000
2018-02-26 09:10:24,0.08909000,0.33000000
2018-02-26 09:10:24,0.08906700,0.18600000
2018-02-26 09:10:24,0.08906700,0.10800000
2018-02-26 09:10:24,0.08906700,0.25400000
2018-02-26 09:10:24,0.08906700,0.33700000
2018-02-26 09:10:25,0.08906700,0.13300000
2018-02-26 09:10:25,0.08906700,0.44900000
2018-02-26 09:10:27,0.08914800,0.17500000
2018-02-26 09:10:27,0.08915400,0.08500000
2018-02-26 09:10:29,0.08907100,0.40100000
2018-02-26 09:10:29,0.08907100,0.93200000
2018-02-26 09:10:32,0.08907100,0.22400000
2018-02-26 09:10:32,0.08907100,0.05700000
2018-02-26 09:10:32,0.08907100,0.03100000
2018-02-26 09:10:34,0.08914700,0.25300000
2018-02-26 09:10:35,0.08906300,0.02000000
2018-02-26 09:10:35,0.08906200,0.02000000
2018-02-26 09:10:35,0.08906200,0.90200000
2018-02-26 09:10:35,0.08906200,0.02100000
2018-02-26 09:10:37,0.08915500,0.21900000
2018-02-26 09:10:38,0.08908000,0.19000000
2018-02-26 09:10:38,0.08906400,0.05100000
2018-02-26 09:10:39,0.08907100,0.79700000
2018-02-26 09:10:41,0.08907100,0.81700000
2018-02-26 09:10:42,0.08914400,0.32000000
2018-02-26 09:10:43,0.08914400,0.06700000
2018-02-26 09:10:44,0.08914400,0.05000000
2018-02-26 09:10:44,0.08914400,0.02500000
2018-02-26 09:10:45,0.08914400,0.46100000
2018-02-26 09:10:46,0.08914500,0.05000000
2018-02-26 09:10:47,0.08907100,0.92900000
2018-02-26 09:10:47,0.08907000,0.11500000
2018-02-26 09:10:47,0.08907000,0.13300000
2018-02-26 09:10:47,0.08907000,0.03500000
2018-02-26 09:10:47,0.08914500,0.03100000
2018-02-26 09:10:47,0.08914500,0.03400000
2018-02-26 09:10:47,0.08906400,0.01000000
2018-02-26 09:10:47,0.08906200,0.09100000
2018-02-26 09:10:48,0.08914500,0.22800000
2018-02-26 09:10:49,0.08906200,0.09900000
2018-02-26 09:10:50,0.08914400,0.08000000
2018-02-26 09:10:50,0.08914500,0.00100000
2018-02-26 09:10:50,0.08915000,0.14300000
2018-02-26 09:10:50,0.08915000,0.00100000
2018-02-26 09:10:50,0.08906300,0.14200000
2018-02-26 09:10:50,0.08906300,0.01200000
2018-02-26 09:10:50,0.08906300,0.02300000
2018-02-26 09:10:50,0.08906300,0.11600000
2018-02-26 09:10:50,0.08906300,0.11400000
2018-02-26 09:10:50,0.08906300,0.14400000
2018-02-26 09:10:50,0.08915500,0.00400000
2018-02-26 09:10:51,0.08908000,0.07300000
2018-02-26 09:10:51,0.08915400,0.05300000
2018-02-26 09:10:52,0.08915400,0.01400000
2018-02-26 09:10:53,0.08910400,0.99800000
2018-02-26 09:10:53,0.08915400,0.21700000
2018-02-26 09:10:54,0.08915400,0.02900000
2018-02-26 09:10:54,0.08910400,0.22900000
2018-02-26 09:10:55,0.08914000,0.29800000
2018-02-26 09:10:55,0.08910400,0.06800000
2018-02-26 09:10:59,0.08910400,0.00200000
2018-02-26 09:10:59,0.08908000,0.92800000
2018-02-26 09:10:59,0.08910300,0.05700000
2018-02-26 09:10:59,0.08910300,0.03600000
2018-02-26 09:10:59,0.08910300,0.19200000
2018-02-26 09:10:59,0.08910300,0.34300000
2018-02-26 09:10:59,0.08910300,0.21500000
2018-02-26 09:11:00,0.08908000,0.08700000
2018-02-26 09:11:00,0.08910300,5.39800000
2018-02-26 09:11:01,0.08910400,0.04400000
2018-02-26 09:11:01,0.08908000,0.44900000
2018-02-26 09:11:03,0.08908000,0.44900000
2018-02-26 09:11:03,0.08908000,0.07000000
2018-02-26 09:11:04,0.08908000,0.81900000
2018-02-26 09:11:06,0.08908000,0.04500000
2018-02-26 09:11:06,0.08908000,0.25900000
2018-02-26 09:11:06,0.08908000,1.23100000
2018-02-26 09:11:06,0.08908000,0.25900000
2018-02-26 09:11:06,0.08908000,0.25900000
2018-02-26 09:11:06,0.08908000,0.25900000
2018-02-26 09:11:06,0.08910400,0.00100000
2018-02-26 09:11:06,0.08913900,0.08100000
2018-02-26 09:11:06,0.08908000,5.77400000
2018-02-26 09:11:06,0.08907100,0.87500000
2018-02-26 09:11:07,0.08911000,0.02900000
2018-02-26 09:11:07,0.08908000,0.19500000
2018-02-26 09:11:08,0.08908000,0.09000000
2018-02-26 09:11:08,0.08910900,0.00100000
2018-02-26 09:11:08,0.08910900,0.22300000
2018-02-26 09:11:09,0.08911000,0.03700000
2018-02-26 09:11:09,0.08911000,0.01500000
2018-02-26 09:11:09,0.08915400,0.02200000
2018-02-26 09:11:09,0.08915400,0.01600000
2018-02-26 09:11:10,0.08910900,0.00100000
2018-02-26 09:11:10,0.08908000,0.06700000
2018-02-26 09:11:10,0.08907100,0.04400000
2018-02-26 09:11:10,0.08907000,0.05600000
2018-02-26 09:11:11,0.08907000,1.12300000
2018-02-26 09:11:11,0.08907000,0.06400000
2018-02-26 09:11:14,0.08908100,0.22400000
2018-02-26 09:11:14,0.08908100,0.07300000
2018-02-26 09:11:14,0.08908100,0.16600000
2018-02-26 09:11:15,0.08908100,0.00700000
2018-02-26 09:11:15,0.08907000,0.01900000
2018-02-26 09:11:15,0.08907000,0.02600000
2018-02-26 09:11:15,0.08907000,0.75300000
2018-02-26 09:11:15,0.08907000,0.04600000
2018-02-26 09:11:15,0.08907000,0.03300000
2018-02-26 09:11:16,0.08907000,0.32600000
2018-02-26 09:11:16,0.08910800,1.03600000
2018-02-26 09:11:16,0.08907000,0.77000000
2018-02-26 09:11:18,0.08910900,0.04400000
2018-02-26 09:11:18,0.08907000,0.05200000
2018-02-26 09:11:19,0.08910900,0.00100000
2018-02-26 09:11:20,0.08907000,0.50400000
2018-02-26 09:11:21,0.08907000,0.22400000
2018-02-26 09:11:22,0.08907000,0.21500000
2018-02-26 09:11:22,0.08907000,0.02000000
2018-02-26 09:11:22,0.08907000,0.87400000
2018-02-26 09:11:23,0.08909900,0.99300000
2018-02-26 09:11:24,0.08907000,0.11500000
2018-02-26 09:11:25,0.08907100,0.00100000
2018-02-26 09:11:26,0.08907100,0.81200000
2018-02-26 09:11:28,0.08907100,0.35800000
2018-02-26 09:11:28,0.08907000,0.28900000
2018-02-26 09:11:28,0.08907000,1.05900000
2018-02-26 09:11:31,0.08909600,0.00100000
2018-02-26 09:11:31,0.08914600,0.11800000
2018-02-26 09:11:31,0.08914700,0.11700000
2018-02-26 09:11:32,0.08914700,0.83400000
2018-02-26 09:11:34,0.08907000,1.18800000
2018-02-26 09:11:36,0.08906300,0.04600000
2018-02-26 09:11:37,0.08906300,0.08600000
2018-02-26 09:11:37,0.08906300,1.02000000
2018-02-26 09:11:37,0.08914700,0.04000000
2018-02-26 09:11:37,0.08906300,0.06000000
2018-02-26 09:11:40,0.08909600,0.51300000
2018-02-26 09:11:40,0.08909600,0.35000000
2018-02-26 09:11:40,0.08907100,0.08000000
2018-02-26 09:11:40,0.08907000,0.42000000
2018-02-26 09:11:40,0.08907000,0.13300000
2018-02-26 09:11:41,0.08909500,0.90400000
2018-02-26 09:11:41,0.08907000,0.25300000
2018-02-26 09:11:41,0.08907000,0.04000000
2018-02-26 09:11:42,0.08907000,0.06000000
2018-02-26 09:11:42,0.08907000,0.77300000
2018-02-26 09:11:47,0.08914200,0.07500000
2018-02-26 09:11:47,0.08907000,0.97500000
2018-02-26 09:11:47,0.08914200,0.62600000
2018-02-26 09:11:47,0.08907000,0.44900000
2018-02-26 09:11:48,0.08914100,0.36700000
2018-02-26 09:11:48,0.08914100,0.63700000
2018-02-26 09:11:50,0.08913000,0.08900000
2018-02-26 09:11:53,0.08907000,0.87600000
2018-02-26 09:11:53,0.08907000,0.22400000
2018-02-26 09:11:56,0.08912900,1.70900000
2018-02-26 09:11:56,0.08912900,1.92400000
2018-02-26 09:11:57,0.08907900,0.80100000
2018-02-26 09:11:58,0.08912900,0.29000000
2018-02-26 09:11:58,0.08912900,0.04900000
2018-02-26 09:11:59,0.08907900,0.00100000
2018-02-26 09:11:59,0.08907800,0.76700000
2018-02-26 09:11:59,0.08907000,0.10600000
2018-02-26 09:11:59,0.08907800,0.00300000
2018-02-26 09:11:59,0.08912900,0.24500000
2018-02-26 09:11:59,0.08912900,0.20300000
2018-02-26 09:11:59,0.08913000,0.00100000
2018-02-26 09:11:59,0.08914700,0.23600000
2018-02-26 09:11:59,0.08915000,0.32900000
2018-02-26 09:12:01,0.08912900,0.02300000
2018-02-26 09:12:02,0.08912900,0.00100000
2018-02-26 09:12:02,0.08912800,0.04200000
2018-02-26 09:12:04,0.08907000,0.75900000
2018-02-26 09:12:05,0.08912800,0.00100000
2018-02-26 09:12:06,0.08914800,0.52700000
2018-02-26 09:12:06,0.08912800,0.04800000
2018-02-26 09:12:06,0.08912800,0.00100000
2018-02-26 09:12:06,0.08907000,0.04700000
2018-02-26 09:12:06,0.08907000,0.04700000
2018-02-26 09:12:06,0.08914800,0.04200000
2018-02-26 09:12:07,0.08914800,0.52700000
2018-02-26 09:12:07,0.08914800,0.01900000
2018-02-26 09:12:08,0.08907000,1.35300000
2018-02-26 09:12:08,0.08907000,0.02600000
2018-02-26 09:12:10,0.08907000,0.79100000
2018-02-26 09:12:12,0.08910300,0.07700000
2018-02-26 09:12:13,0.08907000,1.12300000
2018-02-26 09:12:13,0.08910300,0.10100000
2018-02-26 09:12:13,0.08907000,0.08600000
2018-02-26 09:12:13,0.08910300,3.54100000
2018-02-26 09:12:14,0.08910300,0.14100000
2018-02-26 09:12:15,0.08910300,0.39300000
2018-02-26 09:12:15,0.08910300,0.39300000
2018-02-26 09:12:15,0.08910300,0.06500000
2018-02-26 09:12:15,0.08910300,0.28900000
2018-02-26 09:12:15,0.08914000,0.83200000
2018-02-26 09:12:15,0.08914000,0.28000000
2018-02-26 09:12:15,0.08910300,0.39200000
2018-02-26 09:12:15,0.08910300,0.00100000
2018-02-26 09:12:15,0.08907000,0.20500000
2018-02-26 09:12:15,0.08907000,0.02400000
2018-02-26 09:12:16,0.08914000,0.37100000
2018-02-26 09:12:16,0.08914800,0.09500000
2018-02-26 09:12:16,0.08907000,0.02200000
2018-02-26 09:12:16,0.08907000,0.97600000
2018-02-26 09:12:18,0.08914000,0.02100000
2018-02-26 09:12:19,0.08908000,0.03800000
2018-02-26 09:12:19,0.08908000,0.07900000
2018-02-26 09:12:22,0.08908100,0.99800000
2018-02-26 09:12:23,0.08913900,0.07800000
2018-02-26 09:12:24,0.08913900,0.07900000
2018-02-26 09:12:25,0.08913900,3.56300000
2018-02-26 09:12:28,0.08914000,0.22300000
2018-02-26 09:12:28,0.08914000,0.05900000
2018-02-26 09:12:28,0.08908000,0.35900000
2018-02-26 09:12:28,0.08907100,0.33100000
2018-02-26 09:12:29,0.08907100,1.12300000
2018-02-26 09:12:29,0.08907900,0.77400000
2018-02-26 09:12:29,0.08907100,0.09000000
2018-02-26 09:12:29,0.08907900,0.00100000
2018-02-26 09:12:29,0.08914000,0.14300000
2018-02-26 09:12:29,0.08907100,0.02700000
2018-02-26 09:12:29,0.08907100,0.06300000
2018-02-26 09:12:29,0.08907100,0.05600000
2018-02-26 09:12:30,0.08913900,0.35500000
2018-02-26 09:12:30,0.08913900,0.05000000
2018-02-26 09:12:30,0.08913900,0.90500000
2018-02-26 09:12:30,0.08913900,0.32100000
2018-02-26 09:12:31,0.08913900,0.00100000
2018-02-26 09:12:31,0.08907100,0.01300000
2018-02-26 09:12:33,0.08907100,1.12400000
2018-02-26 09:12:33,0.08907100,0.39500000
2018-02-26 09:12:33,0.08907100,1.24900000
2018-02-26 09:12:34,0.08907100,1.39000000
2018-02-26 09:12:34,0.08907100,1.13500000
2018-02-26 09:12:35,0.08914000,0.78000000
2018-02-26 09:12:35,0.08914900,0.03300000
2018-02-26 09:12:35,0.08915000,0.13000000
2018-02-26 09:12:35,0.08915000,0.08000000
2018-02-26 09:12:35,0.08915000,0.10100000
2018-02-26 09:12:35,0.08915000,0.03100000
2018-02-26 09:12:36,0.08915000,0.04400000
2018-02-26 09:12:36,0.08915000,0.00200000
2018-02-26 09:12:36,0.08907100,0.04300000
2018-02-26 09:12:36,0.08907100,0.04500000
2018-02-26 09:12:36,0.08907100,0.04500000
2018-02-26 09:12:36,0.08907100,0.04500000
2018-02-26 09:12:36,0.08907100,0.04500000
2018-02-26 09:12:36,0.08907100,0.04500000
2018-02-26 09:12:36,0.08907100,0.04500000
2018-02-26 09:12:36,0.08907100,0.04500000
2018-02-26 09:12:37,0.08910400,0.89500000
2018-02-26 09:12:37,0.08910400,0.00100000
2018-02-26 09:12:37,0.08907100,0.65900000
2018-02-26 09:12:37,0.08915400,0.79000000
2018-02-26 09:12:39,0.08915400,0.16800000
2018-02-26 09:12:40,0.08907100,0.72400000
2018-02-26 09:12:40,0.08907100,0.54500000
2018-02-26 09:12:40,0.08907100,0.83400000
2018-02-26 09:12:41,0.08907100,0.02400000
2018-02-26 09:12:41,0.08915400,0.00100000
2018-02-26 09:12:41,0.08915500,0.15000000
2018-02-26 09:12:41,0.08915500,0.03600000
2018-02-26 09:12:42,0.08907100,1.41100000
2018-02-26 09:12:42,0.08907100,0.27300000
2018-02-26 09:12:43,0.08907100,0.22200000
2018-02-26 09:12:44,0.08913900,0.52600000
2018-02-26 09:12:44,0.08907100,1.01800000
2018-02-26 09:12:44,0.08907000,0.00100000
2018-02-26 09:12:45,0.08907100,0.26200000
2018-02-26 09:12:46,0.08907100,1.11100000
2018-02-26 09:12:50,0.08907100,0.10100000
2018-02-26 09:12:52,0.08908000,0.17000000
2018-02-26 09:12:52,0.08908000,0.00100000
2018-02-26 09:12:52,0.08912400,0.01900000
2018-02-26 09:12:52,0.08912400,0.00100000
2018-02-26 09:12:52,0.08907200,0.01800000
2018-02-26 09:12:52,0.08908900,0.83000000
2018-02-26 09:12:56,0.08913400,0.03200000
2018-02-26 09:12:56,0.08913400,0.02800000
2018-02-26 09:12:56,0.08913900,0.00100000
2018-02-26 09:12:56,0.08915500,0.03000000
2018-02-26 09:12:56,0.08908900,0.22100000
2018-02-26 09:12:57,0.08915400,0.04300000
2018-02-26 09:12:57,0.08908900,0.02300000
2018-02-26 09:12:58,0.08908900,0.14600000
2018-02-26 09:12:58,0.08907200,1.23500000
2018-02-26 09:13:00,0.08907200,0.16400000
2018-02-26 09:13:00,0.08907200,0.02200000
2018-02-26 09:13:00,0.08907200,0.95300000
2018-02-26 09:13:00,0.08907100,0.01600000
2018-02-26 09:13:00,0.08907100,0.62600000
2018-02-26 09:13:01,0.08907100,0.01800000
2018-02-26 09:13:04,0.08907100,0.79700000
2018-02-26 09:13:04,0.08907100,0.14900000
2018-02-26 09:13:05,0.08907200,0.31600000
2018-02-26 09:13:05,0.08907200,0.08200000
2018-02-26 09:13:06,0.08907200,0.22100000
2018-02-26 09:13:07,0.08907200,0.26100000
2018-02-26 09:13:07,0.08907100,0.91700000
2018-02-26 09:13:08,0.08907100,0.19300000
2018-02-26 09:13:10,0.08907100,0.77700000
2018-02-26 09:13:11,0.08907200,0.07000000
2018-02-26 09:13:12,0.08907200,0.22100000
2018-02-26 09:13:14,0.08907200,0.02000000
2018-02-26 09:13:14,0.08907200,0.09800000
2018-02-26 09:13:14,0.08907200,0.49100000
2018-02-26 09:13:14,0.08907100,0.09700000
2018-02-26 09:13:14,0.08907100,0.19700000
2018-02-26 09:13:15,0.08907100,0.06100000
2018-02-26 09:13:15,0.08907100,0.30300000
2018-02-26 09:13:15,0.08908900,0.00100000
2018-02-26 09:13:16,0.08907100,0.86800000
2018-02-26 09:13:16,0.08914700,0.13300000
2018-02-26 09:13:16,0.08907100,0.78000000
2018-02-26 09:13:16,0.08907100,0.09900000
2018-02-26 09:13:16,0.08907100,0.73000000
2018-02-26 09:13:17,0.08907100,0.01400000
2018-02-26 09:13:18,0.08907000,0.02500000
2018-02-26 09:13:18,0.08915000,0.06200000
2018-02-26 09:13:18,0.08915000,0.02700000
2018-02-26 09:13:18,0.08907000,0.03200000
2018-02-26 09:13:19,0.08907100,0.03000000
2018-02-26 09:13:20,0.08914900,0.44500000
2018-02-26 09:13:20,0.08914900,0.00100000
2018-02-26 09:13:20,0.08915000,0.00100000
2018-02-26 09:13:20,0.08915400,0.00100000
2018-02-26 09:13:20,0.08915500,0.44200000
2018-02-26 09:13:20,0.08915500,0.61400000
2018-02-26 09:13:21,0.08907200,0.12900000
2018-02-26 09:13:22,0.08907200,0.31500000
2018-02-26 09:13:22,0.08907200,0.85500000
2018-02-26 09:13:22,0.08915000,0.01800000
2018-02-26 09:13:22,0.08915000,0.04900000
2018-02-26 09:13:22,0.08915500,0.00100000
2018-02-26 09:13:22,0.08917400,0.01600000
2018-02-26 09:13:23,0.08917400,0.18300000
2018-02-26 09:13:24,0.08917200,1.12000000
2018-02-26 09:13:24,0.08917200,0.04900000
2018-02-26 09:13:24,0.08917200,0.01900000
2018-02-26 09:13:24,0.08917200,0.00100000
2018-02-26 09:13:24,0.08917300,0.01800000
2018-02-26 09:13:24,0.08917200,0.02000000
2018-02-26 09:13:24,0.08917300,0.00300000
2018-02-26 09:13:25,0.08917200,0.01900000
2018-02-26 09:13:25,0.08912300,0.03900000
2018-02-26 09:13:25,0.08912300,0.22100000
2018-02-26 09:13:25,0.08917200,0.00100000
2018-02-26 09:13:25,0.08917300,0.01800000
2018-02-26 09:13:25,0.08912300,0.61300000
2018-02-26 09:13:25,0.08908000,0.25900000
2018-02-26 09:13:25,0.08908000,0.17100000
2018-02-26 09:13:25,0.08907400,0.05300000
2018-02-26 09:13:25,0.08907400,0.47600000
2018-02-26 09:13:25,0.08907400,0.07800000
2018-02-26 09:13:25,0.08917300,0.01900000
2018-02-26 09:13:25,0.08907400,2.13400000
2018-02-26 09:13:25,0.08917200,0.02000000
2018-02-26 09:13:25,0.08917300,0.09000000
2018-02-26 09:13:25,0.08907400,0.12600000
2018-02-26 09:13:25,0.08917200,0.01900000
2018-02-26 09:13:25,0.08907400,0.23500000
2018-02-26 09:13:25,0.08917000,0.42900000
2018-02-26 09:13:26,0.08916900,0.15100000
2018-02-26 09:13:26,0.08916900,0.00100000
2018-02-26 09:13:26,0.08917000,0.00100000
2018-02-26 09:13:26,0.08917400,0.00100000
2018-02-26 09:13:26,0.08917600,0.04800000
2018-02-26 09:13:26,0.08907600,0.16900000
2018-02-26 09:13:26,0.08917600,0.15100000
2018-02-26 09:13:26,0.08917600,0.00100000
2018-02-26 09:13:26,0.08917900,0.09400000
2018-02-26 09:13:26,0.08917900,0.02600000
2018-02-26 09:13:27,0.08917800,1.12000000
2018-02-26 09:13:27,0.08917800,0.36400000
2018-02-26 09:13:27,0.08907800,1.12400000
2018-02-26 09:13:27,0.08917800,0.47700000
2018-02-26 09:13:27,0.08907800,0.21500000
2018-02-26 09:13:27,0.08917700,0.63400000
2018-02-26 09:13:27,0.08917700,0.29900000
2018-02-26 09:13:27,0.08907800,0.01900000
2018-02-26 09:13:28,0.08908000,0.43000000
2018-02-26 09:13:28,0.08907900,0.38600000
2018-02-26 09:13:28,0.08917600,0.02000000
2018-02-26 09:13:28,0.08917700,0.09200000
2018-02-26 09:13:29,0.08917500,0.41800000
2018-02-26 09:13:30,0.08917000,0.43000000
2018-02-26 09:13:30,0.08917100,0.24100000
2018-02-26 09:13:30,0.08917500,0.12200000
2018-02-26 09:13:33,0.08908200,0.14700000
2018-02-26 09:13:34,0.08908200,0.06700000
2018-02-26 09:13:34,0.08908000,1.08400000
2018-02-26 09:13:34,0.08908000,0.44800000
2018-02-26 09:13:34,0.08917100,0.14700000
2018-02-26 09:13:35,0.08908200,0.01900000
2018-02-26 09:13:35,0.08917200,0.05600000
2018-02-26 09:13:36,0.08908300,0.52100000
2018-02-26 09:13:36,0.08917100,0.01900000
2018-02-26 09:13:36,0.08917100,0.01600000
2018-02-26 09:13:37,0.08908300,0.18300000
2018-02-26 09:13:37,0.08908300,0.00100000
2018-02-26 09:13:37,0.08908200,0.18200000
2018-02-26 09:13:37,0.08908300,0.01900000
2018-02-26 09:13:37,0.08917000,0.10800000
2018-02-26 09:13:38,0.08908300,0.40500000
2018-02-26 09:13:39,0.08917000,0.09200000
2018-02-26 09:13:39,0.08917000,0.80300000
2018-02-26 09:13:39,0.08908300,0.02000000
2018-02-26 09:13:39,0.08908300,0.00100000
2018-02-26 09:13:39,0.08908200,0.45900000
2018-02-26 09:13:40,0.08908100,0.32600000
2018-02-26 09:13:40,0.08908200,0.38000000
2018-02-26 09:13:40,0.08908100,0.30000000
2018-02-26 09:13:40,0.08908200,0.00100000
2018-02-26 09:13:40,0.08917100,0.05100000
2018-02-26 09:13:40,0.08912000,0.11400000
2018-02-26 09:13:40,0.08912000,0.06100000
2018-02-26 09:13:40,0.08912000,0.70300000
2018-02-26 09:13:40,0.08912000,0.05400000
2018-02-26 09:13:41,0.08912000,0.27000000
2018-02-26 09:13:41,0.08912000,0.00100000
2018-02-26 09:13:41,0.08908100,0.22000000
2018-02-26 09:13:41,0.08908100,0.02200000
2018-02-26 09:13:42,0.08908100,0.09800000
2018-02-26 09:13:43,0.08908000,0.03300000
2018-02-26 09:13:43,0.08907800,0.09000000
2018-02-26 09:13:43,0.08907000,9.83900000
2018-02-26 09:13:46,0.08908100,0.97600000
2018-02-26 09:13:47,0.08908100,0.00100000
2018-02-26 09:13:47,0.08916500,0.02500000
2018-02-26 09:13:47,0.08906600,0.88100000
2018-02-26 09:13:48,0.08916300,0.09900000
2018-02-26 09:13:48,0.08916300,0.30500000
2018-02-26 09:13:49,0.08916200,0.50500000
2018-02-26 09:13:49,0.08906800,0.11700000
2018-02-26 09:13:49,0.08916200,0.08400000
2018-02-26 09:13:49,0.08916200,1.72100000
2018-02-26 09:13:51,0.08907400,0.13900000
2018-02-26 09:13:51,0.08907500,0.96100000
2018-02-26 09:13:53,0.08917700,0.09200000
2018-02-26 09:13:53,0.08907700,0.04200000
2018-02-26 09:13:53,0.08907700,0.10100000
2018-02-26 09:13:53,0.08908000,0.05300000
2018-02-26 09:13:54,0.08917300,0.16300000
2018-02-26 09:13:54,0.08917400,0.25400000
2018-02-26 09:13:56,0.08912400,0.01400000
2018-02-26 09:13:56,0.08917400,0.50500000
2018-02-26 09:13:56,0.08912400,0.08300000
2018-02-26 09:13:56,0.08912400,0.98900000
2018-02-26 09:13:56,0.08912400,0.00200000
2018-02-26 09:13:56,0.08908300,0.28100000
2018-02-26 09:13:56,0.08908300,0.71500000
2018-02-26 09:13:56,0.08908300,0.19100000
2018-02-26 09:13:56,0.08908400,0.01900000
2018-02-26 09:13:57,0.08908200,0.02300000
2018-02-26 09:13:57,0.08908200,0.02700000
2018-02-26 09:13:58,0.08908200,0.73100000
2018-02-26 09:13:58,0.08908200,0.00100000
2018-02-26 09:13:58,0.08917000,0.09000000
2018-02-26 09:13:58,0.08917200,0.02000000
2018-02-26 09:13:58,0.08917300,0.07500000
2018-02-26 09:13:58,0.08917300,0.37100000
2018-02-26 09:13:58,0.08909200,0.04800000
2018-02-26 09:14:03,0.08909200,0.07700000
2018-02-26 09:14:03,0.08909200,0.00100000
2018-02-26 09:14:03,0.08907900,0.02000000
2018-02-26 09:14:03,0.08907300,0.05600000
2018-02-26 09:14:03,0.08909300,0.20100000
2018-02-26 09:14:03,0.08907900,0.02000000
2018-02-26 09:14:03,0.08907800,0.06200000
2018-02-26 09:14:03,0.08907800,0.48300000
2018-02-26 09:14:03,0.08907800,0.11100000
2018-02-26 09:14:04,0.08907800,0.08400000
2018-02-26 09:14:04,0.08907800,0.15300000
2018-02-26 09:14:04,0.08907800,0.13200000
2018-02-26 09:14:07,0.08907200,2.22200000
2018-02-26 09:14:07,0.08907800,0.00100000
2018-02-26 09:14:08,0.08908000,0.03900000
2018-02-26 09:14:08,0.08907200,0.58100000
2018-02-26 09:14:08,0.08906600,0.50200000
2018-02-26 09:14:08,0.08906600,0.05500000
2018-02-26 09:14:09,0.08907100,0.70900000
2018-02-26 09:14:09,0.08907100,1.06900000
2018-02-26 09:14:09,0.08907100,2.88400000
2018-02-26 09:14:09,0.08907100,0.77100000
2018-02-26 09:14:10,0.08907100,0.02200000
2018-02-26 09:14:10,0.08907100,0.02400000
2018-02-26 09:14:10,0.08907100,2.13000000
2018-02-26 09:14:10,0.08906600,2.00400000
2018-02-26 09:14:10,0.08907100,1.12900000
2018-02-26 09:14:10,0.08907100,0.35800000
2018-02-26 09:14:12,0.08911200,0.01600000
2018-02-26 09:14:12,0.08911200,0.14500000
2018-02-26 09:14:12,0.08911200,0.23000000
2018-02-26 09:14:12,0.08911200,0.20500000
2018-02-26 09:14:12,0.08911200,0.21900000
2018-02-26 09:14:15,0.08911200,0.00100000
2018-02-26 09:14:15,0.08907400,0.33900000
2018-02-26 09:14:16,0.08907500,0.05000000
2018-02-26 09:14:16,0.08907500,0.14700000
2018-02-26 09:14:17,0.08907500,0.08000000
2018-02-26 09:14:17,0.08915300,0.05800000
2018-02-26 09:14:17,0.08906600,0.00600000
2018-02-26 09:14:17,0.08907300,0.12600000
2018-02-26 09:14:17,0.08906500,0.81200000
2018-02-26 09:14:17,0.08907300,0.41700000
2018-02-26 09:14:17,0.08915300,0.12500000
2018-02-26 09:14:17,0.08915300,0.03900000
2018-02-26 09:14:17,0.08906400,0.40500000
2018-02-26 09:14:18,0.08911200,0.02300000
2018-02-26 09:14:21,0.08915300,0.07800000
2018-02-26 09:14:22,0.08911200,0.00100000
2018-02-26 09:14:22,0.08906600,2.31600000
2018-02-26 09:14:23,0.08915300,0.08500000
2018-02-26 09:14:24,0.08915300,0.01400000
2018-02-26 09:14:24,0.08915300,1.10500000
2018-02-26 09:14:24,0.08915300,0.00300000
2018-02-26 09:14:24,0.08907000,0.05300000
2018-02-26 09:14:24,0.08907000,0.37700000
2018-02-26 09:14:24,0.08906500,0.19000000
2018-02-26 09:14:24,0.08906500,0.15700000
2018-02-26 09:14:24,0.08906400,0.22500000
2018-02-26 09:14:24,0.08916300,0.34100000
2018-02-26 09:14:24,0.08906400,0.04100000
2018-02-26 09:14:24,0.08906300,0.18000000
2018-02-26 09:14:24,0.08906300,0.99900000
2018-02-26 09:14:25,0.08915900,0.26400000
2018-02-26 09:14:25,0.08915800,0.66100000
2018-02-26 09:14:25,0.08906400,0.10600000
2018-02-26 09:14:26,0.08906400,0.22400000
2018-02-26 09:14:26,0.08906400,0.54600000
2018-02-26 09:14:26,0.08906400,0.19900000
2018-02-26 09:14:26,0.08906300,0.07300000
2018-02-26 09:14:26,0.08915800,0.04900000
2018-02-26 09:14:27,0.08915800,0.03700000
2018-02-26 09:14:27,0.08906300,0.04200000
2018-02-26 09:14:27,0.08915800,0.05000000
2018-02-26 09:14:27,0.08910800,0.02500000
2018-02-26 09:14:28,0.08910800,0.14900000
2018-02-26 09:14:28,0.08910800,0.22100000
2018-02-26 09:14:28,0.08910800,0.05600000
2018-02-26 09:14:28,0.08910800,0.46400000
2018-02-26 09:14:28,0.08910800,0.00200000
2018-02-26 09:14:28,0.08906300,0.05100000
2018-02-26 09:14:31,0.08914900,0.25200000
2018-02-26 09:14:32,0.08914900,0.00200000
2018-02-26 09:14:33,0.08911200,0.01400000
2018-02-26 09:14:33,0.08911200,0.22100000
2018-02-26 09:14:33,0.08911200,0.02200000
2018-02-26 09:14:33,0.08911200,0.14900000
2018-02-26 09:14:33,0.08911200,1.87200000
2018-02-26 09:14:33,0.08911200,0.33100000
2018-02-26 09:14:33,0.08914900,0.10100000
2018-02-26 09:14:33,0.08911200,1.00900000
2018-02-26 09:14:33,0.08911200,0.13200000
2018-02-26 09:14:33,0.08911200,0.14500000
2018-02-26 09:14:33,0.08911200,0.10600000
2018-02-26 09:14:34,0.08911200,0.01400000
2018-02-26 09:14:34,0.08911200,0.98500000
2018-02-26 09:14:34,0.08906300,0.14200000
2018-02-26 09:14:35,0.08914900,0.06900000
2018-02-26 09:14:35,0.08906300,0.25800000
2018-02-26 09:14:35,0.08906300,0.50600000
2018-02-26 09:14:35,0.08906300,0.81900000
2018-02-26 09:14:35,0.08906300,6.38800000
2018-02-26 09:14:38,0.08913900,0.08300000
2018-02-26 09:14:40,0.08913900,0.22000000
2018-02-26 09:14:40,0.08906300,0.71100000
2018-02-26 09:14:41,0.08913200,0.02500000
2018-02-26 09:14:41,0.08906300,0.44400000
2018-02-26 09:14:41,0.08906300,0.03300000
2018-02-26 09:14:42,0.08913000,0.42900000
2018-02-26 09:14:43,0.08908000,0.11100000
2018-02-26 09:14:44,0.08908000,0.10000000
2018-02-26 09:14:45,0.08908000,0.04800000
2018-02-26 09:14:45,0.08908000,0.07300000
2018-02-26 09:14:46,0.08908000,0.10000000
2018-02-26 09:14:46,0.08908000,0.01400000
2018-02-26 09:14:46,0.08913000,0.18200000
2018-02-26 09:14:47,0.08908000,0.48100000
2018-02-26 09:14:47,0.08906300,0.64200000
2018-02-26 09:14:47,0.08913000,1.12100000
2018-02-26 09:14:47,0.08913000,1.52900000
2018-02-26 09:14:50,0.08906300,0.11600000
2018-02-26 09:14:50,0.08906300,0.07800000
2018-02-26 09:14:50,0.08904000,0.11500000
2018-02-26 09:14:50,0.08904000,0.01600000
2018-02-26 09:14:51,0.08913000,0.01900000
2018-02-26 09:14:51,0.08904000,0.09200000
2018-02-26 09:14:51,0.08904000,1.12400000
2018-02-26 09:14:51,0.08913000,0.00100000
2018-02-26 09:14:51,0.08913000,0.02000000
2018-02-26 09:14:51,0.08913000,0.02000000
2018-02-26 09:14:51,0.08913000,0.26900000
2018-02-26 09:14:51,0.08910000,0.15000000
2018-02-26 09:14:51,0.08904000,0.15900000
2018-02-26 09:14:51,0.08904000,0.08400000
2018-02-26 09:14:51,0.08900900,0.06500000
2018-02-26 09:14:52,0.08912900,0.10100000
2018-02-26 09:14:52,0.08901100,0.90300000
2018-02-26 09:14:54,0.08911700,1.49400000
2018-02-26 09:14:54,0.08911800,0.08900000
2018-02-26 09:14:55,0.08910900,0.01900000
2018-02-26 09:14:55,0.08910900,0.00100000
2018-02-26 09:14:55,0.08911000,0.01800000
2018-02-26 09:14:55,0.08910900,0.01200000
2018-02-26 09:14:55,0.08910900,0.00800000
2018-02-26 09:14:55,0.08911000,0.01100000
2018-02-26 09:14:55,0.08910900,0.01900000
2018-02-26 09:14:55,0.08910900,0.06300000
2018-02-26 09:14:56,0.08910900,0.03400000
2018-02-26 09:14:56,0.08901500,0.03900000
2018-02-26 09:14:56,0.08901500,0.41800000
2018-02-26 09:14:56,0.08901600,0.02000000
2018-02-26 09:14:56,0.08901500,0.06800000
2018-02-26 09:14:56,0.08901600,0.29500000
2018-02-26 09:14:57,0.08901600,0.09200000
2018-02-26 09:14:57,0.08901600,0.02000000
2018-02-26 09:14:57,0.08901500,2.29600000
2018-02-26 09:14:57,0.08901500,0.32400000
2018-02-26 09:14:57,0.08901100,0.02000000
2018-02-26 09:14:57,0.08900900,0.78500000
2018-02-26 09:14:57,0.08901600,0.03900000
2018-02-26 09:14:58,0.08901600,0.11900000
2018-02-26 09:14:58,0.08912100,0.02000000
2018-02-26 09:14:58,0.08912900,0.03000000
2018-02-26 09:14:58,0.08913000,0.04300000
2018-02-26 09:14:58,0.08913000,0.01900000
2018-02-26 09:14:58,0.08912100,0.02000000
2018-02-26 09:14:58,0.08913000,0.06700000
2018-02-26 09:14:58,0.08901600,0.08900000
2018-02-26 09:14:59,0.08905700,0.44500000
2018-02-26 09:14:59,0.08905700,0.42400000
2018-02-26 09:15:01,0.08909900,0.02300000
2018-02-26 09:15:01,0.08909900,0.03300000
2018-02-26 09:15:02,0.08909900,0.07900000
2018-02-26 09:15:02,0.08909900,0.04400000
2018-02-26 09:15:02,0.08905700,0.09600000
2018-02-26 09:15:02,0.08905700,0.00100000
2018-02-26 09:15:02,0.08909900,0.15900000
2018-02-26 09:15:02,0.08909900,0.11300000
2018-02-26 09:15:02,0.08910000,0.88600000
2018-02-26 09:15:02,0.08912000,0.14600000
2018-02-26 09:15:02,0.08910700,0.01900000
2018-02-26 09:15:03,0.08901900,0.11200000
2018-02-26 09:15:03,0.08901900,0.11600000
2018-02-26 09:15:03,0.08901900,0.20200000
2018-02-26 09:15:04,0.08901900,0.04300000
2018-02-26 09:15:04,0.08901900,0.06800000
2018-02-26 09:15:06,0.08909900,0.02300000
2018-02-26 09:15:06,0.08901900,0.22400000
2018-02-26 09:15:06,0.08901900,0.08300000
2018-02-26 09:15:06,0.08901900,0.40300000
2018-02-26 09:15:06,0.08901600,0.02000000
2018-02-26 09:15:06,0.08901500,0.04000000
2018-02-26 09:15:06,0.08901100,0.02000000
2018-02-26 09:15:06,0.08900900,0.00100000
2018-02-26 09:15:06,0.08900900,0.43200000
2018-02-26 09:15:06,0.08901600,0.01800000
2018-02-26 09:15:07,0.08901600,0.00200000
2018-02-26 09:15:07,0.08901500,0.02000000
2018-02-26 09:15:07,0.08901100,0.02000000
2018-02-26 09:15:07,0.08900900,0.00200000
2018-02-26 09:15:07,0.08900800,0.02200000
2018-02-26 09:15:07,0.08900600,0.08700000
2018-02-26 09:15:07,0.08900300,0.03100000
2018-02-26 09:15:07,0.08900200,0.13900000
2018-02-26 09:15:07,0.08900100,0.38800000
2018-02-26 09:15:08,0.08905700,0.08400000
2018-02-26 09:15:08,0.08905700,0.04100000
2018-02-26 09:15:08,0.08905700,0.12600000
2018-02-26 09:15:08,0.08909900,0.00100000
2018-02-26 09:15:08,0.08910700,0.00100000
2018-02-26 09:15:08,0.08911000,0.09000000
2018-02-26 09:15:08,0.08911100,0.00700000
2018-02-26 09:15:08,0.08911100,0.24900000
2018-02-26 09:15:08,0.08911100,0.25000000
2018-02-26 09:15:08,0.08901600,0.01800000
2018-02-26 09:15:12,0.08901600,0.02200000
2018-02-26 09:15:12,0.08901500,0.02000000
2018-02-26 09:15:12,0.08901100,0.02000000
2018-02-26 09:15:12,0.08901000,0.01700000
2018-02-26 09:15:12,0.08901000,0.00300000
2018-02-26 09:15:12,0.08901000,0.02000000
2018-02-26 09:15:12,0.08901000,0.02000000
2018-02-26 09:15:12,0.08901000,0.02000000
2018-02-26 09:15:13,0.08901000,0.04700000
2018-02-26 09:15:13,0.08901000,0.00100000
2018-02-26 09:15:13,0.08909700,0.03100000
2018-02-26 09:15:13,0.08909700,0.02500000
2018-02-26 09:15:13,0.08910000,0.02200000
2018-02-26 09:15:13,0.08910000,0.04400000
2018-02-26 09:15:13,0.08900900,0.04000000
2018-02-26 09:15:13,0.08900800,0.02000000
2018-02-26 09:15:13,0.08900600,0.02000000
2018-02-26 09:15:13,0.08900300,0.02000000
2018-02-26 09:15:13,0.08900200,0.02000000
2018-02-26 09:15:13,0.08900100,0.36100000
2018-02-26 09:15:13,0.08900000,0.64600000
2018-02-26 09:15:13,0.08900000,0.05000000
2018-02-26 09:15:14,0.08901900,0.21400000
2018-02-26 09:15:14,0.08901900,0.00100000
2018-02-26 09:15:14,0.08909700,0.21200000
2018-02-26 09:15:14,0.08909700,0.21400000
2018-02-26 09:15:15,0.08902800,0.02400000
2018-02-26 09:15:16,0.08901100,0.01900000
2018-02-26 09:15:16,0.08909400,0.18100000
2018-02-26 09:15:16,0.08902800,0.11200000
2018-02-26 09:15:16,0.08909600,0.02000000
2018-02-26 09:15:16,0.08909900,0.07000000
2018-02-26 09:15:16,0.08909300,0.02000000
2018-02-26 09:15:16,0.08909900,0.99000000
2018-02-26 09:15:17,0.08902800,0.02000000
2018-02-26 09:15:17,0.08901900,0.02000000
2018-02-26 09:15:17,0.08901100,0.02100000
2018-02-26 09:15:17,0.08901000,0.02000000
2018-02-26 09:15:17,0.08900900,0.02000000
2018-02-26 09:15:17,0.08900800,0.02000000
2018-02-26 09:15:17,0.08900600,0.02000000
2018-02-26 09:15:17,0.08900300,0.02000000
2018-02-26 09:15:17,0.08900200,0.02000000
2018-02-26 09:15:17,0.08900100,0.02000000
2018-02-26 09:15:17,0.08900000,1.86800000
2018-02-26 09:15:17,0.08902800,0.02000000
2018-02-26 09:15:17,0.08901900,0.01200000
2018-02-26 09:15:17,0.08901900,0.00800000
2018-02-26 09:15:17,0.08900000,0.09700000
2018-02-26 09:15:18,0.08908900,0.08600000
2018-02-26 09:15:18,0.08901100,0.02000000
2018-02-26 09:15:18,0.08900000,0.55100000
2018-02-26 09:15:18,0.08901000,0.02000000
2018-02-26 09:15:18,0.08900900,0.02000000
2018-02-26 09:15:18,0.08900000,0.03900000
2018-02-26 09:15:19,0.08908000,0.03200000
2018-02-26 09:15:19,0.08900800,0.02000000
2018-02-26 09:15:19,0.08900600,0.02000000
2018-02-26 09:15:19,0.08900300,0.02000000
2018-02-26 09:15:19,0.08900000,0.00600000
2018-02-26 09:15:20,0.08908000,0.19500000
2018-02-26 09:15:21,0.08902800,0.02000000
2018-02-26 09:15:21,0.08900200,0.02000000
2018-02-26 09:15:21,0.08900200,0.02600000
2018-02-26 09:15:21,0.08900200,0.00200000
2018-02-26 09:15:21,0.08908900,0.02500000
2018-02-26 09:15:21,0.08908900,0.02100000
2018-02-26 09:15:21,0.08909100,0.00600000
2018-02-26 09:15:21,0.08909100,0.02700000
2018-02-26 09:15:21,0.08901900,0.02000000
2018-02-26 09:15:21,0.08900100,0.02000000
2018-02-26 09:15:21,0.08900000,0.02600000
2018-02-26 09:15:23,0.08901100,0.02000000
2018-02-26 09:15:23,0.08901000,0.02000000
2018-02-26 09:15:23,0.08900900,0.02000000
2018-02-26 09:15:23,0.08900100,0.05000000
2018-02-26 09:15:23,0.08900000,0.08600000
2018-02-26 09:15:23,0.08900100,0.02000000
2018-02-26 09:15:23,0.08900000,0.09200000
2018-02-26 09:15:26,0.08902800,0.02000000
2018-02-26 09:15:26,0.08901900,0.02000000
2018-02-26 09:15:26,0.08900800,0.02000000
2018-02-26 09:15:26,0.08900600,0.02000000
2018-02-26 09:15:26,0.08900300,0.02000000
2018-02-26 09:15:26,0.08900200,0.00600000
2018-02-26 09:15:26,0.08900200,0.01400000
2018-02-26 09:15:26,0.08900100,0.02000000
2018-02-26 09:15:26,0.08900200,0.02000000
2018-02-26 09:15:26,0.08900200,0.02600000
2018-02-26 09:15:26,0.08900200,0.06000000
2018-02-26 09:15:26,0.08908300,0.02500000
2018-02-26 09:15:26,0.08900000,1.63600000
2018-02-26 09:15:27,0.08901000,0.02000000
2018-02-26 09:15:27,0.08900900,0.02000000
2018-02-26 09:15:27,0.08900100,0.02000000
2018-02-26 09:15:27,0.08898700,0.15500000
2018-02-26 09:15:27,0.08898700,0.09700000
2018-02-26 09:15:27,0.08898700,0.13800000
2018-02-26 09:15:27,0.08898600,0.03700000
2018-02-26 09:15:27,0.08898700,0.06700000
2018-02-26 09:15:27,0.08898700,0.03000000
2018-02-26 09:15:27,0.08900900,0.06100000
2018-02-26 09:15:28,0.08900900,0.04800000
2018-02-26 09:15:28,0.08900900,0.00100000
2018-02-26 09:15:28,0.08907900,0.04700000
2018-02-26 09:15:28,0.08907900,0.04800000
2018-02-26 09:15:28,0.08907900,0.04400000
2018-02-26 09:15:28,0.08900000,0.02000000
2018-02-26 09:15:28,0.08898600,1.10400000
2018-02-26 09:15:28,0.08900000,0.02000000
2018-02-26 09:15:28,0.08900000,0.07100000
2018-02-26 09:15:28,0.08908000,0.00600000
2018-02-26 09:15:28,0.08908000,0.37300000
2018-02-26 09:15:29,0.08900000,0.02000000
2018-02-26 09:15:29,0.08898100,0.13700000
2018-02-26 09:15:29,0.08898000,0.26900000
2018-02-26 09:15:29,0.08897800,0.69300000
2018-02-26 09:15:29,0.08907700,0.45000000
2018-02-26 09:15:29,0.08907700,1.09500000
2018-02-26 09:15:29,0.08906800,0.49600000
2018-02-26 09:15:29,0.08907700,0.10100000
2018-02-26 09:15:29,0.08907700,0.59300000
2018-02-26 09:15:30,0.08902800,0.02000000
2018-02-26 09:15:30,0.08901900,0.02000000
2018-02-26 09:15:30,0.08900800,0.02000000
2018-02-26 09:15:30,0.08900600,0.00500000
2018-02-26 09:15:30,0.08907600,0.10100000
2018-02-26 09:15:30,0.08907600,0.17000000
2018-02-26 09:15:30,0.08907600,0.09100000
2018-02-26 09:15:30,0.08907600,0.45900000
2018-02-26 09:15:31,0.08907600,0.06600000
2018-02-26 09:15:31,0.08907900,0.33000000
2018-02-26 09:15:31,0.08907600,0.02000000
2018-02-26 09:15:31,0.08907900,0.97900000
2018-02-26 09:15:32,0.08902600,0.48200000
2018-02-26 09:15:32,0.08907300,0.02700000
2018-02-26 09:15:32,0.08907900,0.32600000
2018-02-26 09:15:32,0.08909100,0.06800000
2018-02-26 09:15:32,0.08909500,0.16800000
2018-02-26 09:15:32,0.08909700,0.41000000
2018-02-26 09:15:33,0.08902600,0.04400000
2018-02-26 09:15:34,0.08902800,0.01900000
2018-02-26 09:15:34,0.08902800,0.00100000
2018-02-26 09:15:34,0.08909700,0.01800000
2018-02-26 09:15:34,0.08909700,0.01900000
2018-02-26 09:15:34,0.08909700,0.01100000
2018-02-26 09:15:34,0.08910500,0.00800000
