DATE,PRICE,VOLUME
2018-02-27 01:00:02,0.08422400,0.02300000
2018-02-27 01:00:02,0.08418000,0.01400000
2018-02-27 01:00:02,0.08418000,0.02100000
2018-02-27 01:00:02,0.08422400,0.24800000
2018-02-27 01:00:02,0.08418000,0.01600000
2018-02-27 01:00:06,0.08422300,0.29900000
2018-02-27 01:00:06,0.08422300,0.15900000
2018-02-27 01:00:06,0.08422300,0.06300000
2018-02-27 01:00:06,0.08422300,0.07600000
2018-02-27 01:00:07,0.08422300,0.12100000
2018-02-27 01:00:07,0.08422200,0.06300000
2018-02-27 01:00:07,0.08422200,0.19100000
2018-02-27 01:00:07,0.08422200,0.19100000
2018-02-27 01:00:08,0.08422200,0.11400000
2018-02-27 01:00:08,0.08422100,0.01900000
2018-02-27 01:00:09,0.08418000,0.00100000
2018-02-27 01:00:09,0.08413900,0.09900000
2018-02-27 01:00:09,0.08422000,3.19800000
2018-02-27 01:00:09,0.08422000,0.01900000
2018-02-27 01:00:09,0.08418100,0.11800000
2018-02-27 01:00:10,0.08418100,0.12800000
2018-02-27 01:00:10,0.08418100,0.00100000
2018-02-27 01:00:10,0.08422000,0.00300000
2018-02-27 01:00:10,0.08422500,0.08700000
2018-02-27 01:00:10,0.08422500,0.12800000
2018-02-27 01:00:12,0.08422000,0.02000000
2018-02-27 01:00:12,0.08422100,0.03900000
2018-02-27 01:00:14,0.08413800,0.07400000
2018-02-27 01:00:14,0.08422300,0.08700000
2018-02-27 01:00:15,0.08414100,0.02700000
2018-02-27 01:00:15,0.08414100,0.02700000
2018-02-27 01:00:17,0.08422100,0.01200000
2018-02-27 01:00:17,0.08422300,0.09900000
2018-02-27 01:00:17,0.08422400,0.20100000
2018-02-27 01:00:19,0.08414200,0.03000000
2018-02-27 01:00:19,0.08414100,0.07000000
2018-02-27 01:00:20,0.08414100,1.33000000
2018-02-27 01:00:20,0.08413800,0.04500000
2018-02-27 01:00:20,0.08413100,0.03200000
2018-02-27 01:00:20,0.08412500,0.02000000
2018-02-27 01:00:20,0.08412300,1.09000000
2018-02-27 01:00:20,0.08412700,1.66500000
2018-02-27 01:00:22,0.08422300,0.01200000
2018-02-27 01:00:23,0.08413100,0.43800000
2018-02-27 01:00:23,0.08413100,0.29800000
2018-02-27 01:00:23,0.08413200,0.43700000
2018-02-27 01:00:24,0.08422100,0.38600000
2018-02-27 01:00:25,0.08422100,1.89700000
2018-02-27 01:00:25,0.08422200,0.21100000
2018-02-27 01:00:25,0.08422600,5.00000000
2018-02-27 01:00:25,0.08422700,0.12000000
2018-02-27 01:00:25,0.08422700,0.08300000
2018-02-27 01:00:25,0.08422700,0.02000000
2018-02-27 01:00:25,0.08422700,0.02000000
2018-02-27 01:00:25,0.08422700,0.02000000
2018-02-27 01:00:25,0.08422700,0.02000000
2018-02-27 01:00:25,0.08423400,0.01000000
2018-02-27 01:00:25,0.08422700,0.84100000
2018-02-27 01:00:26,0.08422700,0.05500000
2018-02-27 01:00:26,0.08422700,0.56700000
2018-02-27 01:00:26,0.08423400,0.13500000
2018-02-27 01:00:29,0.08422700,0.10700000
2018-02-27 01:00:29,0.08422700,0.15800000
2018-02-27 01:00:30,0.08422700,0.10000000
2018-02-27 01:00:30,0.08422700,0.08000000
2018-02-27 01:00:30,0.08422700,0.06400000
2018-02-27 01:00:30,0.08422700,0.42700000
2018-02-27 01:00:31,0.08422700,5.17100000
2018-02-27 01:00:31,0.08423300,0.31300000
2018-02-27 01:00:32,0.08414100,0.13100000
2018-02-27 01:00:32,0.08413800,0.81500000
2018-02-27 01:00:33,0.08414200,0.00100000
2018-02-27 01:00:34,0.08414400,0.01900000
2018-02-27 01:00:36,0.08414300,0.02000000
2018-02-27 01:00:36,0.08414300,0.02000000
2018-02-27 01:00:36,0.08414300,0.02000000
2018-02-27 01:00:36,0.08413400,0.09200000
2018-02-27 01:00:36,0.08423000,0.02400000
2018-02-27 01:00:37,0.08423000,0.19500000
2018-02-27 01:00:39,0.08414200,0.01900000
2018-02-27 01:00:40,0.08413700,0.02000000
2018-02-27 01:00:40,0.08412900,0.08000000
2018-02-27 01:00:40,0.08414000,0.02500000
2018-02-27 01:00:41,0.08414000,0.14400000
2018-02-27 01:00:41,0.08414000,0.04500000
2018-02-27 01:00:41,0.08414200,0.02800000
2018-02-27 01:00:42,0.08414200,0.02300000
2018-02-27 01:00:42,0.08413000,0.02000000
2018-02-27 01:00:44,0.08413200,0.01700000
2018-02-27 01:00:45,0.08422000,0.08200000
2018-02-27 01:00:45,0.08413300,0.02000000
2018-02-27 01:00:45,0.08412800,0.00500000
2018-02-27 01:00:46,0.08413300,0.01200000
2018-02-27 01:00:47,0.08413400,0.05500000
2018-02-27 01:00:47,0.08413500,0.08600000
2018-02-27 01:00:48,0.08413600,0.04900000
2018-02-27 01:00:51,0.08414100,0.10000000
2018-02-27 01:00:51,0.08422600,1.28200000
2018-02-27 01:00:51,0.08422700,0.06600000
2018-02-27 01:00:51,0.08422700,0.63600000
2018-02-27 01:00:52,0.08413300,0.00200000
2018-02-27 01:00:53,0.08413400,0.05500000
2018-02-27 01:00:53,0.08413400,1.55800000
2018-02-27 01:00:53,0.08413400,0.05600000
2018-02-27 01:00:55,0.08413400,0.24100000
2018-02-27 01:00:55,0.08413400,0.02000000
2018-02-27 01:00:56,0.08413300,0.10000000
2018-02-27 01:00:57,0.08413500,0.67800000
2018-02-27 01:01:01,0.08413500,0.36600000
2018-02-27 01:01:01,0.08413500,0.10000000
2018-02-27 01:01:04,0.08420900,0.09100000
2018-02-27 01:01:04,0.08420900,0.56900000
2018-02-27 01:01:06,0.08420800,0.11800000
2018-02-27 01:01:06,0.08413500,0.03100000
2018-02-27 01:01:11,0.08420800,0.01100000
2018-02-27 01:01:11,0.08421000,0.13000000
2018-02-27 01:01:11,0.08421800,0.06300000
2018-02-27 01:01:11,0.08421800,0.01700000
2018-02-27 01:01:12,0.08413700,0.10000000
2018-02-27 01:01:12,0.08413800,0.03000000
2018-02-27 01:01:12,0.08413700,0.01700000
2018-02-27 01:01:14,0.08413700,0.00200000
2018-02-27 01:01:14,0.08413500,1.64400000
2018-02-27 01:01:14,0.08413500,0.01400000
2018-02-27 01:01:15,0.08413500,0.09900000
2018-02-27 01:01:17,0.08413600,0.04700000
2018-02-27 01:01:19,0.08413600,5.00300000
2018-02-27 01:01:21,0.08413600,0.04700000
2018-02-27 01:01:22,0.08421700,0.13000000
2018-02-27 01:01:22,0.08421800,0.77200000
2018-02-27 01:01:22,0.08413600,0.10000000
2018-02-27 01:01:25,0.08421700,0.01800000
2018-02-27 01:01:26,0.08413800,0.02200000
2018-02-27 01:01:28,0.08421700,0.00100000
2018-02-27 01:01:28,0.08421800,0.17600000
2018-02-27 01:01:28,0.08421800,0.23300000
2018-02-27 01:01:28,0.08421800,0.00100000
2018-02-27 01:01:28,0.08413900,0.05800000
2018-02-27 01:01:29,0.08421800,1.18500000
2018-02-27 01:01:29,0.08421800,0.50500000
2018-02-27 01:01:29,0.08414000,0.02500000
2018-02-27 01:01:30,0.08414100,0.07900000
2018-02-27 01:01:30,0.08414100,0.04700000
2018-02-27 01:01:31,0.08421800,1.18500000
2018-02-27 01:01:31,0.08421800,2.03000000
2018-02-27 01:01:31,0.08421800,0.01000000
2018-02-27 01:01:32,0.08422100,0.67000000
2018-02-27 01:01:32,0.08414300,0.04700000
2018-02-27 01:01:32,0.08414200,0.19100000
2018-02-27 01:01:33,0.08414200,0.10000000
2018-02-27 01:01:34,0.08422100,0.13700000
2018-02-27 01:01:34,0.08414300,0.00100000
2018-02-27 01:01:35,0.08414400,0.04700000
2018-02-27 01:01:36,0.08414400,0.08100000
2018-02-27 01:01:36,0.08414300,0.17000000
2018-02-27 01:01:36,0.08414100,0.49100000
2018-02-27 01:01:38,0.08422100,0.12800000
2018-02-27 01:01:38,0.08422100,0.00100000
2018-02-27 01:01:38,0.08422200,0.12700000
2018-02-27 01:01:38,0.08422200,0.41300000
2018-02-27 01:01:38,0.08422200,0.00800000
2018-02-27 01:01:38,0.08423400,0.00100000
2018-02-27 01:01:38,0.08423700,0.02000000
2018-02-27 01:01:38,0.08424500,0.13000000
2018-02-27 01:01:38,0.08424600,0.26100000
2018-02-27 01:01:39,0.08423700,0.01900000
2018-02-27 01:01:40,0.08423900,0.01900000
2018-02-27 01:01:40,0.08423900,0.00100000
2018-02-27 01:01:40,0.08424500,0.01800000
2018-02-27 01:01:40,0.08423900,0.02000000
2018-02-27 01:01:40,0.08424500,0.00800000
2018-02-27 01:01:41,0.08423900,0.01900000
2018-02-27 01:01:41,0.08423900,0.00100000
2018-02-27 01:01:41,0.08424500,0.01800000
2018-02-27 01:01:41,0.08415200,0.01900000
2018-02-27 01:01:42,0.08424200,0.01900000
2018-02-27 01:01:42,0.08424200,0.00100000
2018-02-27 01:01:42,0.08424500,0.00300000
2018-02-27 01:01:42,0.08424600,0.01400000
2018-02-27 01:01:42,0.08424200,0.02000000
2018-02-27 01:01:42,0.08424600,0.90700000
2018-02-27 01:01:42,0.08415200,1.40000000
2018-02-27 01:01:42,0.08424300,0.02000000
2018-02-27 01:01:42,0.08424600,0.06700000
2018-02-27 01:01:42,0.08425000,0.51600000
2018-02-27 01:01:42,0.08415300,1.87400000
2018-02-27 01:01:43,0.08424300,0.01800000
2018-02-27 01:01:43,0.08424300,0.00200000
2018-02-27 01:01:43,0.08425000,0.01700000
2018-02-27 01:01:43,0.08424300,0.02000000
2018-02-27 01:01:43,0.08425000,0.87400000
2018-02-27 01:01:43,0.08415400,0.13000000
2018-02-27 01:01:43,0.08415500,0.10000000
2018-02-27 01:01:44,0.08424200,0.12800000
2018-02-27 01:01:44,0.08424200,0.00200000
2018-02-27 01:01:44,0.08424400,0.02000000
2018-02-27 01:01:44,0.08425000,0.03100000
2018-02-27 01:01:44,0.08425000,0.12900000
2018-02-27 01:01:44,0.08424400,0.02000000
2018-02-27 01:01:44,0.08425000,0.75700000
2018-02-27 01:01:45,0.08424900,1.18500000
2018-02-27 01:01:45,0.08425000,0.67900000
2018-02-27 01:01:46,0.08424900,0.67900000
2018-02-27 01:01:46,0.08415900,0.10200000
2018-02-27 01:01:47,0.08424800,0.10100000
2018-02-27 01:01:47,0.08424800,0.00100000
2018-02-27 01:01:47,0.08424900,0.10100000
2018-02-27 01:01:47,0.08425000,0.31900000
2018-02-27 01:01:49,0.08416300,0.55400000
2018-02-27 01:01:49,0.08416400,0.12700000
2018-02-27 01:01:50,0.08416400,0.70800000
2018-02-27 01:01:50,0.08416400,0.70700000
2018-02-27 01:01:51,0.08424900,1.18500000
2018-02-27 01:01:51,0.08425000,0.20200000
2018-02-27 01:01:51,0.08416400,0.04400000
2018-02-27 01:01:51,0.08416500,0.02000000
2018-02-27 01:01:51,0.08416400,0.02400000
2018-02-27 01:01:51,0.08416500,0.01900000
2018-02-27 01:01:51,0.08416500,0.00100000
2018-02-27 01:01:51,0.08416400,0.70700000
2018-02-27 01:01:52,0.08416500,0.01900000
2018-02-27 01:01:52,0.08424900,1.08300000
2018-02-27 01:01:53,0.08416500,0.00100000
2018-02-27 01:01:53,0.08416400,0.13000000
2018-02-27 01:01:53,0.08416300,0.23900000
2018-02-27 01:01:53,0.08416500,0.02000000
2018-02-27 01:01:53,0.08416300,0.27400000
2018-02-27 01:01:53,0.08416500,0.02000000
2018-02-27 01:01:53,0.08416300,0.08400000
2018-02-27 01:01:53,0.08416500,0.02000000
2018-02-27 01:01:53,0.08416300,0.88500000
2018-02-27 01:01:53,0.08416500,0.02000000
2018-02-27 01:01:53,0.08416400,0.24900000
2018-02-27 01:01:54,0.08424700,0.10100000
2018-02-27 01:01:54,0.08416500,0.02000000
2018-02-27 01:01:54,0.08416400,0.08000000
2018-02-27 01:01:54,0.08416400,0.01900000
2018-02-27 01:01:55,0.08416500,0.08000000
2018-02-27 01:01:56,0.08416500,0.00100000
2018-02-27 01:01:56,0.08416400,0.04000000
2018-02-27 01:01:57,0.08416400,0.02300000
2018-02-27 01:01:57,0.08416400,0.24400000
2018-02-27 01:01:57,0.08416400,1.26100000
2018-02-27 01:01:57,0.08416400,0.55000000
2018-02-27 01:01:57,0.08416400,0.04100000
2018-02-27 01:01:58,0.08424700,0.05300000
2018-02-27 01:01:58,0.08424700,1.18400000
2018-02-27 01:01:58,0.08424700,1.52400000
2018-02-27 01:01:59,0.08424800,2.37800000
2018-02-27 01:02:00,0.08416600,0.04300000
2018-02-27 01:02:01,0.08423900,0.29100000
2018-02-27 01:02:02,0.08416600,0.12800000
2018-02-27 01:02:03,0.08424000,1.13800000
2018-02-27 01:02:04,0.08424000,0.38500000
2018-02-27 01:02:04,0.08416600,0.23500000
2018-02-27 01:02:04,0.08416600,0.31400000
2018-02-27 01:02:04,0.08416600,0.10000000
2018-02-27 01:02:05,0.08424000,0.44000000
2018-02-27 01:02:06,0.08424800,0.54100000
2018-02-27 01:02:07,0.08424800,0.12800000
2018-02-27 01:02:07,0.08416800,0.07300000
2018-02-27 01:02:09,0.08416900,0.05600000
2018-02-27 01:02:09,0.08416600,0.27100000
2018-02-27 01:02:09,0.08424800,0.06400000
2018-02-27 01:02:10,0.08424800,0.05500000
2018-02-27 01:02:10,0.08424800,0.00200000
2018-02-27 01:02:10,0.08424900,0.05400000
2018-02-27 01:02:10,0.08424900,0.11200000
2018-02-27 01:02:10,0.08424900,0.04000000
2018-02-27 01:02:10,0.08424900,0.04800000
2018-02-27 01:02:10,0.08416700,0.06400000
2018-02-27 01:02:11,0.08424900,0.10100000
2018-02-27 01:02:11,0.08424900,0.00400000
2018-02-27 01:02:11,0.08425000,0.10000000
2018-02-27 01:02:11,0.08425000,0.10400000
2018-02-27 01:02:11,0.08425000,1.05300000
2018-02-27 01:02:11,0.08425000,1.28100000
2018-02-27 01:02:11,0.08425200,0.02000000
2018-02-27 01:02:11,0.08426100,0.20200000
2018-02-27 01:02:11,0.08430500,0.26100000
2018-02-27 01:02:14,0.08430000,0.04000000
2018-02-27 01:02:15,0.08418300,0.04900000
2018-02-27 01:02:15,0.08418400,0.05700000
2018-02-27 01:02:15,0.08418300,0.04300000
2018-02-27 01:02:15,0.08429800,1.15600000
2018-02-27 01:02:15,0.08429800,0.23000000
2018-02-27 01:02:17,0.08422100,0.08100000
2018-02-27 01:02:17,0.08422100,0.03700000
2018-02-27 01:02:17,0.08422100,0.31000000
2018-02-27 01:02:18,0.08422200,0.02000000
2018-02-27 01:02:18,0.08422100,0.29000000
2018-02-27 01:02:20,0.08422100,0.31000000
2018-02-27 01:02:20,0.08422100,0.11500000
2018-02-27 01:02:20,0.08422100,0.05500000
2018-02-27 01:02:21,0.08422100,0.19900000
2018-02-27 01:02:21,0.08422100,0.05100000
2018-02-27 01:02:21,0.08422100,0.79200000
2018-02-27 01:02:21,0.08419300,0.05000000
2018-02-27 01:02:21,0.08420600,0.04800000
2018-02-27 01:02:21,0.08420600,0.06300000
2018-02-27 01:02:22,0.08420600,0.20800000
2018-02-27 01:02:22,0.08420600,0.00100000
2018-02-27 01:02:22,0.08428900,0.19000000
2018-02-27 01:02:22,0.08428900,0.08400000
2018-02-27 01:02:22,0.08428900,0.04500000
2018-02-27 01:02:22,0.08428900,0.20800000
2018-02-27 01:02:22,0.08428900,0.02700000
2018-02-27 01:02:22,0.08429000,0.13000000
2018-02-27 01:02:22,0.08429100,0.04500000
2018-02-27 01:02:22,0.08429100,0.20300000
2018-02-27 01:02:22,0.08420000,0.04000000
2018-02-27 01:02:23,0.08420300,0.04400000
2018-02-27 01:02:23,0.08420300,0.08800000
2018-02-27 01:02:23,0.08420300,0.74400000
2018-02-27 01:02:23,0.08420400,0.11000000
2018-02-27 01:02:24,0.08420400,0.01900000
2018-02-27 01:02:24,0.08420400,0.00100000
2018-02-27 01:02:24,0.08420400,0.06600000
2018-02-27 01:02:24,0.08420500,0.05800000
2018-02-27 01:02:25,0.08420500,0.09200000
2018-02-27 01:02:25,0.08420500,0.04000000
2018-02-27 01:02:25,0.08420600,0.14900000
2018-02-27 01:02:25,0.08420600,0.05100000
2018-02-27 01:02:25,0.08416500,0.04900000
2018-02-27 01:02:26,0.08420600,0.06600000
2018-02-27 01:02:26,0.08420600,0.11300000
2018-02-27 01:02:26,0.08420600,0.12000000
2018-02-27 01:02:26,0.08419400,0.03000000
2018-02-27 01:02:27,0.08428800,0.34400000
2018-02-27 01:02:27,0.08428900,0.02500000
2018-02-27 01:02:27,0.08420100,0.09000000
2018-02-27 01:02:28,0.08420700,0.14500000
2018-02-27 01:02:28,0.08420600,0.66800000
2018-02-27 01:02:29,0.08420700,0.04000000
2018-02-27 01:02:30,0.08420800,0.11900000
2018-02-27 01:02:30,0.08420800,0.03000000
2018-02-27 01:02:30,0.08420800,0.04500000
2018-02-27 01:02:31,0.08420800,0.04600000
2018-02-27 01:02:31,0.08420700,0.93600000
2018-02-27 01:02:31,0.08420800,0.05000000
2018-02-27 01:02:31,0.08420800,0.05000000
2018-02-27 01:02:31,0.08420600,0.04900000
2018-02-27 01:02:32,0.08420800,0.11900000
2018-02-27 01:02:32,0.08420800,0.00100000
2018-02-27 01:02:32,0.08428600,0.11800000
2018-02-27 01:02:32,0.08428600,0.11900000
2018-02-27 01:02:32,0.08421000,0.03900000
2018-02-27 01:02:32,0.08421000,0.00100000
2018-02-27 01:02:32,0.08428600,0.03800000
2018-02-27 01:02:32,0.08428600,0.03900000
2018-02-27 01:02:32,0.08428600,0.03600000
2018-02-27 01:02:33,0.08420800,0.04000000
2018-02-27 01:02:33,0.08420800,0.09900000
2018-02-27 01:02:33,0.08420800,0.10100000
2018-02-27 01:02:33,0.08420600,0.27900000
2018-02-27 01:02:33,0.08420600,0.10000000
2018-02-27 01:02:33,0.08420800,0.02000000
2018-02-27 01:02:33,0.08420600,0.26400000
2018-02-27 01:02:34,0.08420800,0.03000000
2018-02-27 01:02:35,0.08420600,0.05100000
2018-02-27 01:02:35,0.08420600,0.01200000
2018-02-27 01:02:36,0.08420600,0.50000000
2018-02-27 01:02:36,0.08420600,0.09000000
2018-02-27 01:02:36,0.08420600,0.10000000
2018-02-27 01:02:36,0.08420600,0.64700000
2018-02-27 01:02:37,0.08420600,1.19000000
2018-02-27 01:02:37,0.08420600,0.76300000
2018-02-27 01:02:37,0.08420600,0.28600000
2018-02-27 01:02:37,0.08420600,0.00100000
2018-02-27 01:02:37,0.08419800,0.10000000
2018-02-27 01:02:37,0.08419100,0.08300000
2018-02-27 01:02:37,0.08417900,0.02200000
2018-02-27 01:02:37,0.08419100,0.12500000
2018-02-27 01:02:38,0.08417900,0.03100000
2018-02-27 01:02:38,0.08416500,1.28800000
2018-02-27 01:02:38,0.08416500,0.61600000
2018-02-27 01:02:38,0.08417900,0.06100000
2018-02-27 01:02:38,0.08416500,0.35900000
2018-02-27 01:02:39,0.08416500,0.68700000
2018-02-27 01:02:39,0.08417800,0.06300000
2018-02-27 01:02:40,0.08417800,0.03200000
2018-02-27 01:02:42,0.08416500,0.16200000
2018-02-27 01:02:42,0.08417800,0.14300000
2018-02-27 01:02:43,0.08416500,0.06700000
2018-02-27 01:02:44,0.08416500,0.06400000
2018-02-27 01:02:45,0.08416600,0.15600000
2018-02-27 01:02:46,0.08416600,0.10000000
2018-02-27 01:02:46,0.08416600,0.36100000
2018-02-27 01:02:46,0.08416500,3.57500000
2018-02-27 01:02:46,0.08416500,0.36200000
2018-02-27 01:02:47,0.08416500,0.03000000
2018-02-27 01:02:48,0.08416500,0.04300000
2018-02-27 01:02:48,0.08416500,0.04200000
2018-02-27 01:02:50,0.08416500,0.05600000
2018-02-27 01:02:51,0.08416500,0.08100000
2018-02-27 01:02:53,0.08416500,0.03900000
2018-02-27 01:02:54,0.08416500,1.22400000
2018-02-27 01:02:55,0.08416500,0.12700000
2018-02-27 01:02:55,0.08416500,1.19100000
2018-02-27 01:02:55,0.08416500,0.22100000
2018-02-27 01:02:57,0.08416500,0.00100000
2018-02-27 01:02:57,0.08416400,0.03900000
2018-02-27 01:02:57,0.08415600,0.06000000
2018-02-27 01:02:58,0.08417800,0.02400000
2018-02-27 01:02:58,0.08417800,0.03200000
2018-02-27 01:02:58,0.08417800,1.18700000
2018-02-27 01:02:58,0.08417800,0.14200000
2018-02-27 01:02:58,0.08416600,0.15800000
2018-02-27 01:02:58,0.08417800,0.03600000
2018-02-27 01:02:58,0.08417800,1.18400000
2018-02-27 01:02:58,0.08417800,0.08700000
2018-02-27 01:02:58,0.08417800,1.18500000
2018-02-27 01:02:58,0.08417800,0.57000000
2018-02-27 01:02:58,0.08417800,0.24100000
2018-02-27 01:02:58,0.08417800,0.31300000
2018-02-27 01:02:58,0.08417900,0.00100000
2018-02-27 01:02:58,0.08419100,0.00100000
2018-02-27 01:02:58,0.08426200,0.13000000
2018-02-27 01:02:58,0.08426300,0.13700000
2018-02-27 01:02:58,0.08427100,0.88300000
2018-02-27 01:02:58,0.08427400,0.69900000
2018-02-27 01:02:58,0.08428100,0.05300000
2018-02-27 01:02:58,0.08428800,0.13700000
2018-02-27 01:02:58,0.08428900,0.08700000
2018-02-27 01:02:58,0.08429000,0.05200000
2018-02-27 01:02:58,0.08429000,0.22900000
2018-02-27 01:02:58,0.08430400,0.07100000
2018-02-27 01:02:58,0.08430600,0.11900000
2018-02-27 01:02:58,0.08430900,0.02000000
2018-02-27 01:02:58,0.08432100,0.01500000
2018-02-27 01:02:58,0.08432200,0.41500000
2018-02-27 01:02:58,0.08432200,0.60500000
2018-02-27 01:02:58,0.08433300,0.01200000
2018-02-27 01:02:58,0.08433900,0.05700000
2018-02-27 01:02:58,0.08434200,0.06300000
2018-02-27 01:02:58,0.08435000,1.38400000
2018-02-27 01:02:58,0.08435000,0.55300000
2018-02-27 01:02:58,0.08435000,1.12300000
2018-02-27 01:02:58,0.08417400,0.10700000
2018-02-27 01:02:58,0.08417500,0.01400000
2018-02-27 01:02:59,0.08417500,0.56400000
2018-02-27 01:02:59,0.08417500,0.35400000
2018-02-27 01:03:01,0.08418500,0.13000000
2018-02-27 01:03:01,0.08418400,0.39300000
2018-02-27 01:03:02,0.08430300,0.02000000
2018-02-27 01:03:02,0.08419000,0.08000000
2018-02-27 01:03:02,0.08419000,0.05800000
2018-02-27 01:03:02,0.08419000,0.11800000
2018-02-27 01:03:03,0.08429800,0.09300000
2018-02-27 01:03:03,0.08429800,0.06400000
2018-02-27 01:03:04,0.08429700,0.05600000
2018-02-27 01:03:04,0.08419400,0.31000000
2018-02-27 01:03:04,0.08429600,0.00100000
2018-02-27 01:03:05,0.08419700,0.32000000
2018-02-27 01:03:06,0.08419900,0.02000000
2018-02-27 01:03:07,0.08419800,1.94100000
2018-02-27 01:03:07,0.08428900,0.27100000
2018-02-27 01:03:07,0.08428800,0.12900000
2018-02-27 01:03:07,0.08428700,0.01900000
2018-02-27 01:03:07,0.08419900,0.10000000
2018-02-27 01:03:08,0.08419900,0.22000000
2018-02-27 01:03:09,0.08428700,0.35100000
2018-02-27 01:03:09,0.08420200,0.12900000
2018-02-27 01:03:09,0.08420100,0.40000000
2018-02-27 01:03:09,0.08420000,0.02000000
2018-02-27 01:03:09,0.08419900,0.52900000
2018-02-27 01:03:09,0.08419900,0.02200000
2018-02-27 01:03:09,0.08419700,0.15600000
2018-02-27 01:03:09,0.08419700,0.02200000
2018-02-27 01:03:09,0.08419500,0.09800000
2018-02-27 01:03:10,0.08419500,0.64000000
2018-02-27 01:03:11,0.08419600,0.10000000
2018-02-27 01:03:11,0.08419600,0.00100000
2018-02-27 01:03:12,0.08419600,0.02300000
2018-02-27 01:03:12,0.08419600,0.04000000
2018-02-27 01:03:13,0.08419600,0.36400000
2018-02-27 01:03:14,0.08427700,0.12900000
2018-02-27 01:03:15,0.08419600,0.01000000
2018-02-27 01:03:15,0.08418800,0.01300000
2018-02-27 01:03:15,0.08421100,0.10800000
2018-02-27 01:03:15,0.08421100,0.01400000
2018-02-27 01:03:16,0.08421100,0.50000000
2018-02-27 01:03:16,0.08421100,0.40300000
2018-02-27 01:03:17,0.08427600,1.21200000
2018-02-27 01:03:17,0.08421200,0.12900000
2018-02-27 01:03:17,0.08421100,0.18100000
2018-02-27 01:03:18,0.08421100,0.10000000
2018-02-27 01:03:18,0.08421100,0.07000000
2018-02-27 01:03:19,0.08427000,0.25700000
2018-02-27 01:03:19,0.08421100,0.03400000
2018-02-27 01:03:20,0.08421100,0.05000000
2018-02-27 01:03:20,0.08421100,0.00500000
2018-02-27 01:03:21,0.08421100,0.05000000
2018-02-27 01:03:22,0.08421100,0.11900000
2018-02-27 01:03:22,0.08427400,0.11900000
2018-02-27 01:03:22,0.08421200,0.11800000
2018-02-27 01:03:24,0.08427400,0.11000000
2018-02-27 01:03:25,0.08421300,0.11000000
2018-02-27 01:03:25,0.08427300,0.04500000
2018-02-27 01:03:25,0.08421300,0.00100000
2018-02-27 01:03:25,0.08421100,0.07900000
2018-02-27 01:03:26,0.08421100,0.01400000
2018-02-27 01:03:26,0.08421100,0.18800000
2018-02-27 01:03:26,0.08421100,0.08000000
2018-02-27 01:03:27,0.08421100,0.18800000
2018-02-27 01:03:27,0.08421100,0.18800000
2018-02-27 01:03:27,0.08421100,0.01500000
2018-02-27 01:03:27,0.08427300,0.00200000
2018-02-27 01:03:27,0.08427400,0.12000000
2018-02-27 01:03:27,0.08427400,0.27900000
2018-02-27 01:03:27,0.08427400,0.08000000
2018-02-27 01:03:28,0.08427400,0.08500000
2018-02-27 01:03:28,0.08427400,0.09900000
2018-02-27 01:03:28,0.08427400,0.18800000
2018-02-27 01:03:28,0.08427400,0.32200000
2018-02-27 01:03:28,0.08427500,0.73400000
2018-02-27 01:03:28,0.08427400,0.01200000
2018-02-27 01:03:28,0.08427400,0.06200000
2018-02-27 01:03:28,0.08427400,0.18800000
2018-02-27 01:03:28,0.08427400,0.44900000
2018-02-27 01:03:28,0.08421100,0.18700000
2018-02-27 01:03:28,0.08421200,0.10000000
2018-02-27 01:03:29,0.08421200,0.01900000
2018-02-27 01:03:29,0.08421200,0.00100000
2018-02-27 01:03:29,0.08421100,0.03900000
2018-02-27 01:03:30,0.08421200,0.08000000
2018-02-27 01:03:30,0.08421200,0.00500000
2018-02-27 01:03:30,0.08421200,0.05500000
2018-02-27 01:03:31,0.08421100,0.16800000
2018-02-27 01:03:31,0.08421100,0.18800000
2018-02-27 01:03:31,0.08421100,0.20000000
2018-02-27 01:03:31,0.08421100,0.02500000
2018-02-27 01:03:32,0.08421100,0.07800000
2018-02-27 01:03:32,0.08420200,0.22400000
2018-02-27 01:03:32,0.08420200,0.07700000
2018-02-27 01:03:33,0.08427700,1.18400000
2018-02-27 01:03:33,0.08427700,0.78000000
2018-02-27 01:03:33,0.08420200,0.10500000
2018-02-27 01:03:36,0.08428000,0.37800000
2018-02-27 01:03:38,0.08420200,0.11200000
2018-02-27 01:03:39,0.08420200,0.10000000
2018-02-27 01:03:39,0.08427900,1.11000000
2018-02-27 01:03:39,0.08420200,0.07400000
2018-02-27 01:03:39,0.08420200,0.35700000
2018-02-27 01:03:40,0.08420200,0.35700000
2018-02-27 01:03:40,0.08420200,0.07500000
2018-02-27 01:03:40,0.08420200,0.35700000
2018-02-27 01:03:40,0.08427900,0.56900000
2018-02-27 01:03:40,0.08420200,0.12300000
2018-02-27 01:03:40,0.08420300,0.11300000
2018-02-27 01:03:40,0.08420300,0.01700000
2018-02-27 01:03:40,0.08420200,0.04400000
2018-02-27 01:03:40,0.08420200,0.23800000
2018-02-27 01:03:41,0.08420200,0.23800000
2018-02-27 01:03:41,0.08420200,0.23800000
2018-02-27 01:03:41,0.08420200,0.23800000
2018-02-27 01:03:41,0.08427900,0.00500000
2018-02-27 01:03:42,0.08420200,0.05900000
2018-02-27 01:03:43,0.08420200,0.23200000
2018-02-27 01:03:43,0.08420200,0.11900000
2018-02-27 01:03:43,0.08420200,0.32700000
2018-02-27 01:03:43,0.08420200,0.34100000
2018-02-27 01:03:43,0.08420200,0.09600000
2018-02-27 01:03:43,0.08420200,0.04900000
2018-02-27 01:03:44,0.08420200,0.06500000
2018-02-27 01:03:44,0.08420200,1.29500000
2018-02-27 01:03:44,0.08427900,0.12400000
2018-02-27 01:03:45,0.08427900,0.03000000
2018-02-27 01:03:46,0.08420200,0.96000000
2018-02-27 01:03:48,0.08427900,0.22400000
2018-02-27 01:03:48,0.08427900,0.03900000
2018-02-27 01:03:48,0.08420200,0.16600000
2018-02-27 01:03:49,0.08420200,0.10000000
2018-02-27 01:03:50,0.08427900,0.05000000
2018-02-27 01:03:51,0.08420200,0.07000000
2018-02-27 01:03:52,0.08427900,0.52400000
2018-02-27 01:03:52,0.08420200,0.28700000
2018-02-27 01:03:52,0.08420200,0.20100000
2018-02-27 01:03:52,0.08420200,0.41300000
2018-02-27 01:03:54,0.08427900,0.01200000
2018-02-27 01:03:54,0.08427900,0.04500000
2018-02-27 01:03:54,0.08420200,1.18700000
2018-02-27 01:03:54,0.08420200,0.16100000
2018-02-27 01:03:54,0.08420200,0.03100000
2018-02-27 01:03:55,0.08427900,1.02800000
2018-02-27 01:03:55,0.08427900,2.61100000
2018-02-27 01:03:55,0.08420200,0.55000000
2018-02-27 01:03:55,0.08419800,0.06000000
2018-02-27 01:03:55,0.08419600,1.03800000
2018-02-27 01:03:55,0.08419600,0.54900000
2018-02-27 01:03:56,0.08419600,0.63200000
2018-02-27 01:03:57,0.08419700,0.06400000
2018-02-27 01:03:58,0.08419700,0.06500000
2018-02-27 01:03:59,0.08427900,0.30300000
2018-02-27 01:03:59,0.08419800,0.02400000
2018-02-27 01:04:00,0.08419900,0.10000000
2018-02-27 01:04:00,0.08427900,0.03100000
2018-02-27 01:04:00,0.08419900,0.00600000
2018-02-27 01:04:00,0.08419600,0.00500000
2018-02-27 01:04:01,0.08427900,0.10600000
2018-02-27 01:04:01,0.08419700,0.02200000
2018-02-27 01:04:02,0.08428000,0.14900000
2018-02-27 01:04:02,0.08428000,0.32900000
2018-02-27 01:04:03,0.08428000,0.00100000
2018-02-27 01:04:03,0.08428300,0.02300000
2018-02-27 01:04:03,0.08428400,1.18300000
2018-02-27 01:04:03,0.08428400,1.47300000
2018-02-27 01:04:03,0.08429900,0.10100000
2018-02-27 01:04:03,0.08430000,0.12900000
2018-02-27 01:04:03,0.08430100,0.02000000
2018-02-27 01:04:03,0.08430900,0.13000000
2018-02-27 01:04:03,0.08431800,0.41000000
2018-02-27 01:04:03,0.08430100,0.02000000
2018-02-27 01:04:03,0.08430100,0.02000000
2018-02-27 01:04:03,0.08430100,0.02000000
2018-02-27 01:04:03,0.08430100,0.01900000
2018-02-27 01:04:06,0.08421100,0.05000000
2018-02-27 01:04:06,0.08421200,0.01700000
2018-02-27 01:04:07,0.08421600,0.03000000
2018-02-27 01:04:08,0.08431700,0.03000000
2018-02-27 01:04:08,0.08431800,0.40000000
2018-02-27 01:04:08,0.08432400,0.02000000
2018-02-27 01:04:08,0.08433300,0.07100000
2018-02-27 01:04:08,0.08422100,0.03000000
2018-02-27 01:04:09,0.08422200,0.03100000
2018-02-27 01:04:09,0.08422200,0.08700000
2018-02-27 01:04:10,0.08422500,0.06800000
2018-02-27 01:04:10,0.08422500,0.09700000
2018-02-27 01:04:10,0.08422500,0.06000000
2018-02-27 01:04:10,0.08422600,0.10000000
2018-02-27 01:04:11,0.08422700,0.26700000
2018-02-27 01:04:11,0.08423000,0.06000000
2018-02-27 01:04:12,0.08423000,0.11100000
2018-02-27 01:04:12,0.08423100,0.01300000
2018-02-27 01:04:12,0.08423100,0.07000000
2018-02-27 01:04:12,0.08423000,0.04800000
2018-02-27 01:04:12,0.08423000,0.05900000
2018-02-27 01:04:13,0.08423100,0.04000000
2018-02-27 01:04:13,0.08423100,0.15700000
2018-02-27 01:04:14,0.08423200,0.01900000
2018-02-27 01:04:14,0.08423200,0.00100000
2018-02-27 01:04:14,0.08423100,0.49900000
2018-02-27 01:04:15,0.08423200,0.01000000
2018-02-27 01:04:15,0.08423200,0.01000000
2018-02-27 01:04:15,0.08423000,0.01000000
2018-02-27 01:04:16,0.08431000,0.21900000
2018-02-27 01:04:16,0.08431000,0.06000000
2018-02-27 01:04:17,0.08423100,1.18700000
2018-02-27 01:04:17,0.08423000,4.99000000
2018-02-27 01:04:17,0.08422600,0.02000000
2018-02-27 01:04:18,0.08421500,0.61600000
2018-02-27 01:04:18,0.08429900,0.05400000
2018-02-27 01:04:18,0.08421500,0.00100000
2018-02-27 01:04:18,0.08421100,0.01900000
2018-02-27 01:04:18,0.08422400,0.01200000
2018-02-27 01:04:18,0.08422400,0.04700000
2018-02-27 01:04:18,0.08429900,0.01100000
2018-02-27 01:04:19,0.08421100,0.24700000
2018-02-27 01:04:20,0.08421200,0.34000000
2018-02-27 01:04:20,0.08421200,0.75200000
2018-02-27 01:04:20,0.08420300,0.06500000
2018-02-27 01:04:21,0.08420300,1.06800000
2018-02-27 01:04:21,0.08420300,0.00100000
2018-02-27 01:04:21,0.08420200,0.09900000
2018-02-27 01:04:22,0.08420200,1.18700000
2018-02-27 01:04:22,0.08420200,2.41100000
2018-02-27 01:04:25,0.08428900,0.03100000
2018-02-27 01:04:27,0.08420200,1.07200000
2018-02-27 01:04:27,0.08427900,0.07100000
2018-02-27 01:04:27,0.08420200,0.01400000
2018-02-27 01:04:27,0.08427900,1.07500000
2018-02-27 01:04:28,0.08427800,3.61900000
2018-02-27 01:04:29,0.08420200,0.72500000
2018-02-27 01:04:29,0.08427800,0.00100000
2018-02-27 01:04:29,0.08427900,0.00100000
2018-02-27 01:04:29,0.08428700,0.00800000
2018-02-27 01:04:30,0.08428700,0.14100000
2018-02-27 01:04:30,0.08428800,0.00600000
2018-02-27 01:04:30,0.08420300,0.12800000
2018-02-27 01:04:31,0.08420300,0.00100000
2018-02-27 01:04:31,0.08420200,0.09900000
2018-02-27 01:04:32,0.08420200,0.98400000
2018-02-27 01:04:32,0.08428500,0.02000000
2018-02-27 01:04:32,0.08428600,0.46300000
2018-02-27 01:04:32,0.08428500,0.02000000
2018-02-27 01:04:32,0.08428600,0.09400000
2018-02-27 01:04:32,0.08420200,0.00100000
2018-02-27 01:04:32,0.08420200,0.05600000
2018-02-27 01:04:32,0.08428500,0.02000000
2018-02-27 01:04:32,0.08428600,0.02400000
2018-02-27 01:04:33,0.08419700,0.14700000
2018-02-27 01:04:33,0.08419700,0.00100000
2018-02-27 01:04:33,0.08419600,0.13300000
2018-02-27 01:04:33,0.08419700,0.02000000
2018-02-27 01:04:34,0.08419700,0.02000000
2018-02-27 01:04:34,0.08419800,0.02000000
2018-02-27 01:04:35,0.08419800,0.03800000
2018-02-27 01:04:35,0.08419800,0.00100000
2018-02-27 01:04:35,0.08419600,0.01700000
2018-02-27 01:04:35,0.08419600,1.12500000
2018-02-27 01:04:35,0.08419600,0.00100000
2018-02-27 01:04:35,0.08418800,0.04000000
2018-02-27 01:04:35,0.08417800,1.08400000
2018-02-27 01:04:36,0.08428100,1.93700000
2018-02-27 01:04:37,0.08428000,1.08300000
2018-02-27 01:04:37,0.08427900,0.11800000
2018-02-27 01:04:37,0.08427900,0.47800000
2018-02-27 01:04:38,0.08427900,0.02000000
2018-02-27 01:04:38,0.08427900,0.00100000
2018-02-27 01:04:38,0.08428100,0.01900000
2018-02-27 01:04:38,0.08427900,0.01900000
2018-02-27 01:04:40,0.08422000,0.03800000
2018-02-27 01:04:40,0.08428900,0.48700000
2018-02-27 01:04:40,0.08422000,0.04900000
2018-02-27 01:04:41,0.08428900,0.18900000
2018-02-27 01:04:42,0.08422100,0.10000000
2018-02-27 01:04:44,0.08422200,0.02800000
2018-02-27 01:04:44,0.08422200,0.00100000
2018-02-27 01:04:44,0.08422000,0.04900000
2018-02-27 01:04:45,0.08422000,1.41500000
2018-02-27 01:04:45,0.08428800,0.07600000
2018-02-27 01:04:45,0.08422200,0.02400000
2018-02-27 01:04:45,0.08422000,0.09400000
2018-02-27 01:04:45,0.08422000,0.09900000
2018-02-27 01:04:46,0.08428700,0.43100000
2018-02-27 01:04:46,0.08422000,0.06300000
2018-02-27 01:04:46,0.08422000,0.00700000
2018-02-27 01:04:46,0.08418200,0.02000000
2018-02-27 01:04:46,0.08417100,0.07700000
2018-02-27 01:04:46,0.08417000,0.11900000
2018-02-27 01:04:46,0.08416300,0.10600000
2018-02-27 01:04:47,0.08423900,0.01800000
2018-02-27 01:04:47,0.08423900,0.00300000
2018-02-27 01:04:47,0.08428700,0.01700000
2018-02-27 01:04:47,0.08428700,0.02000000
2018-02-27 01:04:47,0.08428700,0.02000000
2018-02-27 01:04:47,0.08428600,0.07800000
2018-02-27 01:04:47,0.08428700,0.16300000
2018-02-27 01:04:47,0.08428800,0.28800000
2018-02-27 01:04:52,0.08419600,0.07800000
2018-02-27 01:04:52,0.08419500,0.02200000
2018-02-27 01:04:54,0.08428200,0.01900000
2018-02-27 01:04:55,0.08428100,1.96400000
2018-02-27 01:04:56,0.08428000,0.01900000
2018-02-27 01:04:56,0.08428000,0.00100000
2018-02-27 01:04:56,0.08428100,2.04400000
2018-02-27 01:04:56,0.08428600,0.15000000
2018-02-27 01:04:56,0.08428800,0.02000000
2018-02-27 01:04:57,0.08428800,0.03000000
2018-02-27 01:04:57,0.08428800,0.02000000
2018-02-27 01:04:57,0.08428800,0.02000000
2018-02-27 01:04:57,0.08428800,0.03000000
2018-02-27 01:04:57,0.08428800,0.10000000
2018-02-27 01:04:57,0.08428800,0.03000000
2018-02-27 01:04:57,0.08428800,0.02000000
2018-02-27 01:04:57,0.08428800,0.02000000
2018-02-27 01:04:57,0.08428800,0.10000000
2018-02-27 01:04:57,0.08428800,0.02000000
2018-02-27 01:04:57,0.08428800,0.02000000
2018-02-27 01:04:57,0.08428800,0.10000000
2018-02-27 01:04:57,0.08428800,0.06300000
2018-02-27 01:04:57,0.08428800,0.58200000
2018-02-27 01:04:58,0.08428800,0.63200000
2018-02-27 01:04:58,0.08428800,0.00100000
2018-02-27 01:04:58,0.08419600,0.19800000
2018-02-27 01:04:58,0.08428900,0.00100000
2018-02-27 01:04:59,0.08428800,0.01000000
2018-02-27 01:05:01,0.08420400,0.05800000
2018-02-27 01:05:02,0.08428900,0.05700000
2018-02-27 01:05:02,0.08428900,0.09600000
2018-02-27 01:05:03,0.08421000,0.07200000
2018-02-27 01:05:03,0.08420900,0.02800000
2018-02-27 01:05:04,0.08428900,0.83400000
2018-02-27 01:05:04,0.08428800,0.12900000
2018-02-27 01:05:04,0.08420900,0.00100000
2018-02-27 01:05:05,0.08421100,0.12900000
2018-02-27 01:05:05,0.08421000,0.27100000
2018-02-27 01:05:06,0.08421000,0.07000000
2018-02-27 01:05:06,0.08428800,0.12800000
2018-02-27 01:05:07,0.08420400,0.03500000
2018-02-27 01:05:07,0.08419600,0.02800000
2018-02-27 01:05:07,0.08419500,0.03700000
2018-02-27 01:05:07,0.08428800,0.07000000
2018-02-27 01:05:08,0.08428800,0.01900000
2018-02-27 01:05:08,0.08420000,0.05900000
2018-02-27 01:05:08,0.08419800,0.04400000
2018-02-27 01:05:08,0.08428700,0.26700000
2018-02-27 01:05:09,0.08428600,0.01800000
2018-02-27 01:05:09,0.08428600,0.00200000
2018-02-27 01:05:09,0.08428700,0.01700000
2018-02-27 01:05:10,0.08428000,0.05500000
2018-02-27 01:05:10,0.08419900,0.02200000
2018-02-27 01:05:11,0.08420100,0.13600000
2018-02-27 01:05:11,0.08420200,0.06100000
2018-02-27 01:05:11,0.08421000,0.12300000
2018-02-27 01:05:11,0.08421000,0.16000000
2018-02-27 01:05:11,0.08421000,0.02100000
2018-02-27 01:05:11,0.08421000,0.06100000
2018-02-27 01:05:11,0.08428000,0.00500000
2018-02-27 01:05:11,0.08428600,0.04500000
2018-02-27 01:05:11,0.08428700,0.13000000
2018-02-27 01:05:12,0.08428700,0.07500000
2018-02-27 01:05:12,0.08428600,0.08200000
2018-02-27 01:05:12,0.08428600,0.00100000
2018-02-27 01:05:12,0.08428700,0.08200000
2018-02-27 01:05:13,0.08420300,0.01500000
2018-02-27 01:05:13,0.08420300,0.03000000
2018-02-27 01:05:13,0.08420400,0.04200000
2018-02-27 01:05:13,0.08428700,0.05000000
2018-02-27 01:05:13,0.08420400,0.04200000
2018-02-27 01:05:13,0.08420400,0.00100000
2018-02-27 01:05:13,0.08420300,0.24700000
2018-02-27 01:05:13,0.08420300,0.10000000
2018-02-27 01:05:14,0.08420300,0.09500000
2018-02-27 01:05:14,0.08420300,0.01400000
2018-02-27 01:05:14,0.08428700,1.03800000
2018-02-27 01:05:14,0.08419800,0.05900000
2018-02-27 01:05:15,0.08420400,0.20800000
2018-02-27 01:05:16,0.08428600,0.12800000
2018-02-27 01:05:18,0.08428600,0.12000000
2018-02-27 01:05:18,0.08428600,0.02000000
2018-02-27 01:05:18,0.08428600,0.10000000
2018-02-27 01:05:19,0.08420700,0.12800000
2018-02-27 01:05:19,0.08420600,0.07000000
2018-02-27 01:05:19,0.08420700,0.02000000
2018-02-27 01:05:19,0.08420700,0.01800000
2018-02-27 01:05:19,0.08420700,0.01500000
2018-02-27 01:05:19,0.08428700,0.01700000
2018-02-27 01:05:19,0.08428700,0.03200000
2018-02-27 01:05:19,0.08428700,0.02700000
2018-02-27 01:05:19,0.08428700,0.03200000
2018-02-27 01:05:19,0.08428700,0.03200000
2018-02-27 01:05:19,0.08428700,0.03200000
2018-02-27 01:05:19,0.08428600,0.03200000
2018-02-27 01:05:20,0.08428600,0.09500000
2018-02-27 01:05:21,0.08420700,0.03300000
2018-02-27 01:05:21,0.08420700,0.03400000
2018-02-27 01:05:21,0.08420700,0.09300000
2018-02-27 01:05:22,0.08428800,0.03200000
2018-02-27 01:05:22,0.08428800,0.09400000
2018-02-27 01:05:23,0.08420900,0.29200000
2018-02-27 01:05:24,0.08420900,1.18800000
2018-02-27 01:05:24,0.08420900,2.43500000
2018-02-27 01:05:24,0.08420900,0.00100000
2018-02-27 01:05:24,0.08419900,0.09900000
2018-02-27 01:05:24,0.08419900,0.02900000
2018-02-27 01:05:24,0.08419500,0.08100000
2018-02-27 01:05:24,0.08419200,0.02000000
2018-02-27 01:05:24,0.08418000,0.00100000
2018-02-27 01:05:25,0.08420000,0.08000000
2018-02-27 01:05:25,0.08428800,0.01600000
2018-02-27 01:05:25,0.08428700,1.79300000
2018-02-27 01:05:25,0.08420100,0.01900000
2018-02-27 01:05:25,0.08428700,0.32300000
2018-02-27 01:05:25,0.08428700,0.53600000
2018-02-27 01:05:25,0.08428700,0.37900000
2018-02-27 01:05:25,0.08428700,0.38200000
2018-02-27 01:05:26,0.08419400,0.01600000
2018-02-27 01:05:26,0.08419300,0.00300000
2018-02-27 01:05:26,0.08428600,0.14000000
2018-02-27 01:05:26,0.08428700,0.09900000
2018-02-27 01:05:26,0.08428600,0.20000000
2018-02-27 01:05:26,0.08428700,2.75000000
2018-02-27 01:05:27,0.08428600,0.12000000
2018-02-27 01:05:27,0.08428700,0.30200000
2018-02-27 01:05:27,0.08420100,0.09600000
2018-02-27 01:05:27,0.08428600,0.10200000
2018-02-27 01:05:28,0.08428600,0.02400000
2018-02-27 01:05:28,0.08420100,0.00100000
2018-02-27 01:05:29,0.08419300,0.01600000
2018-02-27 01:05:29,0.08420100,0.05700000
2018-02-27 01:05:29,0.08420100,0.00100000
2018-02-27 01:05:29,0.08428600,0.03700000
2018-02-27 01:05:29,0.08428600,0.05700000
2018-02-27 01:05:29,0.08428600,0.02800000
2018-02-27 01:05:29,0.08428700,0.02900000
2018-02-27 01:05:29,0.08428700,0.05200000
2018-02-27 01:05:29,0.08428600,0.05500000
2018-02-27 01:05:29,0.08428700,0.31900000
2018-02-27 01:05:29,0.08428600,0.27500000
2018-02-27 01:05:31,0.08419700,0.12900000
2018-02-27 01:05:32,0.08419800,1.18800000
2018-02-27 01:05:32,0.08419900,0.02000000
2018-02-27 01:05:32,0.08419800,0.38300000
2018-02-27 01:05:32,0.08419900,0.02000000
2018-02-27 01:05:32,0.08419900,0.02000000
2018-02-27 01:05:33,0.08428500,0.05800000
2018-02-27 01:05:34,0.08419800,0.02100000
2018-02-27 01:05:34,0.08419700,0.00100000
2018-02-27 01:05:34,0.08419400,0.05900000
2018-02-27 01:05:34,0.08419300,0.01900000
2018-02-27 01:05:36,0.08426800,0.99100000
2018-02-27 01:05:37,0.08418900,0.05900000
2018-02-27 01:05:38,0.08426800,0.20200000
2018-02-27 01:05:38,0.08418900,0.03500000
2018-02-27 01:05:40,0.08418900,0.06000000
2018-02-27 01:05:40,0.08426800,0.00400000
2018-02-27 01:05:40,0.08428100,0.01800000
2018-02-27 01:05:40,0.08428100,0.00300000
2018-02-27 01:05:40,0.08428300,0.02000000
2018-02-27 01:05:40,0.08428300,0.02000000
2018-02-27 01:05:40,0.08428600,0.07100000
2018-02-27 01:05:40,0.08428300,0.02000000
2018-02-27 01:05:40,0.08428700,0.57600000
2018-02-27 01:05:41,0.08428200,1.18400000
2018-02-27 01:05:41,0.08428200,0.38500000
2018-02-27 01:05:42,0.08428200,0.01800000
2018-02-27 01:05:42,0.08419600,0.02600000
2018-02-27 01:05:42,0.08428600,0.99700000
2018-02-27 01:05:43,0.08428600,1.18400000
2018-02-27 01:05:43,0.08428600,2.80900000
2018-02-27 01:05:43,0.08428500,0.08500000
2018-02-27 01:05:43,0.08428500,0.00100000
2018-02-27 01:05:43,0.08428600,0.01000000
2018-02-27 01:05:43,0.08428700,0.54200000
2018-02-27 01:05:43,0.08428900,0.01200000
2018-02-27 01:05:43,0.08429000,0.05300000
2018-02-27 01:05:43,0.08430800,0.17800000
2018-02-27 01:05:44,0.08430800,0.29400000
2018-02-27 01:05:44,0.08428600,0.05600000
2018-02-27 01:05:44,0.08419800,0.04400000
2018-02-27 01:05:44,0.08419700,0.01100000
2018-02-27 01:05:44,0.08430700,0.44300000
2018-02-27 01:05:44,0.08431500,1.18700000
2018-02-27 01:05:44,0.08431600,0.52800000
2018-02-27 01:05:45,0.08428200,0.96400000
2018-02-27 01:05:45,0.08420200,0.10000000
2018-02-27 01:05:46,0.08420200,0.02900000
2018-02-27 01:05:47,0.08420500,0.12100000
2018-02-27 01:05:48,0.08420600,0.16800000
2018-02-27 01:05:48,0.08420600,0.07000000
2018-02-27 01:05:49,0.08420700,0.16800000
2018-02-27 01:05:49,0.08420700,0.27400000
2018-02-27 01:05:49,0.08420700,0.05900000
2018-02-27 01:05:50,0.08420800,0.06000000
2018-02-27 01:05:52,0.08420900,0.21900000
2018-02-27 01:05:52,0.08420900,0.14900000
2018-02-27 01:05:54,0.08421000,0.41000000
2018-02-27 01:05:54,0.08420600,0.03700000
2018-02-27 01:05:54,0.08420400,0.28100000
2018-02-27 01:05:54,0.08420200,0.00100000
2018-02-27 01:05:54,0.08419500,0.10000000
2018-02-27 01:05:54,0.08419500,0.02000000
2018-02-27 01:05:54,0.08419500,0.02000000
2018-02-27 01:05:54,0.08419500,0.02000000
2018-02-27 01:05:54,0.08419500,0.08300000
2018-02-27 01:05:54,0.08428200,0.00500000
2018-02-27 01:05:54,0.08431300,0.03800000
2018-02-27 01:05:54,0.08431300,0.04300000
2018-02-27 01:05:54,0.08431300,0.03100000
2018-02-27 01:05:55,0.08431300,0.18700000
2018-02-27 01:05:55,0.08431400,0.12100000
2018-02-27 01:05:55,0.08431500,0.22900000
2018-02-27 01:05:55,0.08421100,0.10000000
2018-02-27 01:05:55,0.08421100,0.09300000
2018-02-27 01:05:56,0.08421100,0.31000000
2018-02-27 01:05:56,0.08431200,0.14800000
2018-02-27 01:05:57,0.08421600,0.04000000
2018-02-27 01:05:58,0.08428200,1.18400000
2018-02-27 01:05:58,0.08428200,0.05800000
2018-02-27 01:05:58,0.08428200,3.74600000
2018-02-27 01:05:58,0.08431200,0.05200000
2018-02-27 01:05:58,0.08421700,0.31000000
2018-02-27 01:05:59,0.08431100,0.13000000
2018-02-27 01:05:59,0.08431200,0.30300000
2018-02-27 01:05:59,0.08431300,0.02000000
2018-02-27 01:05:59,0.08431500,0.59000000
2018-02-27 01:05:59,0.08431500,0.54500000
2018-02-27 01:05:59,0.08431500,0.12900000
2018-02-27 01:05:59,0.08422000,0.07700000
2018-02-27 01:05:59,0.08422000,0.12700000
2018-02-27 01:05:59,0.08431200,0.02000000
2018-02-27 01:05:59,0.08431500,1.08100000
2018-02-27 01:05:59,0.08431500,0.88800000
2018-02-27 01:06:00,0.08422200,0.10000000
2018-02-27 01:06:00,0.08422200,0.03000000
2018-02-27 01:06:00,0.08422100,0.08800000
2018-02-27 01:06:00,0.08422100,0.12900000
2018-02-27 01:06:00,0.08431000,0.01600000
2018-02-27 01:06:00,0.08422100,0.10200000
2018-02-27 01:06:00,0.08431000,0.06200000
2018-02-27 01:06:01,0.08422300,0.01900000
2018-02-27 01:06:01,0.08422400,0.19000000
2018-02-27 01:06:02,0.08429800,0.09400000
2018-02-27 01:06:02,0.08429800,0.99100000
2018-02-27 01:06:02,0.08422400,0.16600000
2018-02-27 01:06:03,0.08422500,0.05100000
2018-02-27 01:06:03,0.08422500,0.00600000
2018-02-27 01:06:03,0.08422200,0.05700000
2018-02-27 01:06:03,0.08422100,0.01700000
2018-02-27 01:06:03,0.08422100,0.01200000
2018-02-27 01:06:05,0.08422100,0.00600000
2018-02-27 01:06:05,0.08421200,0.02000000
2018-02-27 01:06:05,0.08421000,0.93300000
2018-02-27 01:06:05,0.08422200,0.13700000
2018-02-27 01:06:05,0.08421200,0.02000000
2018-02-27 01:06:05,0.08421000,0.80700000
2018-02-27 01:06:05,0.08421100,0.02000000
2018-02-27 01:06:05,0.08428900,0.11900000
2018-02-27 01:06:06,0.08421100,0.10000000
2018-02-27 01:06:06,0.08421100,0.01900000
2018-02-27 01:06:06,0.08421000,1.09500000
2018-02-27 01:06:07,0.08428900,0.01000000
2018-02-27 01:06:07,0.08429000,0.03800000
2018-02-27 01:06:07,0.08429700,0.08100000
2018-02-27 01:06:07,0.08429700,0.07300000
2018-02-27 01:06:07,0.08429600,0.09900000
2018-02-27 01:06:08,0.08429600,0.01800000
2018-02-27 01:06:08,0.08429600,0.00200000
2018-02-27 01:06:08,0.08429700,0.01700000
2018-02-27 01:06:08,0.08421100,0.20200000
2018-02-27 01:06:08,0.08421100,0.31000000
2018-02-27 01:06:09,0.08421100,1.18700000
2018-02-27 01:06:09,0.08429000,0.08200000
2018-02-27 01:06:09,0.08429000,0.00800000
2018-02-27 01:06:09,0.08429700,0.02000000
2018-02-27 01:06:09,0.08429800,0.06100000
2018-02-27 01:06:09,0.08421100,2.94200000
2018-02-27 01:06:09,0.08421000,2.16500000
2018-02-27 01:06:09,0.08421000,0.02000000
2018-02-27 01:06:09,0.08421000,0.35300000
2018-02-27 01:06:09,0.08421000,0.26600000
2018-02-27 01:06:09,0.08421000,0.00100000
2018-02-27 01:06:09,0.08429700,0.26500000
2018-02-27 01:06:09,0.08429700,0.08500000
2018-02-27 01:06:09,0.08429800,0.13000000
2018-02-27 01:06:09,0.08429600,0.05000000
2018-02-27 01:06:09,0.08429600,0.07900000
2018-02-27 01:06:09,0.08429700,0.02000000
2018-02-27 01:06:09,0.08429800,0.16700000
2018-02-27 01:06:09,0.08429700,0.02000000
2018-02-27 01:06:10,0.08420900,1.16900000
2018-02-27 01:06:10,0.08429700,0.02000000
2018-02-27 01:06:10,0.08429800,0.56800000
2018-02-27 01:06:10,0.08420800,0.17400000
2018-02-27 01:06:10,0.08429500,0.02000000
2018-02-27 01:06:10,0.08429600,3.97400000
2018-02-27 01:06:10,0.08429500,0.02000000
2018-02-27 01:06:10,0.08429500,0.02000000
2018-02-27 01:06:10,0.08421000,0.12900000
2018-02-27 01:06:10,0.08420900,0.77600000
2018-02-27 01:06:10,0.08421000,0.09100000
2018-02-27 01:06:10,0.08429500,0.02000000
2018-02-27 01:06:11,0.08429500,0.01800000
2018-02-27 01:06:11,0.08429500,0.00200000
2018-02-27 01:06:11,0.08429500,0.02000000
2018-02-27 01:06:11,0.08429500,0.05000000
2018-02-27 01:06:11,0.08429600,1.18000000
2018-02-27 01:06:11,0.08429400,0.12900000
2018-02-27 01:06:11,0.08429500,0.15000000
2018-02-27 01:06:11,0.08429500,0.15000000
2018-02-27 01:06:11,0.08429500,0.15000000
2018-02-27 01:06:11,0.08429700,0.02600000
2018-02-27 01:06:12,0.08428600,0.09100000
2018-02-27 01:06:12,0.08421100,0.03400000
2018-02-27 01:06:12,0.08421200,0.41000000
2018-02-27 01:06:13,0.08421200,0.09000000
2018-02-27 01:06:13,0.08428500,1.12900000
2018-02-27 01:06:13,0.08428400,0.50000000
2018-02-27 01:06:13,0.08428500,0.68100000
2018-02-27 01:06:13,0.08428600,0.00400000
2018-02-27 01:06:13,0.08431400,0.37500000
2018-02-27 01:06:14,0.08421300,1.16900000
2018-02-27 01:06:14,0.08428900,0.05000000
2018-02-27 01:06:14,0.08428900,0.45400000
2018-02-27 01:06:14,0.08428900,0.01700000
2018-02-27 01:06:14,0.08428900,0.65200000
2018-02-27 01:06:14,0.08422000,0.01500000
2018-02-27 01:06:15,0.08421700,0.13000000
2018-02-27 01:06:15,0.08421500,0.46500000
2018-02-27 01:06:16,0.08422000,0.01200000
2018-02-27 01:06:16,0.08422000,0.04000000
2018-02-27 01:06:16,0.08422000,0.03500000
2018-02-27 01:06:16,0.08422000,0.23200000
2018-02-27 01:06:16,0.08422100,0.10000000
2018-02-27 01:06:17,0.08422100,0.16000000
2018-02-27 01:06:17,0.08422000,0.02000000
2018-02-27 01:06:17,0.08421400,0.31400000
2018-02-27 01:06:18,0.08422100,0.02000000
2018-02-27 01:06:19,0.08422100,0.02000000
2018-02-27 01:06:19,0.08422100,0.02000000
2018-02-27 01:06:19,0.08422100,0.10000000
2018-02-27 01:06:20,0.08422100,0.20300000
2018-02-27 01:06:20,0.08422100,0.02000000
2018-02-27 01:06:21,0.08420900,0.22800000
2018-02-27 01:06:21,0.08420900,0.13200000
2018-02-27 01:06:21,0.08420900,0.22800000
2018-02-27 01:06:22,0.08430500,0.07000000
2018-02-27 01:06:22,0.08430600,0.07600000
2018-02-27 01:06:22,0.08421100,0.02000000
2018-02-27 01:06:23,0.08429500,0.50500000
2018-02-27 01:06:23,0.08421100,0.01900000
2018-02-27 01:06:24,0.08429000,0.32100000
2018-02-27 01:06:24,0.08429000,0.00900000
2018-02-27 01:06:24,0.08429500,0.00700000
2018-02-27 01:06:24,0.08430500,0.28700000
2018-02-27 01:06:24,0.08421200,0.02000000
2018-02-27 01:06:24,0.08420800,0.15200000
2018-02-27 01:06:25,0.08420900,0.29800000
2018-02-27 01:06:25,0.08430400,0.17000000
2018-02-27 01:06:25,0.08430600,0.36900000
2018-02-27 01:06:25,0.08430700,0.02000000
2018-02-27 01:06:25,0.08430700,0.02700000
2018-02-27 01:06:25,0.08430700,0.10000000
2018-02-27 01:06:25,0.08430700,0.02000000
2018-02-27 01:06:25,0.08430700,0.17600000
2018-02-27 01:06:25,0.08421000,0.11900000
2018-02-27 01:06:26,0.08421000,0.38700000
2018-02-27 01:06:26,0.08421000,0.02000000
2018-02-27 01:06:26,0.08421100,0.05000000
2018-02-27 01:06:27,0.08421100,0.32000000
2018-02-27 01:06:27,0.08420800,0.00100000
2018-02-27 01:06:27,0.08420500,0.03600000
2018-02-27 01:06:27,0.08421200,0.10000000
2018-02-27 01:06:27,0.08421200,0.04000000
2018-02-27 01:06:28,0.08421200,0.87300000
2018-02-27 01:06:28,0.08429800,0.13000000
2018-02-27 01:06:28,0.08429900,1.39600000
2018-02-27 01:06:28,0.08429900,0.00700000
2018-02-27 01:06:29,0.08421300,0.02000000
2018-02-27 01:06:31,0.08420700,0.03000000
2018-02-27 01:06:32,0.08421000,0.09900000
2018-02-27 01:06:32,0.08421000,0.00100000
2018-02-27 01:06:32,0.08420900,0.02000000
2018-02-27 01:06:32,0.08420800,0.58200000
2018-02-27 01:06:33,0.08429600,0.02700000
2018-02-27 01:06:33,0.08420500,0.01700000
2018-02-27 01:06:33,0.08419300,0.01200000
2018-02-27 01:06:33,0.08419300,0.00100000
2018-02-27 01:06:33,0.08429600,0.01100000
2018-02-27 01:06:33,0.08429600,0.01200000
2018-02-27 01:06:33,0.08429000,0.33900000
2018-02-27 01:06:33,0.08420600,0.19400000
2018-02-27 01:06:34,0.08419100,0.02900000
2018-02-27 01:06:34,0.08419100,0.00100000
2018-02-27 01:06:34,0.08418900,0.03300000
2018-02-27 01:06:35,0.08428900,1.18400000
2018-02-27 01:06:35,0.08428900,0.56900000
2018-02-27 01:06:35,0.08419300,0.01400000
2018-02-27 01:06:36,0.08428800,0.84400000
2018-02-27 01:06:36,0.08419300,0.08500000
2018-02-27 01:06:37,0.08428600,0.09100000
2018-02-27 01:06:37,0.08419400,0.02900000
2018-02-27 01:06:37,0.08419500,0.05700000
2018-02-27 01:06:37,0.08419600,0.09000000
2018-02-27 01:06:37,0.08419600,0.00200000
2018-02-27 01:06:37,0.08419500,0.09800000
2018-02-27 01:06:38,0.08428500,0.02700000
2018-02-27 01:06:38,0.08419500,0.51800000
2018-02-27 01:06:39,0.08428400,0.05600000
2018-02-27 01:06:39,0.08428300,0.05500000
2018-02-27 01:06:39,0.08428300,1.47800000
2018-02-27 01:06:39,0.08419600,0.02600000
2018-02-27 01:06:39,0.08419400,0.02600000
2018-02-27 01:06:39,0.08419400,0.00100000
2018-02-27 01:06:39,0.08418900,0.00200000
2018-02-27 01:06:39,0.08418600,0.61700000
2018-02-27 01:06:39,0.08416900,0.15000000
2018-02-27 01:06:39,0.08415300,0.01500000
2018-02-27 01:06:39,0.08415100,0.94000000
2018-02-27 01:06:40,0.08428300,0.15400000
2018-02-27 01:06:40,0.08428300,0.00100000
2018-02-27 01:06:40,0.08428400,0.14500000
2018-02-27 01:06:40,0.08428300,0.10000000
2018-02-27 01:06:40,0.08428400,0.45000000
2018-02-27 01:06:41,0.08428200,0.12800000
2018-02-27 01:06:41,0.08428200,0.00200000
2018-02-27 01:06:41,0.08428400,0.12700000
2018-02-27 01:06:41,0.08428400,0.91800000
2018-02-27 01:06:41,0.08419600,0.02000000
2018-02-27 01:06:42,0.08428100,0.01800000
2018-02-27 01:06:42,0.08428100,0.12700000
2018-02-27 01:06:42,0.08428200,0.01700000
2018-02-27 01:06:42,0.08428100,0.05000000
2018-02-27 01:06:42,0.08428200,0.11300000
2018-02-27 01:06:42,0.08428100,0.02000000
2018-02-27 01:06:42,0.08428200,1.52600000
2018-02-27 01:06:42,0.08430400,0.09200000
2018-02-27 01:06:42,0.08417000,0.02500000
2018-02-27 01:06:42,0.08417100,0.52900000
2018-02-27 01:06:42,0.08417000,0.07100000
2018-02-27 01:06:42,0.08417000,0.11800000
2018-02-27 01:06:43,0.08417000,0.01000000
2018-02-27 01:06:43,0.08428000,0.39900000
2018-02-27 01:06:43,0.08428000,0.00100000
2018-02-27 01:06:43,0.08428100,0.02000000
2018-02-27 01:06:43,0.08430400,0.37300000
2018-02-27 01:06:43,0.08419700,0.23800000
2018-02-27 01:06:44,0.08426900,0.09600000
2018-02-27 01:06:44,0.08426900,1.04900000
2018-02-27 01:06:44,0.08427900,0.08900000
2018-02-27 01:06:44,0.08427900,0.03600000
2018-02-27 01:06:45,0.08417400,0.02800000
2018-02-27 01:06:45,0.08427800,0.04500000
2018-02-27 01:06:45,0.08427900,0.00600000
2018-02-27 01:06:46,0.08427900,0.01800000
2018-02-27 01:06:47,0.08418200,0.01500000
2018-02-27 01:06:48,0.08418500,0.10000000
2018-02-27 01:06:48,0.08427900,0.01800000
2018-02-27 01:06:49,0.08418600,0.26100000
2018-02-27 01:06:50,0.08427800,0.10100000
2018-02-27 01:06:50,0.08427800,0.15600000
2018-02-27 01:06:55,0.08419400,0.02400000
2018-02-27 01:06:56,0.08427800,0.01900000
2018-02-27 01:06:58,0.08427800,1.18400000
2018-02-27 01:06:58,0.08427800,1.55100000
2018-02-27 01:06:58,0.08427800,0.28900000
2018-02-27 01:06:58,0.08427800,1.45200000
2018-02-27 01:06:58,0.08427800,0.08400000
2018-02-27 01:06:58,0.08427900,0.12900000
2018-02-27 01:06:58,0.08428000,0.13600000
2018-02-27 01:06:58,0.08427800,0.02000000
2018-02-27 01:06:58,0.08428000,0.09400000
2018-02-27 01:06:58,0.08427800,0.01200000
2018-02-27 01:06:58,0.08419500,0.10000000
2018-02-27 01:06:59,0.08419500,0.02800000
2018-02-27 01:07:02,0.08419600,0.02400000
2018-02-27 01:07:02,0.08427800,0.00800000
2018-02-27 01:07:02,0.08428100,0.01200000
2018-02-27 01:07:02,0.08419600,0.47400000
2018-02-27 01:07:02,0.08419600,0.11900000
2018-02-27 01:07:02,0.08419500,0.00200000
2018-02-27 01:07:02,0.08419300,0.13900000
2018-02-27 01:07:03,0.08427800,0.02000000
2018-02-27 01:07:03,0.08428100,0.02000000
2018-02-27 01:07:03,0.08430600,0.12800000
2018-02-27 01:07:03,0.08430700,0.05300000
2018-02-27 01:07:03,0.08431100,0.61700000
2018-02-27 01:07:03,0.08431600,1.15800000
2018-02-27 01:07:03,0.08432100,0.01500000
2018-02-27 01:07:03,0.08432500,0.05900000
2018-02-27 01:07:03,0.08433800,0.11900000
2018-02-27 01:07:03,0.08435000,2.23500000
2018-02-27 01:07:03,0.08436500,0.03700000
2018-02-27 01:07:03,0.08427800,0.01800000
2018-02-27 01:07:03,0.08419000,0.03500000
2018-02-27 01:07:03,0.08419700,0.03300000
2018-02-27 01:07:03,0.08419700,0.11800000
2018-02-27 01:07:05,0.08420900,0.03000000
2018-02-27 01:07:06,0.08421100,0.03000000
2018-02-27 01:07:07,0.08421200,0.23900000
2018-02-27 01:07:08,0.08421300,0.03000000
2018-02-27 01:07:08,0.08421300,0.02800000
2018-02-27 01:07:08,0.08421300,0.15200000
2018-02-27 01:07:08,0.08421300,0.05700000
2018-02-27 01:07:09,0.08421600,0.06700000
2018-02-27 01:07:09,0.08421600,0.29900000
2018-02-27 01:07:09,0.08421600,0.10000000
2018-02-27 01:07:09,0.08421700,0.06000000
2018-02-27 01:07:10,0.08421700,0.09400000
2018-02-27 01:07:10,0.08421700,0.02000000
2018-02-27 01:07:11,0.08422000,1.18700000
2018-02-27 01:07:11,0.08422000,0.01500000
2018-02-27 01:07:11,0.08421900,1.16200000
2018-02-27 01:07:11,0.08421900,2.41800000
2018-02-27 01:07:11,0.08430400,0.15100000
2018-02-27 01:07:11,0.08421900,0.02200000
2018-02-27 01:07:11,0.08421900,0.40500000
2018-02-27 01:07:12,0.08421900,0.18800000
2018-02-27 01:07:13,0.08422000,0.63600000
2018-02-27 01:07:13,0.08422000,0.00100000
2018-02-27 01:07:13,0.08421800,0.40000000
2018-02-27 01:07:13,0.08421500,0.15000000
2018-02-27 01:07:13,0.08421200,0.05300000
2018-02-27 01:07:13,0.08421000,0.03200000
2018-02-27 01:07:13,0.08421500,0.01900000
2018-02-27 01:07:13,0.08421500,0.00100000
2018-02-27 01:07:13,0.08421000,0.01900000
2018-02-27 01:07:14,0.08421600,0.04300000
2018-02-27 01:07:15,0.08421600,0.07000000
2018-02-27 01:07:16,0.08421500,0.02000000
2018-02-27 01:07:16,0.08421500,0.02000000
2018-02-27 01:07:17,0.08430000,0.05400000
2018-02-27 01:07:19,0.08421100,0.02000000
2018-02-27 01:07:19,0.08420500,0.19900000
2018-02-27 01:07:19,0.08429700,0.03900000
2018-02-27 01:07:19,0.08421100,0.02000000
2018-02-27 01:07:19,0.08420500,0.08000000
2018-02-27 01:07:20,0.08421100,0.02000000
2018-02-27 01:07:20,0.08421100,0.02000000
2018-02-27 01:07:20,0.08429700,0.20000000
2018-02-27 01:07:20,0.08429600,0.02400000
2018-02-27 01:07:21,0.08421100,0.00100000
2018-02-27 01:07:21,0.08421100,0.01800000
2018-02-27 01:07:21,0.08421100,0.00100000
2018-02-27 01:07:21,0.08420600,0.01700000
2018-02-27 01:07:21,0.08421100,0.02000000
2018-02-27 01:07:21,0.08420600,0.01600000
2018-02-27 01:07:21,0.08429600,0.72400000
2018-02-27 01:07:21,0.08422600,0.01400000
2018-02-27 01:07:21,0.08422600,0.02300000
2018-02-27 01:07:21,0.08420700,0.03000000
2018-02-27 01:07:21,0.08420600,0.24900000
2018-02-27 01:07:21,0.08420500,0.16600000
2018-02-27 01:07:21,0.08420500,0.39000000
2018-02-27 01:07:22,0.08420500,0.01100000
2018-02-27 01:07:22,0.08420500,0.45200000
2018-02-27 01:07:22,0.08428900,0.22900000
2018-02-27 01:07:23,0.08429000,0.29000000
2018-02-27 01:07:23,0.08420700,0.03000000
2018-02-27 01:07:23,0.08420600,0.37000000
2018-02-27 01:07:24,0.08420700,0.14900000
2018-02-27 01:07:24,0.08420700,0.13100000
2018-02-27 01:07:24,0.08420600,0.59500000
2018-02-27 01:07:25,0.08420600,0.40000000
2018-02-27 01:07:25,0.08420600,0.01200000
2018-02-27 01:07:26,0.08428700,0.28700000
2018-02-27 01:07:26,0.08420600,0.72600000
2018-02-27 01:07:26,0.08428800,0.09900000
2018-02-27 01:07:26,0.08428800,0.03100000
2018-02-27 01:07:26,0.08428900,0.11800000
2018-02-27 01:07:26,0.08428900,0.04300000
2018-02-27 01:07:26,0.08429300,0.46600000
2018-02-27 01:07:26,0.08420700,0.09900000
2018-02-27 01:07:26,0.08420600,0.30100000
2018-02-27 01:07:27,0.08420600,0.01400000
2018-02-27 01:07:27,0.08420700,0.02900000
2018-02-27 01:07:27,0.08420700,0.00200000
2018-02-27 01:07:27,0.08420600,0.02800000
2018-02-27 01:07:27,0.08420600,0.95300000
2018-02-27 01:07:28,0.08420600,0.75100000
2018-02-27 01:07:28,0.08420500,0.40000000
2018-02-27 01:07:28,0.08420500,3.15200000
2018-02-27 01:07:28,0.08420500,0.03400000
2018-02-27 01:07:28,0.08420500,0.03400000
2018-02-27 01:07:30,0.08420600,0.11000000
2018-02-27 01:07:30,0.08429200,0.06900000
2018-02-27 01:07:30,0.08429200,0.06900000
2018-02-27 01:07:30,0.08420700,0.02300000
2018-02-27 01:07:30,0.08420600,0.07700000
2018-02-27 01:07:30,0.08420600,0.29600000
2018-02-27 01:07:30,0.08420600,0.00100000
2018-02-27 01:07:30,0.08429200,0.03900000
2018-02-27 01:07:31,0.08429100,0.18100000
2018-02-27 01:07:31,0.08420500,0.02800000
2018-02-27 01:07:31,0.08420500,0.05300000
2018-02-27 01:07:31,0.08429100,0.14600000
2018-02-27 01:07:32,0.08429100,0.02700000
2018-02-27 01:07:32,0.08429000,0.09800000
2018-02-27 01:07:32,0.08429100,0.00300000
2018-02-27 01:07:32,0.08429100,0.11900000
2018-02-27 01:07:35,0.08428200,0.05900000
2018-02-27 01:07:36,0.08428200,1.08300000
2018-02-27 01:07:37,0.08428100,0.03600000
2018-02-27 01:07:37,0.08420500,0.00100000
2018-02-27 01:07:37,0.08419300,0.00900000
2018-02-27 01:07:37,0.08419300,0.11900000
2018-02-27 01:07:37,0.08419300,0.00100000
2018-02-27 01:07:37,0.08419200,0.02900000
2018-02-27 01:07:37,0.08419200,0.18800000
2018-02-27 01:07:38,0.08419200,0.24400000
2018-02-27 01:07:38,0.08428000,0.22100000
2018-02-27 01:07:38,0.08428000,0.48800000
2018-02-27 01:07:38,0.08428100,0.00900000
2018-02-27 01:07:38,0.08428200,0.00300000
2018-02-27 01:07:38,0.08429100,0.00500000
2018-02-27 01:07:38,0.08429300,0.20200000
2018-02-27 01:07:38,0.08429100,0.02000000
2018-02-27 01:07:38,0.08429300,0.27500000
2018-02-27 01:07:38,0.08429100,0.02000000
2018-02-27 01:07:38,0.08429300,1.69700000
2018-02-27 01:07:38,0.08419200,0.11900000
2018-02-27 01:07:38,0.08419200,1.18300000
2018-02-27 01:07:38,0.08419500,0.16300000
2018-02-27 01:07:39,0.08428900,0.12800000
2018-02-27 01:07:39,0.08428900,0.19200000
2018-02-27 01:07:39,0.08419600,0.06000000
2018-02-27 01:07:39,0.08428900,0.11900000
2018-02-27 01:07:40,0.08428800,1.18400000
2018-02-27 01:07:40,0.08428800,0.02000000
2018-02-27 01:07:40,0.08428900,0.64100000
2018-02-27 01:07:40,0.08419800,0.43800000
2018-02-27 01:07:40,0.08419800,0.02000000
2018-02-27 01:07:41,0.08419900,0.10000000
2018-02-27 01:07:41,0.08428700,0.12800000
2018-02-27 01:07:41,0.08428600,0.43100000
2018-02-27 01:07:41,0.08419900,0.54100000
2018-02-27 01:07:41,0.08420000,0.12700000
2018-02-27 01:07:42,0.08420000,0.03000000
2018-02-27 01:07:42,0.08420000,0.12100000
2018-02-27 01:07:42,0.08419900,0.02000000
2018-02-27 01:07:42,0.08419700,0.00900000
2018-02-27 01:07:42,0.08420000,0.01900000
2018-02-27 01:07:43,0.08428600,0.05200000
2018-02-27 01:07:43,0.08428600,0.80600000
2018-02-27 01:07:43,0.08428800,0.04500000
2018-02-27 01:07:43,0.08429900,0.00200000
2018-02-27 01:07:43,0.08420100,0.04000000
2018-02-27 01:07:44,0.08431200,1.15800000
2018-02-27 01:07:44,0.08431300,0.03100000
2018-02-27 01:07:44,0.08420200,0.43900000
2018-02-27 01:07:44,0.08420400,0.39900000
2018-02-27 01:07:44,0.08420300,0.29700000
2018-02-27 01:07:44,0.08420400,1.15900000
2018-02-27 01:07:45,0.08427800,0.78900000
2018-02-27 01:07:45,0.08420400,0.02000000
2018-02-27 01:07:46,0.08420400,0.05000000
2018-02-27 01:07:46,0.08420400,0.15000000
2018-02-27 01:07:47,0.08420400,0.15000000
2018-02-27 01:07:47,0.08427700,0.39400000
2018-02-27 01:07:47,0.08420400,0.07100000
2018-02-27 01:07:47,0.08420200,0.07900000
2018-02-27 01:07:47,0.08420400,0.12000000
2018-02-27 01:07:47,0.08420200,0.30500000
2018-02-27 01:07:47,0.08420400,0.02800000
2018-02-27 01:07:47,0.08420400,0.09100000
2018-02-27 01:07:48,0.08420300,0.03000000
2018-02-27 01:07:48,0.08419400,0.02800000
2018-02-27 01:07:49,0.08427800,0.01800000
2018-02-27 01:07:49,0.08420400,0.25000000
2018-02-27 01:07:50,0.08420500,0.02000000
2018-02-27 01:07:50,0.08418900,0.06000000
2018-02-27 01:07:50,0.08429500,0.55800000
2018-02-27 01:07:50,0.08418500,0.14400000
2018-02-27 01:07:50,0.08418500,0.22800000
2018-02-27 01:07:51,0.08420500,0.02900000
2018-02-27 01:07:51,0.08420500,0.00100000
2018-02-27 01:07:51,0.08429200,0.02800000
2018-02-27 01:07:51,0.08429200,0.02700000
2018-02-27 01:07:51,0.08429200,0.02900000
2018-02-27 01:07:51,0.08429200,0.02900000
2018-02-27 01:07:51,0.08429100,0.02900000
2018-02-27 01:07:51,0.08419100,0.10000000
2018-02-27 01:07:52,0.08419100,0.10000000
2018-02-27 01:07:52,0.08429000,0.40300000
2018-02-27 01:07:52,0.08419200,0.11300000
2018-02-27 01:07:52,0.08419100,0.33700000
2018-02-27 01:07:52,0.08419100,0.03500000
2018-02-27 01:07:53,0.08428800,0.28400000
2018-02-27 01:07:53,0.08420700,0.03000000
2018-02-27 01:07:54,0.08420800,0.03000000
2018-02-27 01:07:55,0.08420700,0.12200000
2018-02-27 01:07:56,0.08420900,0.16100000
2018-02-27 01:07:56,0.08420900,0.08500000
2018-02-27 01:07:56,0.08420700,0.15000000
2018-02-27 01:07:57,0.08420700,0.06200000
2018-02-27 01:07:57,0.08420700,0.09400000
2018-02-27 01:07:57,0.08420700,0.15100000
2018-02-27 01:07:57,0.08420700,0.10000000
2018-02-27 01:07:59,0.08420700,0.03000000
2018-02-27 01:07:59,0.08420700,0.09100000
2018-02-27 01:07:59,0.08420700,0.03100000
2018-02-27 01:07:59,0.08420700,0.03400000
2018-02-27 01:07:59,0.08420700,0.03400000
2018-02-27 01:08:00,0.08420700,0.14000000
2018-02-27 01:08:00,0.08420700,2.72300000
2018-02-27 01:08:00,0.08420500,0.10000000
2018-02-27 01:08:00,0.08420400,0.04300000
2018-02-27 01:08:00,0.08420400,0.00100000
2018-02-27 01:08:00,0.08427700,0.03000000
2018-02-27 01:08:00,0.08427800,0.01200000
2018-02-27 01:08:01,0.08418600,0.11900000
2018-02-27 01:08:02,0.08418800,0.03000000
2018-02-27 01:08:02,0.08418700,0.07000000
2018-02-27 01:08:02,0.08418700,0.24900000
2018-02-27 01:08:02,0.08418700,0.06900000
2018-02-27 01:08:02,0.08418700,0.47500000
2018-02-27 01:08:03,0.08418800,0.01900000
2018-02-27 01:08:04,0.08418000,0.04300000
2018-02-27 01:08:07,0.08418700,0.14300000
2018-02-27 01:08:07,0.08418700,0.14600000
2018-02-27 01:08:07,0.08418700,0.24500000
2018-02-27 01:08:07,0.08418700,0.15000000
2018-02-27 01:08:07,0.08418700,0.46200000
2018-02-27 01:08:07,0.08418800,0.00600000
2018-02-27 01:08:07,0.08427300,0.10000000
2018-02-27 01:08:07,0.08427400,0.03700000
2018-02-27 01:08:09,0.08427000,0.37600000
2018-02-27 01:08:09,0.08418300,0.10000000
2018-02-27 01:08:09,0.08418200,2.02600000
2018-02-27 01:08:11,0.08426800,0.03400000
2018-02-27 01:08:11,0.08426800,0.01600000
2018-02-27 01:08:11,0.08426800,0.05000000
2018-02-27 01:08:11,0.08426900,0.00100000
2018-02-27 01:08:12,0.08418200,0.10000000
2018-02-27 01:08:13,0.08419500,0.11000000
2018-02-27 01:08:13,0.08419500,0.11000000
2018-02-27 01:08:13,0.08419500,0.02800000
2018-02-27 01:08:13,0.08419500,1.24100000
2018-02-27 01:08:13,0.08419500,0.07500000
2018-02-27 01:08:13,0.08419500,0.50000000
2018-02-27 01:08:13,0.08419500,0.13300000
2018-02-27 01:08:15,0.08419600,0.11000000
2018-02-27 01:08:16,0.08419700,0.02800000
2018-02-27 01:08:16,0.08419700,0.02600000
2018-02-27 01:08:16,0.08419700,0.06000000
2018-02-27 01:08:17,0.08419600,0.91200000
2018-02-27 01:08:17,0.08419600,1.00900000
2018-02-27 01:08:18,0.08419500,1.18700000
2018-02-27 01:08:18,0.08419500,2.81300000
2018-02-27 01:08:20,0.08419500,0.02800000
2018-02-27 01:08:20,0.08419500,0.94200000
2018-02-27 01:08:21,0.08419500,0.68500000
2018-02-27 01:08:23,0.08419500,0.10000000
2018-02-27 01:08:24,0.08427300,0.45000000
2018-02-27 01:08:24,0.08427200,0.33400000
2018-02-27 01:08:24,0.08427300,2.24200000
2018-02-27 01:08:24,0.08427200,0.04700000
2018-02-27 01:08:24,0.08427300,0.28700000
2018-02-27 01:08:24,0.08427300,0.04700000
2018-02-27 01:08:25,0.08419500,0.23600000
2018-02-27 01:08:25,0.08427800,0.03600000
2018-02-27 01:08:25,0.08427800,0.00100000
2018-02-27 01:08:25,0.08428300,0.03500000
2018-02-27 01:08:25,0.08428300,0.02200000
2018-02-27 01:08:25,0.08428300,0.07200000
2018-02-27 01:08:26,0.08419600,0.36100000
2018-02-27 01:08:27,0.08419700,0.02200000
2018-02-27 01:08:27,0.08428300,0.02200000
2018-02-27 01:08:28,0.08419800,0.01400000
2018-02-27 01:08:28,0.08428300,0.00100000
2018-02-27 01:08:28,0.08428300,0.02300000
2018-02-27 01:08:28,0.08428300,0.00100000
2018-02-27 01:08:28,0.08419800,0.02200000
2018-02-27 01:08:28,0.08428500,0.01700000
2018-02-27 01:08:28,0.08419800,0.02100000
2018-02-27 01:08:28,0.08419800,0.02100000
2018-02-27 01:08:28,0.08419800,0.02300000
2018-02-27 01:08:28,0.08419800,0.02300000
2018-02-27 01:08:28,0.08419800,0.02300000
2018-02-27 01:08:28,0.08419800,0.02300000
2018-02-27 01:08:28,0.08419800,0.02300000
2018-02-27 01:08:28,0.08419800,0.01600000
2018-02-27 01:08:28,0.08428200,0.36700000
2018-02-27 01:08:29,0.08419900,0.01400000
2018-02-27 01:08:29,0.08419900,0.00900000
2018-02-27 01:08:29,0.08419800,0.01300000
2018-02-27 01:08:29,0.08419800,0.05700000
2018-02-27 01:08:29,0.08428200,0.66000000
2018-02-27 01:08:30,0.08428200,0.00100000
2018-02-27 01:08:31,0.08419800,0.02800000
2018-02-27 01:08:31,0.08419800,0.27000000
2018-02-27 01:08:33,0.08420100,0.10000000
2018-02-27 01:08:34,0.08428200,2.00400000
2018-02-27 01:08:35,0.08420000,0.42600000
2018-02-27 01:08:35,0.08428000,0.10600000
2018-02-27 01:08:35,0.08428000,0.00100000
2018-02-27 01:08:35,0.08428100,0.91400000
2018-02-27 01:08:35,0.08428200,0.88800000
2018-02-27 01:08:36,0.08420000,0.24400000
2018-02-27 01:08:36,0.08420000,0.02800000
2018-02-27 01:08:36,0.08428100,0.04700000
2018-02-27 01:08:36,0.08428200,0.07100000
2018-02-27 01:08:36,0.08420100,0.00100000
2018-02-27 01:08:37,0.08428200,0.05100000
2018-02-27 01:08:37,0.08428200,0.80200000
2018-02-27 01:08:40,0.08420100,0.10500000
2018-02-27 01:08:40,0.08428100,0.02200000
2018-02-27 01:08:41,0.08420200,0.87300000
2018-02-27 01:08:41,0.08420200,1.48400000
2018-02-27 01:08:42,0.08420300,0.02200000
2018-02-27 01:08:43,0.08420300,1.18800000
2018-02-27 01:08:43,0.08420300,0.68400000
2018-02-27 01:08:43,0.08428100,0.10400000
2018-02-27 01:08:43,0.08428100,0.02500000
2018-02-27 01:08:44,0.08420400,0.10300000
2018-02-27 01:08:44,0.08420400,0.00100000
2018-02-27 01:08:44,0.08420300,0.09900000
2018-02-27 01:08:44,0.08425000,0.08300000
2018-02-27 01:08:45,0.08420400,0.02500000
2018-02-27 01:08:45,0.08425000,0.04000000
2018-02-27 01:08:45,0.08420300,0.02400000
2018-02-27 01:08:45,0.08425000,0.36700000
2018-02-27 01:08:45,0.08425000,0.17600000
2018-02-27 01:08:45,0.08420200,0.90900000
2018-02-27 01:08:45,0.08424900,0.02500000
2018-02-27 01:08:45,0.08425000,1.35900000
2018-02-27 01:08:45,0.08425000,0.02500000
2018-02-27 01:08:45,0.08425000,4.79500000
2018-02-27 01:08:46,0.08420100,0.64100000
2018-02-27 01:08:46,0.08425000,0.11000000
2018-02-27 01:08:46,0.08425000,0.09600000
2018-02-27 01:08:46,0.08428000,0.10900000
2018-02-27 01:08:46,0.08420000,0.28700000
2018-02-27 01:08:46,0.08420000,3.66100000
2018-02-27 01:08:48,0.08420200,0.02000000
2018-02-27 01:08:50,0.08420300,0.02800000
2018-02-27 01:08:50,0.08420300,0.11300000
2018-02-27 01:08:50,0.08420300,0.11300000
2018-02-27 01:08:50,0.08420300,0.11300000
2018-02-27 01:08:51,0.08420400,0.11700000
2018-02-27 01:08:51,0.08420200,0.00500000
2018-02-27 01:08:51,0.08420000,0.01500000
2018-02-27 01:08:52,0.08428500,0.10400000
2018-02-27 01:08:52,0.08428600,0.39600000
2018-02-27 01:08:53,0.08420100,0.32400000
2018-02-27 01:08:53,0.08420100,0.08900000
2018-02-27 01:08:54,0.08420200,0.10400000
2018-02-27 01:08:54,0.08420100,0.05100000
2018-02-27 01:08:54,0.08420100,0.10000000
2018-02-27 01:08:58,0.08420100,0.12300000
2018-02-27 01:08:59,0.08428400,0.10300000
2018-02-27 01:09:01,0.08420200,0.06300000
2018-02-27 01:09:02,0.08420300,0.72000000
2018-02-27 01:09:02,0.08420200,0.42900000
2018-02-27 01:09:02,0.08428400,0.06700000
2018-02-27 01:09:02,0.08420200,0.01800000
2018-02-27 01:09:02,0.08420200,0.00700000
2018-02-27 01:09:02,0.08420100,0.49300000
2018-02-27 01:09:02,0.08420100,0.95300000
2018-02-27 01:09:02,0.08420100,0.70200000
2018-02-27 01:09:03,0.08420200,0.01800000
2018-02-27 01:09:03,0.08420200,0.68200000
2018-02-27 01:09:03,0.08420200,0.00100000
2018-02-27 01:09:03,0.08428300,0.10400000
2018-02-27 01:09:03,0.08428400,0.57700000
2018-02-27 01:09:03,0.08428400,0.06800000
2018-02-27 01:09:03,0.08428500,0.32800000
2018-02-27 01:09:04,0.08420200,0.10000000
2018-02-27 01:09:04,0.08428400,0.02400000
2018-02-27 01:09:04,0.08428400,0.05700000
2018-02-27 01:09:05,0.08420300,0.02900000
2018-02-27 01:09:05,0.08420200,0.07100000
2018-02-27 01:09:05,0.08420200,2.58300000
2018-02-27 01:09:06,0.08420500,0.05700000
2018-02-27 01:09:06,0.08420400,6.60000000
2018-02-27 01:09:06,0.08420100,5.78900000
2018-02-27 01:09:07,0.08420100,0.11800000
2018-02-27 01:09:08,0.08420100,1.35200000
2018-02-27 01:09:08,0.08420100,0.29000000
2018-02-27 01:09:08,0.08420100,0.06400000
2018-02-27 01:09:10,0.08420100,1.84000000
2018-02-27 01:09:10,0.08428100,0.01300000
2018-02-27 01:09:11,0.08420100,0.15800000
2018-02-27 01:09:12,0.08428000,0.08500000
2018-02-27 01:09:13,0.08428000,0.04400000
2018-02-27 01:09:14,0.08420200,0.08500000
2018-02-27 01:09:14,0.08420100,0.09900000
2018-02-27 01:09:14,0.08428000,0.00100000
2018-02-27 01:09:14,0.08428100,0.21300000
2018-02-27 01:09:14,0.08428200,0.23300000
2018-02-27 01:09:14,0.08420200,0.04400000
2018-02-27 01:09:14,0.08420100,0.20900000
2018-02-27 01:09:14,0.08428200,0.04100000
2018-02-27 01:09:15,0.08420100,0.10000000
2018-02-27 01:09:16,0.08420100,0.34500000
2018-02-27 01:09:16,0.08420100,0.12000000
2018-02-27 01:09:17,0.08420100,0.05500000
2018-02-27 01:09:17,0.08420100,0.38000000
2018-02-27 01:09:17,0.08420100,0.06800000
2018-02-27 01:09:17,0.08428000,0.03400000
2018-02-27 01:09:18,0.08428000,0.09500000
2018-02-27 01:09:19,0.08420200,0.05600000
2018-02-27 01:09:21,0.08427200,0.20500000
2018-02-27 01:09:26,0.08420800,0.07400000
2018-02-27 01:09:26,0.08420700,0.02600000
2018-02-27 01:09:27,0.08427200,5.00000000
2018-02-27 01:09:28,0.08420900,0.07500000
2018-02-27 01:09:28,0.08420900,0.06200000
2018-02-27 01:09:28,0.08420900,0.06200000
2018-02-27 01:09:29,0.08421000,0.84800000
2018-02-27 01:09:29,0.08421000,0.01000000
2018-02-27 01:09:29,0.08421000,0.03400000
2018-02-27 01:09:29,0.08421000,0.01000000
2018-02-27 01:09:29,0.08427200,0.00100000
2018-02-27 01:09:29,0.08428000,0.05600000
2018-02-27 01:09:29,0.08428100,0.04700000
2018-02-27 01:09:29,0.08428200,0.01400000
2018-02-27 01:09:30,0.08421000,0.00100000
2018-02-27 01:09:31,0.08428100,0.07300000
2018-02-27 01:09:32,0.08421100,0.04500000
2018-02-27 01:09:32,0.08428100,0.03100000
2018-02-27 01:09:32,0.08428100,0.01400000
2018-02-27 01:09:33,0.08428100,0.00100000
2018-02-27 01:09:33,0.08428200,0.00900000
2018-02-27 01:09:33,0.08421200,0.08300000
2018-02-27 01:09:33,0.08428200,0.15600000
2018-02-27 01:09:33,0.08428200,0.55600000
2018-02-27 01:09:36,0.08421100,0.10000000
2018-02-27 01:09:37,0.08428100,0.08200000
2018-02-27 01:09:38,0.08428100,0.05100000
2018-02-27 01:09:38,0.08428100,0.04800000
2018-02-27 01:09:39,0.08421200,0.01400000
2018-02-27 01:09:39,0.08421200,0.01400000
2018-02-27 01:09:39,0.08428100,0.02800000
2018-02-27 01:09:40,0.08421100,0.09900000
2018-02-27 01:09:40,0.08428100,0.09500000
2018-02-27 01:09:41,0.08421200,0.02800000
2018-02-27 01:09:41,0.08428100,0.02900000
2018-02-27 01:09:41,0.08428200,0.00200000
2018-02-27 01:09:41,0.08421100,0.05000000
2018-02-27 01:09:42,0.08428200,0.32500000
2018-02-27 01:09:42,0.08421100,0.04500000
2018-02-27 01:09:42,0.08428200,0.57200000
2018-02-27 01:09:43,0.08428100,0.09800000
2018-02-27 01:09:43,0.08421200,0.02900000
2018-02-27 01:09:44,0.08428100,0.02800000
2018-02-27 01:09:44,0.08421100,0.09800000
2018-02-27 01:09:45,0.08428100,0.09800000
2018-02-27 01:09:45,0.08421200,0.02900000
2018-02-27 01:09:46,0.08421300,0.09800000
2018-02-27 01:09:46,0.08428100,0.02900000
2018-02-27 01:09:46,0.08421300,0.00100000
2018-02-27 01:09:46,0.08421200,0.03000000
2018-02-27 01:09:46,0.08421100,0.01900000
2018-02-27 01:09:47,0.08428100,0.09900000
2018-02-27 01:09:47,0.08421100,1.18800000
2018-02-27 01:09:47,0.08421100,0.56200000
2018-02-27 01:09:47,0.08428200,0.76200000
2018-02-27 01:09:47,0.08421100,0.10000000
2018-02-27 01:09:47,0.08428200,0.03200000
2018-02-27 01:09:48,0.08421200,0.09700000
2018-02-27 01:09:48,0.08421200,0.00100000
2018-02-27 01:09:48,0.08421100,0.17000000
2018-02-27 01:09:48,0.08428200,0.09800000
2018-02-27 01:09:49,0.08421200,0.03000000
2018-02-27 01:09:49,0.08428200,0.03000000
2018-02-27 01:09:50,0.08421300,0.09800000
2018-02-27 01:09:50,0.08428100,0.98800000
2018-02-27 01:09:50,0.08428100,0.00100000
2018-02-27 01:09:50,0.08428200,0.00100000
2018-02-27 01:09:50,0.08428400,0.09800000
2018-02-27 01:09:50,0.08428500,0.05000000
2018-02-27 01:09:50,0.08428500,0.02200000
2018-02-27 01:09:50,0.08428600,0.82900000
2018-02-27 01:09:50,0.08429100,0.13700000
2018-02-27 01:09:50,0.08429100,0.41100000
2018-02-27 01:09:51,0.08421300,0.00100000
2018-02-27 01:09:51,0.08421200,0.03100000
2018-02-27 01:09:51,0.08421100,3.52200000
2018-02-27 01:09:51,0.08421100,0.25800000
2018-02-27 01:09:51,0.08421100,1.08800000
2018-02-27 01:09:51,0.08421100,0.22000000
2018-02-27 01:09:53,0.08428300,0.09100000
2018-02-27 01:09:53,0.08428300,0.09300000
2018-02-27 01:09:53,0.08421200,0.03500000
2018-02-27 01:09:53,0.08428300,0.04800000
2018-02-27 01:09:54,0.08428200,0.02700000
2018-02-27 01:09:54,0.08428200,0.03900000
2018-02-27 01:09:56,0.08421300,0.01600000
2018-02-27 01:09:57,0.08421400,0.10000000
2018-02-27 01:09:57,0.08428200,0.01500000
2018-02-27 01:09:58,0.08421500,0.02700000
2018-02-27 01:09:59,0.08428200,0.12700000
2018-02-27 01:10:00,0.08421600,0.15300000
2018-02-27 01:10:00,0.08428200,0.00100000
2018-02-27 01:10:00,0.08428300,0.39400000
2018-02-27 01:10:00,0.08421600,0.16100000
2018-02-27 01:10:01,0.08428300,0.03200000
2018-02-27 01:10:01,0.08421800,0.12800000
2018-02-27 01:10:01,0.08428300,0.00100000
2018-02-27 01:10:01,0.08429100,0.00100000
2018-02-27 01:10:01,0.08430200,0.01200000
2018-02-27 01:10:02,0.08430100,0.12700000
2018-02-27 01:10:03,0.08428200,0.02100000
2018-02-27 01:10:03,0.08428200,0.00300000
2018-02-27 01:10:03,0.08422100,0.02000000
2018-02-27 01:10:03,0.08422100,0.02300000
2018-02-27 01:10:03,0.08429900,0.05200000
2018-02-27 01:10:04,0.08429900,0.12800000
2018-02-27 01:10:04,0.08429900,0.04900000
2018-02-27 01:10:05,0.08422300,0.01000000
2018-02-27 01:10:08,0.08422500,0.10000000
2018-02-27 01:10:09,0.08422600,0.13800000
2018-02-27 01:10:10,0.08422600,0.11900000
2018-02-27 01:10:12,0.08422700,0.02600000
2018-02-27 01:10:12,0.08422700,0.03400000
2018-02-27 01:10:13,0.08431400,0.05200000
2018-02-27 01:10:13,0.08431400,0.00100000
2018-02-27 01:10:13,0.08432600,0.01700000
2018-02-27 01:10:13,0.08433300,0.03400000
2018-02-27 01:10:14,0.08433200,0.08800000
2018-02-27 01:10:15,0.08433000,0.03800000
2018-02-27 01:10:16,0.08423700,0.97600000
2018-02-27 01:10:16,0.08432900,0.02100000
2018-02-27 01:10:16,0.08423800,0.11600000
2018-02-27 01:10:16,0.08423900,0.05300000
2018-02-27 01:10:16,0.08423800,0.56500000
2018-02-27 01:10:16,0.08423800,0.04300000
2018-02-27 01:10:16,0.08423800,0.46200000
2018-02-27 01:10:16,0.08423700,0.71500000
2018-02-27 01:10:17,0.08432800,0.06900000
2018-02-27 01:10:18,0.08432700,0.14800000
2018-02-27 01:10:18,0.08424000,0.10000000
2018-02-27 01:10:18,0.08424000,0.00400000
2018-02-27 01:10:19,0.08432500,0.10300000
2018-02-27 01:10:20,0.08424100,0.02400000
2018-02-27 01:10:20,0.08432500,0.55400000
2018-02-27 01:10:21,0.08432400,0.04300000
2018-02-27 01:10:21,0.08424200,0.07800000
2018-02-27 01:10:22,0.08432400,0.07700000
2018-02-27 01:10:23,0.08432300,0.25600000
2018-02-27 01:10:23,0.08424100,0.12900000
2018-02-27 01:10:24,0.08431400,0.03300000
2018-02-27 01:10:24,0.08432300,0.16000000
2018-02-27 01:10:26,0.08424000,0.07000000
2018-02-27 01:10:27,0.08424000,0.15500000
2018-02-27 01:10:27,0.08423100,0.05300000
2018-02-27 01:10:27,0.08422700,0.02000000
2018-02-27 01:10:27,0.08422100,0.39500000
2018-02-27 01:10:27,0.08421800,0.10000000
2018-02-27 01:10:27,0.08421400,2.24500000
2018-02-27 01:10:28,0.08427200,0.09900000
2018-02-27 01:10:28,0.08427200,0.00100000
2018-02-27 01:10:28,0.08432000,0.09800000
2018-02-27 01:10:28,0.08422800,0.15500000
2018-02-27 01:10:28,0.08431900,0.30000000
2018-02-27 01:10:29,0.08423100,0.22000000
2018-02-27 01:10:29,0.08423100,0.00500000
2018-02-27 01:10:29,0.08431700,0.02000000
2018-02-27 01:10:29,0.08431800,0.19900000
2018-02-27 01:10:29,0.08431700,0.22400000
2018-02-27 01:10:29,0.08422800,0.02300000
2018-02-27 01:10:29,0.08422500,0.02000000
2018-02-27 01:10:29,0.08421700,0.05700000
2018-02-27 01:10:32,0.08422800,0.06100000
2018-02-27 01:10:32,0.08422700,0.30400000
2018-02-27 01:10:33,0.08431300,0.08900000
2018-02-27 01:10:33,0.08431400,0.37900000
2018-02-27 01:10:33,0.08422700,0.24800000
2018-02-27 01:10:33,0.08422800,0.00200000
2018-02-27 01:10:33,0.08422800,0.01600000
2018-02-27 01:10:34,0.08422800,0.07000000
2018-02-27 01:10:35,0.08431000,0.54900000
2018-02-27 01:10:36,0.08431000,0.49700000
2018-02-27 01:10:36,0.08424100,0.02200000
2018-02-27 01:10:36,0.08430900,0.05700000
2018-02-27 01:10:37,0.08424100,0.10200000
2018-02-27 01:10:38,0.08430900,0.07100000
2018-02-27 01:10:39,0.08424300,0.10000000
2018-02-27 01:10:40,0.08424300,0.02800000
2018-02-27 01:10:40,0.08424300,0.00100000
2018-02-27 01:10:40,0.08424200,0.36500000
2018-02-27 01:10:40,0.08424100,0.31000000
2018-02-27 01:10:40,0.08423100,0.24000000
2018-02-27 01:10:40,0.08423100,0.03000000
2018-02-27 01:10:41,0.08430900,0.11600000
2018-02-27 01:10:43,0.08430900,0.01200000
2018-02-27 01:10:43,0.08431000,0.13800000
2018-02-27 01:10:44,0.08431000,0.48200000
2018-02-27 01:10:44,0.08431100,0.25000000
2018-02-27 01:10:44,0.08431300,0.28200000
2018-02-27 01:10:45,0.08430600,0.57200000
2018-02-27 01:10:45,0.08430600,0.57200000
2018-02-27 01:10:46,0.08430600,0.00100000
2018-02-27 01:10:46,0.08431300,0.25300000
2018-02-27 01:10:47,0.08431300,0.05900000
2018-02-27 01:10:47,0.08431300,0.59100000
2018-02-27 01:10:49,0.08424400,0.05300000
2018-02-27 01:10:49,0.08424500,0.07400000
2018-02-27 01:10:50,0.08431300,0.00100000
2018-02-27 01:10:50,0.08431600,0.02300000
2018-02-27 01:10:50,0.08424500,0.00100000
2018-02-27 01:10:50,0.08424400,0.09900000
2018-02-27 01:10:50,0.08424400,0.09400000
2018-02-27 01:10:50,0.08424300,0.14000000
2018-02-27 01:10:51,0.08424300,0.07100000
2018-02-27 01:10:51,0.08424100,0.13400000
2018-02-27 01:10:51,0.08423500,1.67700000
2018-02-27 01:10:51,0.08423400,1.34400000
2018-02-27 01:10:52,0.08422800,0.00100000
2018-02-27 01:10:53,0.08431600,0.09400000
2018-02-27 01:10:53,0.08422900,0.02800000
2018-02-27 01:10:53,0.08431600,0.05400000
2018-02-27 01:10:54,0.08431600,0.02000000
2018-02-27 01:10:54,0.08423200,0.01200000
2018-02-27 01:10:55,0.08431600,0.02800000
2018-02-27 01:10:55,0.08423200,0.08800000
2018-02-27 01:10:55,0.08431600,0.02000000
2018-02-27 01:10:55,0.08431600,0.10000000
2018-02-27 01:10:55,0.08424100,0.01400000
2018-02-27 01:10:56,0.08424100,0.03500000
2018-02-27 01:10:56,0.08431600,1.18500000
2018-02-27 01:10:56,0.08424100,0.02000000
2018-02-27 01:10:56,0.08423300,0.01300000
2018-02-27 01:10:56,0.08423300,0.01600000
2018-02-27 01:10:56,0.08431600,0.26700000
2018-02-27 01:10:56,0.08431500,3.26800000
2018-02-27 01:10:57,0.08431500,0.00100000
2018-02-27 01:10:57,0.08431500,0.02000000
2018-02-27 01:10:57,0.08423200,0.10000000
2018-02-27 01:10:57,0.08431500,0.02000000
2018-02-27 01:10:57,0.08432200,0.04700000
2018-02-27 01:10:57,0.08433300,0.01900000
2018-02-27 01:10:57,0.08433300,0.01900000
2018-02-27 01:10:57,0.08431400,3.19900000
2018-02-27 01:10:58,0.08423200,0.04900000
2018-02-27 01:10:58,0.08423200,0.02000000
2018-02-27 01:10:58,0.08423200,0.02000000
2018-02-27 01:10:58,0.08423100,0.22900000
2018-02-27 01:10:59,0.08433100,0.75500000
2018-02-27 01:11:00,0.08423400,0.02000000
2018-02-27 01:11:00,0.08423100,0.08000000
2018-02-27 01:11:01,0.08428000,0.05100000
2018-02-27 01:11:01,0.08428000,0.19300000
2018-02-27 01:11:01,0.08428000,0.00100000
2018-02-27 01:11:01,0.08423100,0.05200000
2018-02-27 01:11:01,0.08423000,0.13800000
2018-02-27 01:11:01,0.08432500,0.01600000
2018-02-27 01:11:03,0.08423200,0.04800000
2018-02-27 01:11:03,0.08423000,0.05300000
2018-02-27 01:11:03,0.08423000,0.02700000
2018-02-27 01:11:05,0.08431900,0.22500000
2018-02-27 01:11:05,0.08431900,0.13000000
2018-02-27 01:11:06,0.08431900,0.06300000
2018-02-27 01:11:06,0.08423200,0.32900000
2018-02-27 01:11:06,0.08431900,0.02200000
2018-02-27 01:11:06,0.08431900,1.36400000
2018-02-27 01:11:06,0.08431900,0.02900000
2018-02-27 01:11:06,0.08431900,0.00100000
2018-02-27 01:11:06,0.08432000,0.01100000
2018-02-27 01:11:06,0.08431900,0.01900000
2018-02-27 01:11:07,0.08431900,0.32900000
2018-02-27 01:11:08,0.08423300,0.04700000
2018-02-27 01:11:08,0.08423300,0.00200000
2018-02-27 01:11:08,0.08423100,0.12200000
2018-02-27 01:11:08,0.08431800,0.09900000
2018-02-27 01:11:08,0.08431800,0.02900000
2018-02-27 01:11:08,0.08423200,0.09900000
2018-02-27 01:11:10,0.08423200,0.29600000
2018-02-27 01:11:10,0.08423200,0.09000000
2018-02-27 01:11:10,0.08431800,0.09900000
2018-02-27 01:11:11,0.08423300,0.29700000
2018-02-27 01:11:11,0.08423300,0.10000000
2018-02-27 01:11:11,0.08431800,0.09800000
2018-02-27 01:11:12,0.08423200,0.42000000
2018-02-27 01:11:12,0.08423200,0.02900000
2018-02-27 01:11:12,0.08423300,0.01000000
2018-02-27 01:11:12,0.08431800,0.03000000
2018-02-27 01:11:15,0.08423200,0.93000000
2018-02-27 01:11:15,0.08430000,0.02000000
2018-02-27 01:11:15,0.08430000,0.10200000
2018-02-27 01:11:15,0.08431800,0.00100000
2018-02-27 01:11:15,0.08431900,0.01800000
2018-02-27 01:11:15,0.08423200,0.03000000
2018-02-27 01:11:15,0.08431900,0.12100000
2018-02-27 01:11:15,0.08431900,0.01900000
2018-02-27 01:11:15,0.08431900,0.26100000
2018-02-27 01:11:15,0.08423300,0.11900000
2018-02-27 01:11:15,0.08423200,0.03500000
2018-02-27 01:11:19,0.08431900,0.13000000
2018-02-27 01:11:21,0.08423300,0.12900000
2018-02-27 01:11:21,0.08423200,0.62700000
2018-02-27 01:11:21,0.08431900,0.12900000
2018-02-27 01:11:21,0.08423300,0.10000000
2018-02-27 01:11:22,0.08423400,0.06400000
2018-02-27 01:11:24,0.08431900,0.06400000
2018-02-27 01:11:27,0.08431900,0.00100000
2018-02-27 01:11:27,0.08433300,0.01500000
2018-02-27 01:11:27,0.08433400,0.03200000
2018-02-27 01:11:27,0.08433900,0.06000000
2018-02-27 01:11:27,0.08434000,0.01000000
2018-02-27 01:11:28,0.08423400,0.12900000
2018-02-27 01:11:28,0.08423300,0.13300000
2018-02-27 01:11:28,0.08427600,0.28500000
2018-02-27 01:11:28,0.08423500,0.03500000
2018-02-27 01:11:28,0.08427600,0.36400000
2018-02-27 01:11:28,0.08427600,0.00100000
2018-02-27 01:11:28,0.08432300,0.18100000
2018-02-27 01:11:30,0.08431900,0.12700000
2018-02-27 01:11:32,0.08423700,0.10000000
2018-02-27 01:11:33,0.08423800,0.12700000
2018-02-27 01:11:33,0.08431900,0.05400000
2018-02-27 01:11:36,0.08424000,0.12900000
2018-02-27 01:11:37,0.08424100,1.18800000
2018-02-27 01:11:37,0.08424100,0.37900000
2018-02-27 01:11:39,0.08432000,0.21500000
2018-02-27 01:11:39,0.08423800,0.00100000
2018-02-27 01:11:39,0.08423600,0.06900000
2018-02-27 01:11:39,0.08423600,0.04900000
2018-02-27 01:11:40,0.08423600,0.24700000
2018-02-27 01:11:42,0.08423600,0.10000000
2018-02-27 01:11:44,0.08432000,0.11900000
2018-02-27 01:11:46,0.08423600,0.12900000
2018-02-27 01:11:46,0.08423600,0.10700000
2018-02-27 01:11:46,0.08432000,0.00100000
2018-02-27 01:11:46,0.08432400,0.01100000
2018-02-27 01:11:46,0.08432400,0.08700000
2018-02-27 01:11:46,0.08432500,0.05200000
2018-02-27 01:11:46,0.08432600,0.09000000
2018-02-27 01:11:47,0.08423700,0.05000000
2018-02-27 01:11:49,0.08423700,0.17800000
2018-02-27 01:11:50,0.08431400,0.12600000
2018-02-27 01:11:50,0.08423800,0.02500000
2018-02-27 01:11:51,0.08423800,3.51000000
2018-02-27 01:11:52,0.08431400,0.02600000
2018-02-27 01:11:53,0.08431400,0.10100000
2018-02-27 01:11:53,0.08423900,0.02000000
2018-02-27 01:11:53,0.08423900,0.08100000
2018-02-27 01:11:53,0.08423700,0.00100000
2018-02-27 01:11:53,0.08423400,0.01800000
2018-02-27 01:11:53,0.08423500,0.02600000
2018-02-27 01:11:54,0.08431400,0.10100000
2018-02-27 01:11:54,0.08423500,0.40600000
2018-02-27 01:11:55,0.08431400,0.02700000
2018-02-27 01:11:57,0.08423600,0.04800000
2018-02-27 01:11:58,0.08423700,0.08000000
2018-02-27 01:11:58,0.08423500,0.38200000
2018-02-27 01:11:58,0.08423500,0.05700000
2018-02-27 01:11:59,0.08430500,0.03400000
2018-02-27 01:12:00,0.08423600,0.03400000
2018-02-27 01:12:00,0.08423500,0.26800000
2018-02-27 01:12:01,0.08423500,0.10700000
2018-02-27 01:12:01,0.08430400,0.03500000
2018-02-27 01:12:01,0.08430500,0.09500000
2018-02-27 01:12:01,0.08430600,0.91000000
2018-02-27 01:12:01,0.08432000,0.30400000
2018-02-27 01:12:01,0.08432500,1.62200000
2018-02-27 01:12:01,0.08432800,0.35200000
2018-02-27 01:12:01,0.08433000,0.06100000
2018-02-27 01:12:01,0.08434100,0.61700000
2018-02-27 01:12:01,0.08434700,0.01200000
2018-02-27 01:12:01,0.08435300,0.16400000
2018-02-27 01:12:01,0.08436000,0.01700000
2018-02-27 01:12:01,0.08436600,0.36500000
2018-02-27 01:12:01,0.08438000,0.03300000
2018-02-27 01:12:01,0.08438800,0.60000000
2018-02-27 01:12:01,0.08439000,0.45900000
2018-02-27 01:12:01,0.08439900,0.21800000
2018-02-27 01:12:01,0.08440000,0.11600000
2018-02-27 01:12:01,0.08440000,0.02000000
2018-02-27 01:12:01,0.08440000,0.02000000
2018-02-27 01:12:01,0.08440000,0.03000000
2018-02-27 01:12:01,0.08440000,0.10000000
2018-02-27 01:12:01,0.08440000,0.27200000
2018-02-27 01:12:01,0.08440000,0.02000000
2018-02-27 01:12:01,0.08440000,0.60000000
2018-02-27 01:12:01,0.08440000,0.03000000
2018-02-27 01:12:01,0.08440000,0.02000000
2018-02-27 01:12:01,0.08440000,0.02000000
2018-02-27 01:12:01,0.08440000,0.03000000
2018-02-27 01:12:01,0.08440000,0.10000000
2018-02-27 01:12:01,0.08440000,0.06600000
2018-02-27 01:12:01,0.08440000,0.60000000
2018-02-27 01:12:01,0.08440000,0.61700000
2018-02-27 01:12:01,0.08440000,0.02000000
2018-02-27 01:12:01,0.08440000,0.03000000
2018-02-27 01:12:01,0.08440000,0.02000000
2018-02-27 01:12:01,0.08440000,0.06900000
2018-02-27 01:12:01,0.08440000,0.10000000
2018-02-27 01:12:01,0.08440000,0.92200000
2018-02-27 01:12:01,0.08440000,0.35900000
2018-02-27 01:12:01,0.08440000,0.10700000
2018-02-27 01:12:01,0.08440000,0.60000000
2018-02-27 01:12:01,0.08440000,0.02800000
2018-02-27 01:12:01,0.08440000,0.16800000
2018-02-27 01:12:01,0.08440000,0.07300000
2018-02-27 01:12:01,0.08440000,0.04300000
2018-02-27 01:12:01,0.08440000,0.03000000
2018-02-27 01:12:01,0.08440000,0.71700000
2018-02-27 01:12:01,0.08440000,0.15700000
2018-02-27 01:12:01,0.08440000,0.02000000
2018-02-27 01:12:01,0.08440000,0.22300000
2018-02-27 01:12:01,0.08440000,0.49400000
2018-02-27 01:12:01,0.08440000,0.11800000
2018-02-27 01:12:01,0.08440000,0.09900000
2018-02-27 01:12:01,0.08440000,0.61300000
2018-02-27 01:12:01,0.08440000,1.48400000
2018-02-27 01:12:02,0.08440000,0.20800000
2018-02-27 01:12:02,0.08440000,0.36100000
2018-02-27 01:12:02,0.08440000,20.93600000
2018-02-27 01:12:02,0.08423500,0.02800000
2018-02-27 01:12:02,0.08424000,0.03400000
2018-02-27 01:12:02,0.08424000,0.03400000
2018-02-27 01:12:02,0.08424600,0.02500000
2018-02-27 01:12:03,0.08439800,0.04000000
2018-02-27 01:12:03,0.08424900,0.04000000
2018-02-27 01:12:03,0.08439800,0.12000000
2018-02-27 01:12:03,0.08439900,1.09500000
2018-02-27 01:12:03,0.08425900,0.13000000
2018-02-27 01:12:03,0.08425800,0.21500000
2018-02-27 01:12:03,0.08425800,1.03500000
2018-02-27 01:12:03,0.08425000,7.07000000
2018-02-27 01:12:03,0.08424900,3.61500000
2018-02-27 01:12:03,0.08424800,1.60500000
2018-02-27 01:12:03,0.08424700,0.17000000
2018-02-27 01:12:03,0.08425100,0.01800000
2018-02-27 01:12:03,0.08425200,0.10000000
2018-02-27 01:12:04,0.08425800,0.28000000
2018-02-27 01:12:04,0.08425800,0.03500000
2018-02-27 01:12:04,0.08425900,2.45500000
2018-02-27 01:12:04,0.08425900,0.03300000
2018-02-27 01:12:04,0.08426000,0.50000000
2018-02-27 01:12:05,0.08426100,0.05200000
2018-02-27 01:12:05,0.08426200,0.02000000
2018-02-27 01:12:05,0.08426100,0.03000000
2018-02-27 01:12:06,0.08426300,0.23500000
2018-02-27 01:12:07,0.08426500,0.14900000
2018-02-27 01:12:07,0.08426500,0.00100000
2018-02-27 01:12:07,0.08426400,0.32900000
2018-02-27 01:12:07,0.08426500,0.15000000
2018-02-27 01:12:07,0.08426400,0.42600000
2018-02-27 01:12:07,0.08426500,0.15000000
2018-02-27 01:12:07,0.08426400,0.25000000
2018-02-27 01:12:08,0.08426500,0.04000000
2018-02-27 01:12:09,0.08426500,0.05600000
2018-02-27 01:12:10,0.08431500,0.09100000
2018-02-27 01:12:10,0.08426500,0.10000000
2018-02-27 01:12:11,0.08431300,1.17500000
2018-02-27 01:12:11,0.08431300,3.82500000
2018-02-27 01:12:11,0.08431500,0.13000000
2018-02-27 01:12:11,0.08431600,1.02100000
2018-02-27 01:12:11,0.08431600,0.01000000
2018-02-27 01:12:11,0.08432000,0.89000000
2018-02-27 01:12:11,0.08433000,0.30300000
2018-02-27 01:12:12,0.08426500,0.07000000
2018-02-27 01:12:12,0.08426500,0.15400000
2018-02-27 01:12:12,0.08424700,0.05000000
2018-02-27 01:12:13,0.08426500,0.01200000
2018-02-27 01:12:14,0.08425000,0.08000000
2018-02-27 01:12:14,0.08424900,0.02000000
2018-02-27 01:12:17,0.08424900,0.01900000
2018-02-27 01:12:19,0.08424900,0.14900000
2018-02-27 01:12:19,0.08424900,0.02100000
2018-02-27 01:12:22,0.08424900,0.00100000
2018-02-27 01:12:22,0.08424600,0.33500000
2018-02-27 01:12:22,0.08424600,0.12500000
2018-02-27 01:12:22,0.08424600,0.35400000
2018-02-27 01:12:22,0.08424600,1.32700000
2018-02-27 01:12:22,0.08424600,0.44000000
2018-02-27 01:12:23,0.08424600,1.46800000
2018-02-27 01:12:24,0.08424600,0.92700000
2018-02-27 01:12:24,0.08424600,3.20500000
2018-02-27 01:12:24,0.08424500,0.70700000
2018-02-27 01:12:24,0.08424500,0.54700000
2018-02-27 01:12:24,0.08424300,0.50400000
2018-02-27 01:12:24,0.08423400,0.86200000
2018-02-27 01:12:24,0.08423400,0.10000000
2018-02-27 01:12:25,0.08426500,0.00100000
2018-02-27 01:12:25,0.08433100,0.16700000
2018-02-27 01:12:26,0.08432800,0.05900000
2018-02-27 01:12:26,0.08424600,0.15700000
2018-02-27 01:12:27,0.08424600,0.14000000
2018-02-27 01:12:27,0.08424600,0.04300000
2018-02-27 01:12:27,0.08424600,0.04000000
2018-02-27 01:12:27,0.08424600,0.20100000
2018-02-27 01:12:27,0.08424600,0.26200000
2018-02-27 01:12:28,0.08424600,0.03400000
2018-02-27 01:12:28,0.08424600,0.38500000
2018-02-27 01:12:28,0.08423600,2.18800000
2018-02-27 01:12:30,0.08423600,0.38400000
2018-02-27 01:12:31,0.08423600,0.02200000
2018-02-27 01:12:31,0.08423600,0.06600000
2018-02-27 01:12:31,0.08424600,1.14500000
2018-02-27 01:12:31,0.08423600,0.08000000
2018-02-27 01:12:33,0.08424600,0.37700000
2018-02-27 01:12:33,0.08423600,0.50000000
2018-02-27 01:12:33,0.08424600,0.21400000
2018-02-27 01:12:35,0.08423600,0.10000000
2018-02-27 01:12:38,0.08424600,5.27300000
2018-02-27 01:12:39,0.08424600,0.03400000
2018-02-27 01:12:40,0.08424500,0.07700000
2018-02-27 01:12:41,0.08423700,0.02900000
2018-02-27 01:12:41,0.08423700,0.03000000
2018-02-27 01:12:41,0.08423600,0.12200000
2018-02-27 01:12:41,0.08424500,0.14400000
2018-02-27 01:12:42,0.08424500,0.92400000
2018-02-27 01:12:42,0.08424500,0.00100000
2018-02-27 01:12:42,0.08424600,0.06900000
2018-02-27 01:12:42,0.08432400,0.05900000
2018-02-27 01:12:42,0.08432500,1.03100000
2018-02-27 01:12:42,0.08432600,0.12300000
2018-02-27 01:12:42,0.08423700,1.10100000
2018-02-27 01:12:43,0.08423800,3.32800000
2018-02-27 01:12:43,0.08423800,0.24400000
2018-02-27 01:12:45,0.08423900,0.05900000
2018-02-27 01:12:45,0.08423800,0.04100000
2018-02-27 01:12:48,0.08423800,0.03400000
2018-02-27 01:12:49,0.08423800,0.04900000
2018-02-27 01:12:49,0.08431700,0.73700000
2018-02-27 01:12:49,0.08431800,0.04800000
2018-02-27 01:12:49,0.08423800,0.11700000
2018-02-27 01:12:49,0.08431600,0.14100000
2018-02-27 01:12:49,0.08431700,0.21400000
2018-02-27 01:12:49,0.08431700,0.00100000
2018-02-27 01:12:49,0.08423900,0.03500000
2018-02-27 01:12:50,0.08423900,0.14200000
2018-02-27 01:12:50,0.08424000,0.03500000
2018-02-27 01:12:54,0.08431800,0.04600000
2018-02-27 01:12:54,0.08432000,0.07100000
2018-02-27 01:12:54,0.08432100,0.35100000
2018-02-27 01:12:54,0.08432400,1.00600000
2018-02-27 01:12:54,0.08432500,0.02000000
2018-02-27 01:12:54,0.08432600,13.43300000
2018-02-27 01:12:56,0.08424100,0.10000000
2018-02-27 01:12:56,0.08424200,0.03000000
2018-02-27 01:13:00,0.08424300,0.09900000
2018-02-27 01:13:00,0.08424200,0.05500000
2018-02-27 01:13:00,0.08424200,0.01200000
2018-02-27 01:13:00,0.08432100,0.12900000
2018-02-27 01:13:00,0.08432300,0.07100000
2018-02-27 01:13:00,0.08432400,0.02000000
2018-02-27 01:13:00,0.08432600,1.26800000
2018-02-27 01:13:01,0.08424200,0.97000000
2018-02-27 01:13:01,0.08432400,0.02000000
2018-02-27 01:13:01,0.08432400,0.02000000
2018-02-27 01:13:01,0.08432400,0.01900000
2018-02-27 01:13:01,0.08424400,0.01800000
2018-02-27 01:13:01,0.08432400,0.00100000
2018-02-27 01:13:01,0.08432600,0.01800000
2018-02-27 01:13:02,0.08432400,0.01900000
2018-02-27 01:13:02,0.08432400,0.00100000
2018-02-27 01:13:02,0.08432600,0.01800000
2018-02-27 01:13:02,0.08432400,0.02000000
2018-02-27 01:13:02,0.08432400,0.01900000
2018-02-27 01:13:02,0.08432400,0.00100000
2018-02-27 01:13:02,0.08432600,0.01800000
2018-02-27 01:13:02,0.08432600,5.54600000
2018-02-27 01:13:02,0.08432400,0.01900000
2018-02-27 01:13:03,0.08424500,0.03900000
2018-02-27 01:13:03,0.08432500,0.01900000
2018-02-27 01:13:03,0.08424500,0.09000000
2018-02-27 01:13:03,0.08424300,0.46000000
2018-02-27 01:13:04,0.08432600,0.12800000
2018-02-27 01:13:04,0.08432600,0.00100000
2018-02-27 01:13:04,0.08432700,0.05400000
2018-02-27 01:13:04,0.08432700,0.10200000
2018-02-27 01:13:04,0.08433000,0.02500000
2018-02-27 01:13:05,0.08424500,0.14900000
2018-02-27 01:13:05,0.08433000,0.00600000
2018-02-27 01:13:05,0.08433100,0.13000000
2018-02-27 01:13:05,0.08433200,0.20300000
2018-02-27 01:13:05,0.08424800,0.01900000
2018-02-27 01:13:06,0.08433200,0.12700000
2018-02-27 01:13:06,0.08433300,0.39900000
2018-02-27 01:13:06,0.08424900,0.10000000
2018-02-27 01:13:07,0.08433600,0.05200000
2018-02-27 01:13:07,0.08433600,0.00100000
2018-02-27 01:13:07,0.08433700,0.05000000
2018-02-27 01:13:07,0.08424900,0.04900000
2018-02-27 01:13:07,0.08433700,0.12100000
2018-02-27 01:13:08,0.08425300,0.01800000
2018-02-27 01:13:08,0.08425400,1.18700000
2018-02-27 01:13:08,0.08425300,4.91200000
2018-02-27 01:13:08,0.08425200,4.24300000
2018-02-27 01:13:09,0.08425500,0.01800000
2018-02-27 01:13:09,0.08425500,0.03000000
2018-02-27 01:13:09,0.08425600,0.02000000
2018-02-27 01:13:09,0.08425500,0.98000000
2018-02-27 01:13:10,0.08425600,0.01800000
2018-02-27 01:13:10,0.08434200,0.03500000
2018-02-27 01:13:11,0.08425500,0.05500000
2018-02-27 01:13:11,0.08425500,0.20400000
2018-02-27 01:13:11,0.08425500,1.03100000
2018-02-27 01:13:11,0.08434000,0.13000000
2018-02-27 01:13:12,0.08424900,0.01900000
2018-02-27 01:13:13,0.08433900,0.17900000
2018-02-27 01:13:13,0.08433900,0.03000000
2018-02-27 01:13:14,0.08425000,0.20800000
2018-02-27 01:13:14,0.08433800,0.01400000
2018-02-27 01:13:14,0.08433700,0.02000000
2018-02-27 01:13:14,0.08433800,0.53200000
2018-02-27 01:13:14,0.08433800,2.94600000
2018-02-27 01:13:15,0.08425100,0.06700000
2018-02-27 01:13:15,0.08433700,0.02000000
2018-02-27 01:13:15,0.08433700,0.02000000
2018-02-27 01:13:15,0.08424700,0.01000000
2018-02-27 01:13:15,0.08433500,0.09000000
2018-02-27 01:13:16,0.08433500,0.13800000
2018-02-27 01:13:16,0.08433500,0.02000000
2018-02-27 01:13:16,0.08424800,4.69800000
2018-02-27 01:13:16,0.08427100,0.14000000
2018-02-27 01:13:17,0.08433400,0.07000000
2018-02-27 01:13:17,0.08427000,1.18700000
2018-02-27 01:13:17,0.08427000,0.03400000
2018-02-27 01:13:17,0.08427000,1.09000000
2018-02-27 01:13:17,0.08427000,0.60900000
2018-02-27 01:13:17,0.08427000,1.18700000
2018-02-27 01:13:17,0.08427000,1.59300000
2018-02-27 01:13:17,0.08427000,1.01900000
2018-02-27 01:13:17,0.08424800,0.00200000
2018-02-27 01:13:17,0.08424700,0.14000000
2018-02-27 01:13:17,0.08424600,0.05300000
2018-02-27 01:13:17,0.08424400,0.01600000
2018-02-27 01:13:17,0.08423600,0.03400000
2018-02-27 01:13:17,0.08423400,0.22200000
2018-02-27 01:13:17,0.08423300,0.20700000
2018-02-27 01:13:17,0.08423300,0.51600000
2018-02-27 01:13:17,0.08423200,1.47900000
2018-02-27 01:13:17,0.08427100,0.41400000
2018-02-27 01:13:17,0.08427100,0.58600000
2018-02-27 01:13:17,0.08427400,0.10000000
2018-02-27 01:13:17,0.08427400,0.31400000
2018-02-27 01:13:17,0.08424700,0.02000000
2018-02-27 01:13:17,0.08423200,0.55400000
2018-02-27 01:13:17,0.08424700,0.01900000
2018-02-27 01:13:18,0.08433100,0.05700000
2018-02-27 01:13:20,0.08423900,0.02000000
2018-02-27 01:13:20,0.08423200,0.01500000
2018-02-27 01:13:20,0.08432800,0.06300000
2018-02-27 01:13:20,0.08432900,1.11000000
2018-02-27 01:13:20,0.08433000,0.00500000
2018-02-27 01:13:21,0.08424000,0.20900000
2018-02-27 01:13:21,0.08423900,0.02000000
2018-02-27 01:13:21,0.08423200,1.66400000
2018-02-27 01:13:21,0.08423900,0.02000000
2018-02-27 01:13:21,0.08423200,0.04200000
2018-02-27 01:13:21,0.08432700,0.13000000
2018-02-27 01:13:21,0.08432800,0.01100000
2018-02-27 01:13:21,0.08423900,0.02000000
2018-02-27 01:13:21,0.08423200,0.34400000
2018-02-27 01:13:21,0.08423900,0.02000000
2018-02-27 01:13:21,0.08423300,0.16500000
2018-02-27 01:13:22,0.08423300,0.09900000
2018-02-27 01:13:22,0.08423900,0.17400000
2018-02-27 01:13:22,0.08432700,0.77700000
2018-02-27 01:13:22,0.08432700,0.01600000
2018-02-27 01:13:22,0.08432700,0.37200000
2018-02-27 01:13:22,0.08432700,0.85400000
2018-02-27 01:13:23,0.08432600,0.01900000
2018-02-27 01:13:24,0.08432500,0.02000000
2018-02-27 01:13:24,0.08432600,1.40200000
2018-02-27 01:13:24,0.08423700,0.15000000
2018-02-27 01:13:24,0.08423300,0.09800000
2018-02-27 01:13:24,0.08432500,0.01900000
2018-02-27 01:13:24,0.08423700,0.01700000
2018-02-27 01:13:24,0.08423700,0.00300000
2018-02-27 01:13:24,0.08423300,1.05800000
2018-02-27 01:13:24,0.08432500,0.07900000
2018-02-27 01:13:25,0.08424100,0.10300000
2018-02-27 01:13:25,0.08424100,0.03500000
2018-02-27 01:13:26,0.08424200,0.07000000
2018-02-27 01:13:26,0.08432400,0.02000000
2018-02-27 01:13:26,0.08432500,0.00100000
2018-02-27 01:13:26,0.08424200,0.00800000
2018-02-27 01:13:26,0.08424100,0.04200000
2018-02-27 01:13:27,0.08424300,0.10000000
2018-02-27 01:13:29,0.08424200,0.01100000
2018-02-27 01:13:30,0.08424100,0.06600000
2018-02-27 01:13:30,0.08431900,0.05800000
2018-02-27 01:13:30,0.08432000,0.17000000
2018-02-27 01:13:30,0.08432000,0.02600000
2018-02-27 01:13:31,0.08424100,0.01200000
2018-02-27 01:13:31,0.08424200,0.05000000
2018-02-27 01:13:32,0.08431900,0.07000000
2018-02-27 01:13:32,0.08432000,0.88000000
2018-02-27 01:13:33,0.08432000,0.05700000
2018-02-27 01:13:34,0.08424300,0.07700000
2018-02-27 01:13:34,0.08431900,0.04900000
2018-02-27 01:13:35,0.08424400,0.04900000
2018-02-27 01:13:35,0.08431900,0.00100000
2018-02-27 01:13:35,0.08432000,0.06000000
2018-02-27 01:13:36,0.08431900,0.12500000
2018-02-27 01:13:36,0.08431900,0.12700000
2018-02-27 01:13:37,0.08431900,0.47000000
2018-02-27 01:13:37,0.08424200,0.12700000
2018-02-27 01:13:37,0.08431900,0.19000000
2018-02-27 01:13:38,0.08431800,0.04500000
2018-02-27 01:13:38,0.08431800,0.06300000
2018-02-27 01:13:38,0.08431800,0.02800000
2018-02-27 01:13:38,0.08424200,0.00100000
2018-02-27 01:13:38,0.08424100,0.09900000
2018-02-27 01:13:38,0.08431800,0.29900000
2018-02-27 01:13:38,0.08431800,0.09500000
2018-02-27 01:13:39,0.08424100,0.12400000
2018-02-27 01:13:39,0.08424100,0.01000000
2018-02-27 01:13:39,0.08423400,0.12300000
2018-02-27 01:13:39,0.08423400,0.02800000
2018-02-27 01:13:39,0.08431800,0.00200000
2018-02-27 01:13:39,0.08432300,0.02000000
2018-02-27 01:13:39,0.08432500,2.63600000
2018-02-27 01:13:40,0.08423900,0.01800000
2018-02-27 01:13:41,0.08432500,0.27800000
2018-02-27 01:13:44,0.08424000,0.03700000
2018-02-27 01:13:46,0.08424200,0.06600000
2018-02-27 01:13:47,0.08432200,0.02200000
2018-02-27 01:13:47,0.08432200,0.01400000
2018-02-27 01:13:48,0.08424300,0.02600000
2018-02-27 01:13:48,0.08424200,0.03500000
2018-02-27 01:13:48,0.08424100,0.03900000
2018-02-27 01:13:49,0.08424100,1.01400000
2018-02-27 01:13:52,0.08432200,0.02000000
2018-02-27 01:13:52,0.08432400,0.27300000
2018-02-27 01:13:52,0.08432200,0.01900000
2018-02-27 01:13:55,0.08432200,0.00100000
2018-02-27 01:13:56,0.08432200,0.02000000
2018-02-27 01:13:56,0.08432300,0.09400000
2018-02-27 01:13:56,0.08432200,0.02000000
2018-02-27 01:13:56,0.08432400,0.75800000
2018-02-27 01:13:57,0.08432100,0.12400000
2018-02-27 01:13:57,0.08432100,0.06300000
2018-02-27 01:13:58,0.08432100,0.61000000
2018-02-27 01:13:58,0.08432100,0.43300000
2018-02-27 01:13:58,0.08432100,0.04400000
2018-02-27 01:13:58,0.08432100,0.36300000
2018-02-27 01:13:59,0.08427000,1.18600000
2018-02-27 01:13:59,0.08427000,4.10300000
2018-02-27 01:13:59,0.08424500,0.90600000
2018-02-27 01:13:59,0.08424500,0.10000000
2018-02-27 01:14:00,0.08427000,0.11900000
