DATE,PRICE,VOLUME
2018-03-01 07:00:00,0.08258400,0.99900000
2018-03-01 07:00:00,0.08258400,0.02900000
2018-03-01 07:00:02,0.08258400,0.03900000
2018-03-01 07:00:02,0.08258400,2.19400000
2018-03-01 07:00:02,0.08258300,0.06600000
2018-03-01 07:00:02,0.08258200,0.19200000
2018-03-01 07:00:03,0.08261600,0.17400000
2018-03-01 07:00:03,0.08258200,0.60600000
2018-03-01 07:00:04,0.08258400,0.06500000
2018-03-01 07:00:08,0.08258500,0.02300000
2018-03-01 07:00:08,0.08258500,0.07400000
2018-03-01 07:00:09,0.08258500,1.21300000
2018-03-01 07:00:09,0.08258500,0.01500000
2018-03-01 07:00:09,0.08258500,0.13400000
2018-03-01 07:00:09,0.08258500,1.21000000
2018-03-01 07:00:10,0.08258500,0.35800000
2018-03-01 07:00:10,0.08258500,0.13300000
2018-03-01 07:00:12,0.08261600,0.00100000
2018-03-01 07:00:12,0.08263000,0.78800000
2018-03-01 07:00:12,0.08263100,5.21600000
2018-03-01 07:00:13,0.08263100,0.00100000
2018-03-01 07:00:13,0.08263100,0.26700000
2018-03-01 07:00:14,0.08258500,0.05500000
2018-03-01 07:00:15,0.08258400,0.10900000
2018-03-01 07:00:15,0.08258400,0.30600000
2018-03-01 07:00:15,0.08258400,0.06400000
2018-03-01 07:00:16,0.08258400,0.16000000
2018-03-01 07:00:17,0.08258400,1.36200000
2018-03-01 07:00:20,0.08258200,0.30500000
2018-03-01 07:00:20,0.08258200,0.04500000
2018-03-01 07:00:21,0.08258200,0.05900000
2018-03-01 07:00:22,0.08267100,0.01900000
2018-03-01 07:00:22,0.08258300,0.01900000
2018-03-01 07:00:26,0.08266000,0.04600000
2018-03-01 07:00:26,0.08266000,0.06500000
2018-03-01 07:00:26,0.08266000,0.09600000
2018-03-01 07:00:26,0.08258300,0.00100000
2018-03-01 07:00:26,0.08258200,0.04000000
2018-03-01 07:00:26,0.08258200,0.01400000
2018-03-01 07:00:27,0.08258200,0.06600000
2018-03-01 07:00:27,0.08258200,0.67600000
2018-03-01 07:00:27,0.08258200,1.66600000
2018-03-01 07:00:27,0.08258100,0.55400000
2018-03-01 07:00:27,0.08258100,1.24400000
2018-03-01 07:00:28,0.08258100,1.13700000
2018-03-01 07:00:28,0.08258100,0.01300000
2018-03-01 07:00:28,0.08258100,0.16200000
2018-03-01 07:00:29,0.08258100,0.09800000
2018-03-01 07:00:29,0.08258200,0.05000000
2018-03-01 07:00:29,0.08258200,0.00100000
2018-03-01 07:00:29,0.08265900,0.04800000
2018-03-01 07:00:30,0.08258100,0.37600000
2018-03-01 07:00:31,0.08258100,0.03000000
2018-03-01 07:00:31,0.08258100,0.22200000
2018-03-01 07:00:32,0.08258100,12.37700000
2018-03-01 07:00:32,0.08257000,0.75600000
2018-03-01 07:00:32,0.08256000,0.09300000
2018-03-01 07:00:32,0.08255900,1.35100000
2018-03-01 07:00:32,0.08255900,0.01100000
2018-03-01 07:00:32,0.08255600,0.74400000
2018-03-01 07:00:33,0.08255700,0.07000000
2018-03-01 07:00:33,0.08255700,0.04600000
2018-03-01 07:00:34,0.08264800,0.13400000
2018-03-01 07:00:34,0.08256000,0.11100000
2018-03-01 07:00:34,0.08256000,0.10700000
2018-03-01 07:00:34,0.08264900,0.03700000
2018-03-01 07:00:35,0.08264600,0.01900000
2018-03-01 07:00:35,0.08256000,0.02900000
2018-03-01 07:00:35,0.08255600,0.14900000
2018-03-01 07:00:35,0.08255600,0.03000000
2018-03-01 07:00:35,0.08255500,0.09100000
2018-03-01 07:00:35,0.08255500,0.33800000
2018-03-01 07:00:35,0.08255500,0.14900000
2018-03-01 07:00:36,0.08264500,0.29700000
2018-03-01 07:00:36,0.08255500,0.19800000
2018-03-01 07:00:36,0.08255500,0.20300000
2018-03-01 07:00:36,0.08255500,0.12100000
2018-03-01 07:00:37,0.08264000,0.22000000
2018-03-01 07:00:37,0.08255500,0.12500000
2018-03-01 07:00:38,0.08263800,0.01900000
2018-03-01 07:00:38,0.08255500,0.02200000
2018-03-01 07:00:38,0.08255500,0.06500000
2018-03-01 07:00:38,0.08255500,0.13200000
2018-03-01 07:00:39,0.08263700,0.24900000
2018-03-01 07:00:39,0.08255500,0.05600000
2018-03-01 07:00:39,0.08263700,0.00300000
2018-03-01 07:00:39,0.08264000,0.24800000
2018-03-01 07:00:39,0.08255500,0.00100000
2018-03-01 07:00:39,0.08255200,0.02100000
2018-03-01 07:00:39,0.08263700,0.02000000
2018-03-01 07:00:39,0.08264000,0.48700000
2018-03-01 07:00:39,0.08263600,0.09800000
2018-03-01 07:00:40,0.08255600,0.05200000
2018-03-01 07:00:40,0.08263500,0.13600000
2018-03-01 07:00:40,0.08263500,0.00100000
2018-03-01 07:00:40,0.08263900,0.02000000
2018-03-01 07:00:40,0.08264400,0.11500000
2018-03-01 07:00:40,0.08264400,0.13400000
2018-03-01 07:00:40,0.08263900,0.02000000
2018-03-01 07:00:40,0.08264400,0.84800000
2018-03-01 07:00:40,0.08264500,0.05700000
2018-03-01 07:00:40,0.08264700,0.05600000
2018-03-01 07:00:40,0.08255600,0.12600000
2018-03-01 07:00:40,0.08255700,0.02000000
2018-03-01 07:00:40,0.08255600,0.04100000
2018-03-01 07:00:41,0.08263400,0.94700000
2018-03-01 07:00:41,0.08263400,0.00100000
2018-03-01 07:00:41,0.08264200,0.02000000
2018-03-01 07:00:41,0.08264700,0.66900000
2018-03-01 07:00:41,0.08264200,0.01300000
2018-03-01 07:00:42,0.08264500,0.01900000
2018-03-01 07:00:42,0.08256100,0.07100000
2018-03-01 07:00:42,0.08256100,0.07100000
2018-03-01 07:00:42,0.08256100,0.07100000
2018-03-01 07:00:43,0.08256100,0.00600000
2018-03-01 07:00:43,0.08256100,0.11200000
2018-03-01 07:00:43,0.08256100,0.88900000
2018-03-01 07:00:44,0.08264400,0.23100000
2018-03-01 07:00:44,0.08256100,0.06600000
2018-03-01 07:00:44,0.08262800,0.01600000
2018-03-01 07:00:44,0.08262800,0.78100000
2018-03-01 07:00:45,0.08256100,0.06000000
2018-03-01 07:00:46,0.08256100,0.00100000
2018-03-01 07:00:46,0.08255700,0.02000000
2018-03-01 07:00:46,0.08255500,0.03700000
2018-03-01 07:00:46,0.08255700,0.02000000
2018-03-01 07:00:46,0.08255500,0.08200000
2018-03-01 07:00:46,0.08255700,0.01900000
2018-03-01 07:00:47,0.08256100,0.48500000
2018-03-01 07:00:47,0.08256100,0.19800000
2018-03-01 07:00:47,0.08256100,0.63900000
2018-03-01 07:00:47,0.08256100,0.04700000
2018-03-01 07:00:48,0.08256100,0.13300000
2018-03-01 07:00:48,0.08256100,0.09800000
2018-03-01 07:00:49,0.08256200,0.01900000
2018-03-01 07:00:50,0.08256200,0.00100000
2018-03-01 07:00:50,0.08256100,0.08500000
2018-03-01 07:00:50,0.08256200,0.02000000
2018-03-01 07:00:50,0.08256100,0.06000000
2018-03-01 07:00:51,0.08256100,0.58400000
2018-03-01 07:00:51,0.08256100,1.21200000
2018-03-01 07:00:51,0.08256100,0.06500000
2018-03-01 07:00:51,0.08256100,0.59500000
2018-03-01 07:00:51,0.08256100,0.00100000
2018-03-01 07:00:51,0.08255700,0.02000000
2018-03-01 07:00:51,0.08255500,0.10400000
2018-03-01 07:00:51,0.08262800,0.09500000
2018-03-01 07:00:51,0.08255700,0.02000000
2018-03-01 07:00:51,0.08255500,0.06600000
2018-03-01 07:00:52,0.08255500,0.41600000
2018-03-01 07:00:52,0.08255500,0.00100000
2018-03-01 07:00:52,0.08255200,0.61100000
2018-03-01 07:00:52,0.08254900,0.35100000
2018-03-01 07:00:52,0.08254400,0.12700000
2018-03-01 07:00:52,0.08253600,1.20000000
2018-03-01 07:00:52,0.08253500,0.34800000
2018-03-01 07:00:52,0.08253400,0.46200000
2018-03-01 07:00:52,0.08253000,0.41700000
2018-03-01 07:00:53,0.08254900,0.01700000
2018-03-01 07:00:53,0.08254900,0.16300000
2018-03-01 07:00:53,0.08254900,0.28600000
2018-03-01 07:00:53,0.08254900,0.04400000
2018-03-01 07:00:53,0.08262800,0.00300000
2018-03-01 07:00:53,0.08263900,0.33200000
2018-03-01 07:00:53,0.08263900,0.05700000
2018-03-01 07:00:53,0.08263900,0.04000000
2018-03-01 07:00:53,0.08253000,0.59500000
2018-03-01 07:00:53,0.08263900,0.03200000
2018-03-01 07:00:53,0.08252900,0.07900000
2018-03-01 07:00:53,0.08263900,1.87900000
2018-03-01 07:00:53,0.08254900,0.02400000
2018-03-01 07:00:53,0.08255500,0.19000000
2018-03-01 07:00:53,0.08254900,0.02400000
2018-03-01 07:00:53,0.08255500,0.00100000
2018-03-01 07:00:53,0.08262700,0.09900000
2018-03-01 07:00:54,0.08262700,1.14500000
2018-03-01 07:00:54,0.08262700,0.10000000
2018-03-01 07:00:54,0.08262700,0.02100000
2018-03-01 07:00:54,0.08263900,0.07900000
2018-03-01 07:00:54,0.08261600,0.70600000
2018-03-01 07:00:55,0.08261500,0.01900000
2018-03-01 07:00:55,0.08254900,0.00200000
2018-03-01 07:00:55,0.08253000,0.02300000
2018-03-01 07:00:55,0.08253000,0.06600000
2018-03-01 07:00:55,0.08253000,0.02400000
2018-03-01 07:00:56,0.08261200,0.24500000
2018-03-01 07:00:56,0.08253100,0.19900000
2018-03-01 07:00:56,0.08253200,0.75500000
2018-03-01 07:00:57,0.08261100,0.23000000
2018-03-01 07:00:57,0.08261000,0.40000000
2018-03-01 07:00:57,0.08261000,0.02500000
2018-03-01 07:00:58,0.08253000,1.21200000
2018-03-01 07:00:58,0.08253000,0.14800000
2018-03-01 07:00:58,0.08253000,0.66300000
2018-03-01 07:00:58,0.08253000,0.13000000
2018-03-01 07:00:58,0.08261000,1.41600000
2018-03-01 07:00:58,0.08253000,2.73300000
2018-03-01 07:00:58,0.08261000,2.76200000
2018-03-01 07:00:58,0.08253000,0.00100000
2018-03-01 07:00:58,0.08252900,0.03500000
2018-03-01 07:00:58,0.08252900,0.04500000
2018-03-01 07:00:58,0.08252900,0.00100000
2018-03-01 07:00:58,0.08252600,0.04400000
2018-03-01 07:00:58,0.08252900,0.01900000
2018-03-01 07:00:59,0.08260900,0.05900000
2018-03-01 07:00:59,0.08253200,0.05000000
2018-03-01 07:00:59,0.08252900,0.00100000
2018-03-01 07:00:59,0.08252600,0.32200000
2018-03-01 07:00:59,0.08252300,0.12500000
2018-03-01 07:00:59,0.08252200,0.21700000
2018-03-01 07:00:59,0.08252000,0.05000000
2018-03-01 07:00:59,0.08251600,0.40000000
2018-03-01 07:00:59,0.08251500,0.36000000
2018-03-01 07:00:59,0.08251400,0.16300000
2018-03-01 07:00:59,0.08260900,0.04200000
2018-03-01 07:00:59,0.08251400,0.01100000
2018-03-01 07:00:59,0.08251100,0.85800000
2018-03-01 07:00:59,0.08251600,0.01400000
2018-03-01 07:01:01,0.08252800,0.38000000
2018-03-01 07:01:01,0.08260700,0.07400000
2018-03-01 07:01:02,0.08252800,0.02000000
2018-03-01 07:01:02,0.08252800,0.00100000
2018-03-01 07:01:02,0.08251700,0.01900000
2018-03-01 07:01:02,0.08251700,0.02000000
2018-03-01 07:01:02,0.08252800,0.03900000
2018-03-01 07:01:05,0.08252900,0.03000000
2018-03-01 07:01:05,0.08252800,0.02700000
2018-03-01 07:01:06,0.08252800,0.11700000
2018-03-01 07:01:06,0.08252800,0.19300000
2018-03-01 07:01:06,0.08252800,0.03500000
2018-03-01 07:01:06,0.08252800,0.03900000
2018-03-01 07:01:06,0.08251700,0.09700000
2018-03-01 07:01:06,0.08260900,0.00300000
2018-03-01 07:01:06,0.08261200,0.01300000
2018-03-01 07:01:06,0.08261200,0.06000000
2018-03-01 07:01:06,0.08261200,0.00200000
2018-03-01 07:01:06,0.08261400,0.05900000
2018-03-01 07:01:06,0.08251700,0.02700000
2018-03-01 07:01:06,0.08261400,0.44700000
2018-03-01 07:01:07,0.08261400,0.31800000
2018-03-01 07:01:07,0.08261600,0.06700000
2018-03-01 07:01:07,0.08262500,0.17100000
2018-03-01 07:01:07,0.08262700,0.06700000
2018-03-01 07:01:07,0.08263400,0.14000000
2018-03-01 07:01:07,0.08252000,0.32000000
2018-03-01 07:01:07,0.08251800,0.20200000
2018-03-01 07:01:07,0.08261100,0.01900000
2018-03-01 07:01:07,0.08261100,0.01800000
2018-03-01 07:01:07,0.08261100,0.16700000
2018-03-01 07:01:07,0.08261100,0.57600000
2018-03-01 07:01:07,0.08261400,0.02000000
2018-03-01 07:01:07,0.08263400,0.12000000
2018-03-01 07:01:07,0.08263600,0.17100000
2018-03-01 07:01:07,0.08264300,0.61800000
2018-03-01 07:01:07,0.08264400,0.36800000
2018-03-01 07:01:07,0.08265000,3.50400000
2018-03-01 07:01:07,0.08261400,0.01900000
2018-03-01 07:01:08,0.08261000,0.31700000
2018-03-01 07:01:08,0.08261000,0.00300000
2018-03-01 07:01:08,0.08261400,0.18100000
2018-03-01 07:01:08,0.08262200,0.02000000
2018-03-01 07:01:08,0.08263300,0.11400000
2018-03-01 07:01:08,0.08262200,0.01900000
2018-03-01 07:01:08,0.08262200,0.00100000
2018-03-01 07:01:08,0.08263300,0.01800000
2018-03-01 07:01:08,0.08262200,0.01900000
2018-03-01 07:01:08,0.08260900,0.12000000
2018-03-01 07:01:08,0.08252200,0.02000000
2018-03-01 07:01:08,0.08252100,0.17500000
2018-03-01 07:01:09,0.08260800,0.01900000
2018-03-01 07:01:09,0.08260800,0.00100000
2018-03-01 07:01:09,0.08260900,0.01800000
2018-03-01 07:01:09,0.08260800,0.01900000
2018-03-01 07:01:09,0.08260800,0.00100000
2018-03-01 07:01:09,0.08260900,0.01500000
2018-03-01 07:01:09,0.08260800,0.01900000
2018-03-01 07:01:09,0.08252800,0.02300000
2018-03-01 07:01:10,0.08252800,0.19800000
2018-03-01 07:01:10,0.08260700,0.01400000
2018-03-01 07:01:10,0.08260900,0.04000000
2018-03-01 07:01:10,0.08260900,0.01300000
2018-03-01 07:01:10,0.08260900,0.01300000
2018-03-01 07:01:10,0.08260900,0.17200000
2018-03-01 07:01:10,0.08260900,0.30500000
2018-03-01 07:01:10,0.08260900,2.19300000
2018-03-01 07:01:10,0.08260900,0.41900000
2018-03-01 07:01:10,0.08260900,0.04500000
2018-03-01 07:01:11,0.08260900,0.12000000
2018-03-01 07:01:11,0.08252500,0.02000000
2018-03-01 07:01:11,0.08252400,0.00100000
2018-03-01 07:01:11,0.08252500,0.02000000
2018-03-01 07:01:11,0.08251700,0.15900000
2018-03-01 07:01:12,0.08260800,0.20000000
2018-03-01 07:01:12,0.08260900,0.56500000
2018-03-01 07:01:13,0.08260900,0.55200000
2018-03-01 07:01:13,0.08260900,0.02800000
2018-03-01 07:01:13,0.08252800,0.01400000
2018-03-01 07:01:14,0.08260900,0.17800000
2018-03-01 07:01:15,0.08254600,0.07100000
2018-03-01 07:01:15,0.08254600,0.00100000
2018-03-01 07:01:15,0.08252000,0.31900000
2018-03-01 07:01:15,0.08260900,0.12700000
2018-03-01 07:01:15,0.08260900,0.10500000
2018-03-01 07:01:16,0.08252000,0.04900000
2018-03-01 07:01:17,0.08252000,1.21200000
2018-03-01 07:01:17,0.08252000,1.53800000
2018-03-01 07:01:17,0.08260700,0.02000000
2018-03-01 07:01:17,0.08260800,1.15200000
2018-03-01 07:01:17,0.08260800,2.38700000
2018-03-01 07:01:18,0.08260800,0.38000000
2018-03-01 07:01:18,0.08252200,0.02000000
2018-03-01 07:01:18,0.08252100,0.19400000
2018-03-01 07:01:18,0.08260800,0.00100000
2018-03-01 07:01:18,0.08260900,0.43000000
2018-03-01 07:01:18,0.08261300,0.05200000
2018-03-01 07:01:18,0.08261300,0.26300000
2018-03-01 07:01:18,0.08262000,0.18000000
2018-03-01 07:01:18,0.08263300,0.04400000
2018-03-01 07:01:19,0.08262100,0.01900000
2018-03-01 07:01:19,0.08255000,0.02800000
2018-03-01 07:01:19,0.08255000,0.12400000
2018-03-01 07:01:19,0.08260700,0.18300000
2018-03-01 07:01:19,0.08255000,0.01700000
2018-03-01 07:01:19,0.08255000,0.09900000
2018-03-01 07:01:20,0.08255000,0.18100000
2018-03-01 07:01:20,0.08255000,0.00100000
2018-03-01 07:01:20,0.08252300,0.03200000
2018-03-01 07:01:21,0.08252300,0.05500000
2018-03-01 07:01:22,0.08254200,0.39900000
2018-03-01 07:01:26,0.08254300,0.03000000
2018-03-01 07:01:26,0.08254200,0.00100000
2018-03-01 07:01:26,0.08252300,0.03700000
2018-03-01 07:01:26,0.08252000,0.03100000
2018-03-01 07:01:27,0.08252300,0.02000000
2018-03-01 07:01:27,0.08252000,0.00200000
2018-03-01 07:01:27,0.08260600,0.04200000
2018-03-01 07:01:27,0.08260200,0.22000000
2018-03-01 07:01:28,0.08254200,0.01800000
2018-03-01 07:01:28,0.08260000,0.31900000
2018-03-01 07:01:29,0.08260000,1.11900000
2018-03-01 07:01:29,0.08254200,0.01700000
2018-03-01 07:01:29,0.08254200,0.36500000
2018-03-01 07:01:29,0.08252000,0.72800000
2018-03-01 07:01:29,0.08251700,0.07800000
2018-03-01 07:01:29,0.08251600,0.02000000
2018-03-01 07:01:29,0.08251000,0.24200000
2018-03-01 07:01:29,0.08250800,0.62600000
2018-03-01 07:01:31,0.08254200,0.04000000
2018-03-01 07:01:31,0.08254200,0.35800000
2018-03-01 07:01:32,0.08259900,0.01900000
2018-03-01 07:01:32,0.08254200,0.05100000
2018-03-01 07:01:33,0.08259800,0.09200000
2018-03-01 07:01:33,0.08259900,0.00100000
2018-03-01 07:01:33,0.08260000,0.18800000
2018-03-01 07:01:33,0.08259800,0.02000000
2018-03-01 07:01:33,0.08260000,0.28000000
2018-03-01 07:01:34,0.08259800,0.01900000
2018-03-01 07:01:36,0.08259700,0.05500000
2018-03-01 07:01:36,0.08259700,0.00100000
2018-03-01 07:01:36,0.08260000,0.06400000
2018-03-01 07:01:37,0.08259700,0.02000000
2018-03-01 07:01:37,0.08260000,1.01200000
2018-03-01 07:01:37,0.08260000,0.01900000
2018-03-01 07:01:37,0.08260000,1.01900000
2018-03-01 07:01:37,0.08260100,0.01000000
2018-03-01 07:01:37,0.08260100,0.07400000
2018-03-01 07:01:37,0.08260200,0.00100000
2018-03-01 07:01:37,0.08260600,0.05300000
2018-03-01 07:01:39,0.08260600,0.00900000
2018-03-01 07:01:39,0.08261000,0.10300000
2018-03-01 07:01:39,0.08261000,0.00200000
2018-03-01 07:01:39,0.08261600,0.09500000
2018-03-01 07:01:40,0.08261600,0.66100000
2018-03-01 07:01:40,0.08262900,0.18000000
2018-03-01 07:01:40,0.08263300,0.13900000
2018-03-01 07:01:40,0.08265000,4.39900000
2018-03-01 07:01:41,0.08263200,0.12000000
2018-03-01 07:01:41,0.08264300,0.13900000
2018-03-01 07:01:41,0.08264900,0.07200000
2018-03-01 07:01:41,0.08265000,0.47900000
2018-03-01 07:01:41,0.08254400,0.10300000
2018-03-01 07:01:41,0.08254400,0.00100000
2018-03-01 07:01:41,0.08254200,0.00100000
2018-03-01 07:01:41,0.08251400,0.10100000
2018-03-01 07:01:42,0.08254400,0.19900000
2018-03-01 07:01:42,0.08254400,0.01900000
2018-03-01 07:01:42,0.08254400,0.10000000
2018-03-01 07:01:42,0.08254400,0.18100000
2018-03-01 07:01:42,0.08254400,0.17100000
2018-03-01 07:01:42,0.08254200,0.05000000
2018-03-01 07:01:42,0.08250800,0.40000000
2018-03-01 07:01:42,0.08250600,0.31000000
2018-03-01 07:01:42,0.08254400,0.03700000
2018-03-01 07:01:43,0.08253300,0.02000000
2018-03-01 07:01:43,0.08252500,0.06000000
2018-03-01 07:01:43,0.08250600,0.01200000
2018-03-01 07:01:43,0.08250600,0.02600000
2018-03-01 07:01:43,0.08250400,0.00400000
2018-03-01 07:01:43,0.08262700,0.18400000
2018-03-01 07:01:43,0.08265000,0.81600000
2018-03-01 07:01:43,0.08250400,0.01900000
2018-03-01 07:01:43,0.08253300,0.02000000
2018-03-01 07:01:43,0.08250400,0.02300000
2018-03-01 07:01:45,0.08253700,0.05000000
2018-03-01 07:01:45,0.08253600,0.11100000
2018-03-01 07:01:45,0.08263400,0.01900000
2018-03-01 07:01:45,0.08254000,0.32000000
2018-03-01 07:01:45,0.08253700,0.41100000
2018-03-01 07:01:46,0.08263300,0.05500000
2018-03-01 07:01:47,0.08263000,0.08000000
2018-03-01 07:01:47,0.08254000,0.01500000
2018-03-01 07:01:47,0.08254000,0.02600000
2018-03-01 07:01:47,0.08263000,0.25900000
2018-03-01 07:01:48,0.08254000,0.87000000
2018-03-01 07:01:48,0.08253400,0.15000000
2018-03-01 07:01:48,0.08253000,0.55400000
2018-03-01 07:01:48,0.08254200,0.09700000
2018-03-01 07:01:49,0.08262900,0.02500000
2018-03-01 07:01:49,0.08262900,0.02600000
2018-03-01 07:01:50,0.08254300,0.01500000
2018-03-01 07:01:50,0.08254300,0.74900000
2018-03-01 07:01:51,0.08254200,0.00700000
2018-03-01 07:01:51,0.08253800,0.02000000
2018-03-01 07:01:51,0.08253400,0.02000000
2018-03-01 07:01:51,0.08253000,0.67600000
2018-03-01 07:01:52,0.08262600,0.01900000
2018-03-01 07:01:52,0.08262600,0.63800000
2018-03-01 07:01:53,0.08254200,0.09900000
2018-03-01 07:01:53,0.08254200,0.10000000
2018-03-01 07:01:54,0.08262600,0.13700000
2018-03-01 07:01:55,0.08254200,0.00100000
2018-03-01 07:01:55,0.08253700,0.02000000
2018-03-01 07:01:55,0.08252400,0.04800000
2018-03-01 07:01:56,0.08252400,0.05500000
2018-03-01 07:01:56,0.08262500,0.18600000
2018-03-01 07:01:57,0.08253000,0.04900000
2018-03-01 07:01:57,0.08253000,0.19000000
2018-03-01 07:01:58,0.08253000,0.02000000
2018-03-01 07:01:58,0.08253100,0.03400000
2018-03-01 07:01:58,0.08262000,0.31900000
2018-03-01 07:01:58,0.08253100,0.11500000
2018-03-01 07:01:59,0.08252000,0.01900000
2018-03-01 07:01:59,0.08262000,0.05000000
2018-03-01 07:02:00,0.08252200,0.05100000
2018-03-01 07:02:00,0.08252200,0.02000000
2018-03-01 07:02:00,0.08261300,0.71400000
2018-03-01 07:02:01,0.08255500,0.15400000
2018-03-01 07:02:01,0.08255500,0.02000000
2018-03-01 07:02:02,0.08252000,0.01900000
2018-03-01 07:02:02,0.08255500,0.00100000
2018-03-01 07:02:02,0.08261200,0.17400000
2018-03-01 07:02:03,0.08252100,0.06500000
2018-03-01 07:02:03,0.08252100,0.06300000
2018-03-01 07:02:03,0.08252100,0.12500000
2018-03-01 07:02:04,0.08255500,0.03000000
2018-03-01 07:02:04,0.08261100,0.02000000
2018-03-01 07:02:04,0.08261200,0.80900000
2018-03-01 07:02:05,0.08260900,0.02000000
2018-03-01 07:02:05,0.08261000,1.07800000
2018-03-01 07:02:05,0.08260900,0.02000000
2018-03-01 07:02:05,0.08255500,0.01900000
2018-03-01 07:02:05,0.08260900,0.01900000
2018-03-01 07:02:05,0.08255500,0.03100000
2018-03-01 07:02:05,0.08255500,0.00100000
2018-03-01 07:02:05,0.08255400,0.07000000
2018-03-01 07:02:06,0.08251900,0.01900000
2018-03-01 07:02:06,0.08255400,0.00100000
2018-03-01 07:02:06,0.08255400,0.02300000
2018-03-01 07:02:06,0.08255400,0.00100000
2018-03-01 07:02:06,0.08251900,0.00100000
2018-03-01 07:02:06,0.08251000,0.02100000
2018-03-01 07:02:06,0.08260800,0.00100000
2018-03-01 07:02:06,0.08255500,0.03200000
2018-03-01 07:02:06,0.08260800,0.01600000
2018-03-01 07:02:06,0.08260800,0.04800000
2018-03-01 07:02:07,0.08251900,0.01900000
2018-03-01 07:02:07,0.08260800,0.03600000
2018-03-01 07:02:07,0.08252000,0.09600000
2018-03-01 07:02:08,0.08252100,0.02000000
2018-03-01 07:02:08,0.08252000,0.12600000
2018-03-01 07:02:08,0.08252100,0.02000000
2018-03-01 07:02:08,0.08260700,0.06600000
2018-03-01 07:02:09,0.08252100,0.02000000
2018-03-01 07:02:10,0.08251500,0.01900000
2018-03-01 07:02:10,0.08251500,0.03900000
2018-03-01 07:02:11,0.08251600,0.30700000
2018-03-01 07:02:11,0.08251600,0.30900000
2018-03-01 07:02:11,0.08251600,0.34000000
2018-03-01 07:02:12,0.08251600,0.14200000
2018-03-01 07:02:12,0.08260000,0.02000000
2018-03-01 07:02:12,0.08260100,3.58500000
2018-03-01 07:02:13,0.08251600,0.08000000
2018-03-01 07:02:13,0.08260100,0.09500000
2018-03-01 07:02:13,0.08260200,0.11000000
2018-03-01 07:02:13,0.08260500,0.02100000
2018-03-01 07:02:13,0.08260800,0.00300000
2018-03-01 07:02:13,0.08261000,0.02000000
2018-03-01 07:02:13,0.08261100,0.04800000
2018-03-01 07:02:13,0.08261300,0.23500000
2018-03-01 07:02:13,0.08260100,0.04900000
2018-03-01 07:02:14,0.08260100,0.04500000
2018-03-01 07:02:14,0.08260100,0.00100000
2018-03-01 07:02:14,0.08251600,0.04400000
2018-03-01 07:02:14,0.08251600,0.04500000
2018-03-01 07:02:16,0.08252000,0.06300000
2018-03-01 07:02:17,0.08252300,0.10400000
2018-03-01 07:02:17,0.08252100,1.10000000
2018-03-01 07:02:17,0.08252000,3.23300000
2018-03-01 07:02:17,0.08252100,0.02000000
2018-03-01 07:02:17,0.08252000,0.94400000
2018-03-01 07:02:17,0.08260800,0.12400000
2018-03-01 07:02:17,0.08260900,0.05800000
2018-03-01 07:02:18,0.08252000,0.34500000
2018-03-01 07:02:18,0.08251500,0.02000000
2018-03-01 07:02:18,0.08250700,0.78600000
2018-03-01 07:02:18,0.08250400,0.00200000
2018-03-01 07:02:18,0.08250100,0.03600000
2018-03-01 07:02:18,0.08250000,2.45200000
2018-03-01 07:02:19,0.08260500,0.02400000
2018-03-01 07:02:19,0.08250200,0.13300000
2018-03-01 07:02:20,0.08255500,0.50800000
2018-03-01 07:02:20,0.08255500,0.02400000
2018-03-01 07:02:20,0.08260500,0.12500000
2018-03-01 07:02:20,0.08260600,0.23500000
2018-03-01 07:02:20,0.08260600,0.17700000
2018-03-01 07:02:20,0.08260600,0.53100000
2018-03-01 07:02:20,0.08260600,0.17400000
2018-03-01 07:02:20,0.08260600,0.01900000
2018-03-01 07:02:20,0.08250300,0.12600000
2018-03-01 07:02:21,0.08250300,0.03700000
2018-03-01 07:02:21,0.08250300,0.11400000
2018-03-01 07:02:23,0.08254200,0.03400000
2018-03-01 07:02:23,0.08254200,0.04900000
2018-03-01 07:02:24,0.08254200,1.01900000
2018-03-01 07:02:24,0.08259800,0.62200000
2018-03-01 07:02:24,0.08254200,0.19200000
2018-03-01 07:02:24,0.08259800,0.18600000
2018-03-01 07:02:24,0.08254200,0.93900000
2018-03-01 07:02:25,0.08254200,0.27400000
2018-03-01 07:02:25,0.08259700,0.11100000
2018-03-01 07:02:25,0.08259700,0.07500000
2018-03-01 07:02:25,0.08254200,1.21100000
2018-03-01 07:02:25,0.08254200,0.02200000
2018-03-01 07:02:26,0.08259700,0.19700000
2018-03-01 07:02:28,0.08259700,0.19800000
2018-03-01 07:02:28,0.08259700,0.40000000
2018-03-01 07:02:28,0.08259700,0.03500000
2018-03-01 07:02:28,0.08254200,1.26000000
2018-03-01 07:02:28,0.08250800,0.01700000
2018-03-01 07:02:28,0.08250500,0.02000000
2018-03-01 07:02:28,0.08250400,0.03000000
2018-03-01 07:02:28,0.08250000,0.41600000
2018-03-01 07:02:29,0.08259600,0.01900000
2018-03-01 07:02:29,0.08259600,0.00100000
2018-03-01 07:02:29,0.08259700,0.01800000
2018-03-01 07:02:29,0.08259500,0.05700000
2018-03-01 07:02:30,0.08250200,0.07800000
2018-03-01 07:02:30,0.08250100,0.08400000
2018-03-01 07:02:31,0.08259400,0.01900000
2018-03-01 07:02:31,0.08259000,0.04700000
2018-03-01 07:02:32,0.08259000,0.02200000
2018-03-01 07:02:32,0.08259000,0.02000000
2018-03-01 07:02:34,0.08259000,0.06800000
2018-03-01 07:02:34,0.08259000,0.01900000
2018-03-01 07:02:35,0.08259100,0.01900000
2018-03-01 07:02:35,0.08259100,0.00100000
2018-03-01 07:02:35,0.08259300,0.01800000
2018-03-01 07:02:35,0.08250400,0.07300000
2018-03-01 07:02:36,0.08259100,0.01900000
2018-03-01 07:02:36,0.08259100,0.00100000
2018-03-01 07:02:36,0.08259300,0.01800000
2018-03-01 07:02:36,0.08259300,0.01400000
2018-03-01 07:02:36,0.08259100,0.02000000
2018-03-01 07:02:36,0.08259300,0.13500000
2018-03-01 07:02:36,0.08259300,0.32000000
2018-03-01 07:02:36,0.08250600,0.07200000
2018-03-01 07:02:37,0.08250600,0.24200000
2018-03-01 07:02:39,0.08250300,0.10400000
2018-03-01 07:02:39,0.08250200,0.02000000
2018-03-01 07:02:39,0.08250000,0.13000000
2018-03-01 07:02:39,0.08258900,0.02500000
2018-03-01 07:02:42,0.08258800,0.03500000
2018-03-01 07:02:42,0.08258800,0.04800000
2018-03-01 07:02:43,0.08250300,0.56000000
2018-03-01 07:02:43,0.08250200,0.02000000
2018-03-01 07:02:43,0.08250000,0.01800000
2018-03-01 07:02:44,0.08250200,0.02000000
2018-03-01 07:02:44,0.08250000,0.82600000
2018-03-01 07:02:44,0.08250200,0.02000000
2018-03-01 07:02:44,0.08250000,2.02300000
2018-03-01 07:02:44,0.08249500,0.04300000
2018-03-01 07:02:45,0.08258700,0.03700000
2018-03-01 07:02:46,0.08258600,0.03000000
2018-03-01 07:02:47,0.08258600,0.59500000
2018-03-01 07:02:47,0.08258600,0.03500000
2018-03-01 07:02:47,0.08258500,0.02000000
2018-03-01 07:02:47,0.08258600,0.24800000
2018-03-01 07:02:48,0.08258500,0.01900000
2018-03-01 07:02:48,0.08250200,0.03000000
2018-03-01 07:02:48,0.08250100,0.18600000
2018-03-01 07:02:48,0.08249500,0.25800000
2018-03-01 07:02:49,0.08258500,0.00100000
2018-03-01 07:02:49,0.08258600,0.02000000
2018-03-01 07:02:49,0.08258600,0.02000000
2018-03-01 07:02:49,0.08258600,0.02000000
2018-03-01 07:02:49,0.08258600,0.02000000
2018-03-01 07:02:49,0.08258600,0.02000000
2018-03-01 07:02:49,0.08258600,0.05100000
2018-03-01 07:02:49,0.08258600,0.02000000
2018-03-01 07:02:49,0.08258600,0.02000000
2018-03-01 07:02:49,0.08258600,0.02000000
2018-03-01 07:02:49,0.08258600,0.22300000
2018-03-01 07:02:49,0.08249600,0.05900000
2018-03-01 07:02:50,0.08258700,0.23100000
2018-03-01 07:02:50,0.08258700,0.16200000
2018-03-01 07:02:50,0.08258600,0.02900000
2018-03-01 07:02:50,0.08258600,0.00100000
2018-03-01 07:02:50,0.08249600,0.02800000
2018-03-01 07:02:50,0.08249600,0.02900000
2018-03-01 07:02:50,0.08249600,0.02900000
2018-03-01 07:02:51,0.08258400,0.31500000
2018-03-01 07:02:51,0.08258400,0.45700000
2018-03-01 07:02:51,0.08258700,0.31000000
2018-03-01 07:02:51,0.08258700,0.01400000
2018-03-01 07:02:52,0.08254200,0.76900000
2018-03-01 07:02:52,0.08254200,0.02400000
2018-03-01 07:02:52,0.08254200,0.13700000
2018-03-01 07:02:53,0.08254200,0.11500000
2018-03-01 07:02:55,0.08258700,0.02800000
2018-03-01 07:02:55,0.08258700,0.16600000
2018-03-01 07:02:56,0.08258700,0.00100000
2018-03-01 07:02:56,0.08258800,0.01900000
2018-03-01 07:02:56,0.08258900,0.07900000
2018-03-01 07:02:56,0.08259000,1.89100000
2018-03-01 07:02:56,0.08259000,0.25900000
2018-03-01 07:02:56,0.08259000,0.43900000
2018-03-01 07:02:57,0.08258600,0.14400000
2018-03-01 07:02:58,0.08250500,0.02400000
2018-03-01 07:02:59,0.08250500,0.10100000
2018-03-01 07:03:02,0.08258600,0.00100000
2018-03-01 07:03:02,0.08259000,3.27900000
2018-03-01 07:03:02,0.08259400,0.10400000
2018-03-01 07:03:02,0.08260000,0.03000000
2018-03-01 07:03:02,0.08260300,0.75600000
2018-03-01 07:03:02,0.08260800,0.04100000
2018-03-01 07:03:03,0.08260800,0.00700000
2018-03-01 07:03:03,0.08261000,0.03900000
2018-03-01 07:03:03,0.08261000,0.26100000
2018-03-01 07:03:04,0.08260800,0.06700000
2018-03-01 07:03:04,0.08260800,0.00100000
2018-03-01 07:03:04,0.08251100,0.06600000
2018-03-01 07:03:04,0.08261000,0.03400000
2018-03-01 07:03:04,0.08251100,0.68900000
2018-03-01 07:03:04,0.08251400,0.30600000
2018-03-01 07:03:05,0.08261000,1.20900000
2018-03-01 07:03:05,0.08261000,2.42700000
2018-03-01 07:03:05,0.08261100,0.14800000
2018-03-01 07:03:06,0.08261000,0.05900000
2018-03-01 07:03:06,0.08252000,0.07900000
2018-03-01 07:03:08,0.08258600,0.12600000
2018-03-01 07:03:09,0.08258600,0.02500000
2018-03-01 07:03:09,0.08252300,0.01900000
2018-03-01 07:03:10,0.08252300,0.11200000
2018-03-01 07:03:10,0.08252300,0.18300000
2018-03-01 07:03:10,0.08251800,0.10400000
2018-03-01 07:03:10,0.08251400,3.09200000
2018-03-01 07:03:10,0.08252300,0.02000000
2018-03-01 07:03:10,0.08251400,0.06200000
2018-03-01 07:03:12,0.08258600,0.00100000
2018-03-01 07:03:12,0.08259000,0.02500000
2018-03-01 07:03:12,0.08259000,0.04400000
2018-03-01 07:03:12,0.08259000,0.00100000
2018-03-01 07:03:12,0.08260900,0.02500000
2018-03-01 07:03:12,0.08260900,0.07800000
2018-03-01 07:03:12,0.08260900,0.00100000
2018-03-01 07:03:12,0.08261100,0.00500000
2018-03-01 07:03:12,0.08262400,0.07200000
2018-03-01 07:03:12,0.08262500,0.00100000
2018-03-01 07:03:12,0.08262600,0.03300000
2018-03-01 07:03:12,0.08262900,0.18000000
2018-03-01 07:03:12,0.08263000,5.04400000
2018-03-01 07:03:12,0.08262900,0.17900000
2018-03-01 07:03:13,0.08262900,0.08000000
2018-03-01 07:03:13,0.08262900,0.02000000
2018-03-01 07:03:13,0.08263300,0.09900000
2018-03-01 07:03:13,0.08262900,0.02000000
2018-03-01 07:03:13,0.08263300,0.09900000
2018-03-01 07:03:13,0.08262800,0.01900000
2018-03-01 07:03:14,0.08262800,0.14100000
2018-03-01 07:03:14,0.08262700,0.01000000
2018-03-01 07:03:15,0.08253500,0.14900000
2018-03-01 07:03:15,0.08253400,0.04700000
2018-03-01 07:03:16,0.08253700,0.36300000
2018-03-01 07:03:16,0.08263400,1.14000000
2018-03-01 07:03:17,0.08254100,0.03600000
2018-03-01 07:03:18,0.08254300,0.24200000
2018-03-01 07:03:18,0.08263200,0.01900000
2018-03-01 07:03:19,0.08263100,0.01900000
2018-03-01 07:03:21,0.08262600,0.17200000
2018-03-01 07:03:22,0.08254400,0.02000000
2018-03-01 07:03:22,0.08254000,0.34300000
2018-03-01 07:03:24,0.08262600,0.03100000
2018-03-01 07:03:24,0.08263100,0.00100000
2018-03-01 07:03:24,0.08263200,0.04100000
2018-03-01 07:03:25,0.08254400,0.02000000
2018-03-01 07:03:25,0.08254000,0.16400000
2018-03-01 07:03:25,0.08263100,0.02000000
2018-03-01 07:03:25,0.08263200,0.18000000
2018-03-01 07:03:27,0.08254500,1.00000000
2018-03-01 07:03:28,0.08263000,0.03100000
2018-03-01 07:03:28,0.08254500,0.01900000
2018-03-01 07:03:30,0.08263000,0.12800000
2018-03-01 07:03:30,0.08263000,0.34100000
2018-03-01 07:03:30,0.08263000,0.40800000
2018-03-01 07:03:32,0.08254400,0.01500000
2018-03-01 07:03:32,0.08263000,0.23200000
2018-03-01 07:03:33,0.08263000,0.02000000
2018-03-01 07:03:33,0.08263000,0.00100000
2018-03-01 07:03:33,0.08263100,0.01300000
2018-03-01 07:03:34,0.08263100,0.20900000
2018-03-01 07:03:34,0.08254400,0.20700000
2018-03-01 07:03:34,0.08254300,0.02000000
2018-03-01 07:03:34,0.08254000,0.01500000
2018-03-01 07:03:34,0.08263000,0.69700000
2018-03-01 07:03:34,0.08262900,0.02000000
2018-03-01 07:03:34,0.08263000,0.28000000
2018-03-01 07:03:35,0.08263000,0.98500000
2018-03-01 07:03:40,0.08262900,0.02100000
2018-03-01 07:03:42,0.08254300,0.10400000
2018-03-01 07:03:42,0.08262700,0.28200000
2018-03-01 07:03:42,0.08262700,0.08100000
2018-03-01 07:03:42,0.08262700,0.09200000
2018-03-01 07:03:42,0.08262700,0.05800000
2018-03-01 07:03:43,0.08262700,0.10000000
2018-03-01 07:03:43,0.08254300,0.12200000
2018-03-01 07:03:43,0.08262700,0.02000000
2018-03-01 07:03:44,0.08262700,0.10000000
2018-03-01 07:03:44,0.08263000,0.47300000
2018-03-01 07:03:45,0.08263000,0.04100000
2018-03-01 07:03:45,0.08262900,0.12000000
2018-03-01 07:03:45,0.08263000,0.13600000
2018-03-01 07:03:46,0.08254500,0.01500000
2018-03-01 07:03:46,0.08263000,0.21800000
2018-03-01 07:03:47,0.08254500,0.08900000
2018-03-01 07:03:47,0.08254300,0.05900000
2018-03-01 07:03:47,0.08253300,0.02000000
2018-03-01 07:03:47,0.08253100,1.08800000
2018-03-01 07:03:47,0.08253100,0.08800000
2018-03-01 07:03:49,0.08253400,0.29900000
2018-03-01 07:03:49,0.08253400,0.36100000
2018-03-01 07:03:49,0.08253500,0.04900000
2018-03-01 07:03:50,0.08262600,0.73400000
2018-03-01 07:03:51,0.08254000,0.06800000
2018-03-01 07:03:51,0.08262600,0.12000000
2018-03-01 07:03:51,0.08262600,0.02000000
2018-03-01 07:03:51,0.08254100,0.14800000
2018-03-01 07:03:51,0.08262600,0.10000000
2018-03-01 07:03:52,0.08262600,0.01800000
2018-03-01 07:03:52,0.08262600,0.10200000
2018-03-01 07:03:53,0.08262700,0.08000000
2018-03-01 07:03:53,0.08262700,0.49500000
2018-03-01 07:03:53,0.08254000,0.04500000
2018-03-01 07:03:55,0.08262600,0.13600000
2018-03-01 07:03:55,0.08262600,0.10000000
2018-03-01 07:03:56,0.08262700,0.01300000
2018-03-01 07:03:57,0.08262700,1.20900000
2018-03-01 07:03:57,0.08254000,0.21000000
2018-03-01 07:03:57,0.08253700,0.04800000
2018-03-01 07:03:57,0.08253700,0.04300000
2018-03-01 07:03:58,0.08253700,0.01900000
2018-03-01 07:03:59,0.08253800,0.06900000
2018-03-01 07:03:59,0.08262500,0.02900000
2018-03-01 07:03:59,0.08253800,0.11800000
2018-03-01 07:04:00,0.08256200,0.14900000
2018-03-01 07:04:01,0.08256200,0.00100000
2018-03-01 07:04:01,0.08256200,0.02300000
2018-03-01 07:04:01,0.08262000,0.37900000
2018-03-01 07:04:01,0.08262000,1.46900000
2018-03-01 07:04:01,0.08262400,0.18700000
2018-03-01 07:04:01,0.08262500,0.04200000
2018-03-01 07:04:01,0.08262700,0.14900000
2018-03-01 07:04:01,0.08262000,0.01900000
2018-03-01 07:04:02,0.08262000,0.00100000
2018-03-01 07:04:02,0.08262700,0.02300000
2018-03-01 07:04:02,0.08262700,1.58700000
2018-03-01 07:04:02,0.08262700,0.25700000
2018-03-01 07:04:03,0.08256200,0.00100000
2018-03-01 07:04:03,0.08253500,0.18700000
2018-03-01 07:04:03,0.08253500,0.09800000
2018-03-01 07:04:03,0.08253200,0.02000000
2018-03-01 07:04:03,0.08253100,0.04800000
2018-03-01 07:04:03,0.08252400,0.18000000
2018-03-01 07:04:03,0.08252300,0.75600000
2018-03-01 07:04:03,0.08251000,0.30900000
2018-03-01 07:04:04,0.08253200,0.02000000
2018-03-01 07:04:04,0.08253000,0.06300000
2018-03-01 07:04:04,0.08253200,0.01900000
2018-03-01 07:04:04,0.08253300,0.06800000
2018-03-01 07:04:04,0.08253300,1.03100000
2018-03-01 07:04:05,0.08253400,0.06400000
2018-03-01 07:04:05,0.08253800,0.10000000
2018-03-01 07:04:05,0.08253800,0.07400000
2018-03-01 07:04:06,0.08253800,0.04900000
2018-03-01 07:04:06,0.08253800,0.00100000
2018-03-01 07:04:06,0.08262500,0.04700000
2018-03-01 07:04:06,0.08262500,0.04900000
2018-03-01 07:04:06,0.08253200,0.12100000
2018-03-01 07:04:06,0.08262500,1.00300000
2018-03-01 07:04:06,0.08262600,0.12400000
2018-03-01 07:04:06,0.08262800,0.10400000
2018-03-01 07:04:06,0.08263000,6.11300000
2018-03-01 07:04:06,0.08263100,1.75600000
2018-03-01 07:04:07,0.08262100,0.02000000
2018-03-01 07:04:07,0.08262200,0.98000000
2018-03-01 07:04:09,0.08254300,0.05100000
2018-03-01 07:04:10,0.08256200,0.14300000
2018-03-01 07:04:12,0.08254300,0.16400000
2018-03-01 07:04:12,0.08254300,0.11900000
2018-03-01 07:04:12,0.08254300,0.00100000
2018-03-01 07:04:12,0.08253400,0.10400000
2018-03-01 07:04:12,0.08253200,0.35700000
2018-03-01 07:04:12,0.08253000,1.23400000
2018-03-01 07:04:13,0.08253200,0.01900000
2018-03-01 07:04:13,0.08253000,0.12700000
2018-03-01 07:04:13,0.08253100,0.03600000
2018-03-01 07:04:14,0.08253100,0.77200000
2018-03-01 07:04:15,0.08253200,0.02000000
2018-03-01 07:04:15,0.08253100,0.06800000
2018-03-01 07:04:15,0.08253200,0.01900000
2018-03-01 07:04:20,0.08256200,0.00700000
2018-03-01 07:04:20,0.08256200,0.04600000
2018-03-01 07:04:21,0.08256200,0.00100000
2018-03-01 07:04:21,0.08253200,0.00100000
2018-03-01 07:04:21,0.08253100,0.05600000
2018-03-01 07:04:22,0.08253200,0.01900000
2018-03-01 07:04:22,0.08253200,1.14600000
2018-03-01 07:04:23,0.08253400,0.01900000
2018-03-01 07:04:23,0.08261900,0.04000000
2018-03-01 07:04:23,0.08261900,0.03700000
2018-03-01 07:04:24,0.08256200,0.01300000
2018-03-01 07:04:24,0.08256200,0.00100000
2018-03-01 07:04:24,0.08253400,0.00100000
2018-03-01 07:04:24,0.08253300,0.01100000
2018-03-01 07:04:25,0.08253400,0.01900000
2018-03-01 07:04:26,0.08261000,0.35200000
2018-03-01 07:04:27,0.08261000,0.12400000
2018-03-01 07:04:27,0.08261000,0.02900000
2018-03-01 07:04:27,0.08261000,0.42300000
2018-03-01 07:04:27,0.08253400,0.00100000
2018-03-01 07:04:27,0.08253300,0.02000000
2018-03-01 07:04:27,0.08253300,0.03700000
2018-03-01 07:04:27,0.08253300,0.02000000
2018-03-01 07:04:27,0.08253300,0.02000000
2018-03-01 07:04:27,0.08253300,0.02000000
2018-03-01 07:04:27,0.08253300,0.10000000
2018-03-01 07:04:27,0.08253300,0.19400000
2018-03-01 07:04:27,0.08261000,0.09900000
2018-03-01 07:04:27,0.08253200,0.05800000
2018-03-01 07:04:28,0.08253200,0.04000000
2018-03-01 07:04:28,0.08253200,0.07300000
2018-03-01 07:04:28,0.08253200,0.39200000
2018-03-01 07:04:28,0.08253200,0.02500000
2018-03-01 07:04:28,0.08253200,0.07500000
2018-03-01 07:04:28,0.08253200,0.03700000
2018-03-01 07:04:29,0.08253200,0.62700000
2018-03-01 07:04:29,0.08260000,0.02500000
2018-03-01 07:04:29,0.08253200,0.00100000
2018-03-01 07:04:29,0.08253200,0.02300000
2018-03-01 07:04:29,0.08260000,0.52200000
2018-03-01 07:04:30,0.08260000,0.21200000
2018-03-01 07:04:30,0.08260000,2.97300000
2018-03-01 07:04:30,0.08253100,1.21100000
2018-03-01 07:04:30,0.08253100,1.34500000
2018-03-01 07:04:31,0.08253100,0.06200000
2018-03-01 07:04:31,0.08253000,0.25300000
2018-03-01 07:04:31,0.08251000,0.25100000
2018-03-01 07:04:31,0.08250700,0.18000000
2018-03-01 07:04:31,0.08250400,0.04800000
2018-03-01 07:04:31,0.08250100,0.10000000
2018-03-01 07:04:31,0.08250000,0.62000000
2018-03-01 07:04:32,0.08260000,0.02000000
2018-03-01 07:04:32,0.08261000,0.13500000
2018-03-01 07:04:32,0.08262000,0.22900000
2018-03-01 07:04:35,0.08253000,0.21700000
2018-03-01 07:04:35,0.08259900,0.07500000
2018-03-01 07:04:35,0.08260700,0.02000000
2018-03-01 07:04:35,0.08260800,0.01500000
2018-03-01 07:04:35,0.08259800,0.04300000
2018-03-01 07:04:37,0.08259800,0.01900000
2018-03-01 07:04:37,0.08259800,0.06800000
2018-03-01 07:04:37,0.08259800,0.33800000
2018-03-01 07:04:37,0.08259800,0.12000000
2018-03-01 07:04:38,0.08259800,0.06800000
2018-03-01 07:04:38,0.08253000,0.29400000
2018-03-01 07:04:39,0.08257900,0.39800000
2018-03-01 07:04:42,0.08257900,0.00200000
2018-03-01 07:04:42,0.08259800,0.05200000
2018-03-01 07:04:42,0.08253000,0.09800000
2018-03-01 07:04:42,0.08259800,0.10000000
2018-03-01 07:04:43,0.08259800,0.46400000
2018-03-01 07:04:43,0.08259800,0.01600000
2018-03-01 07:04:44,0.08259800,0.76100000
2018-03-01 07:04:45,0.08257900,0.39800000
2018-03-01 07:04:46,0.08253000,0.08300000
2018-03-01 07:04:47,0.08257900,0.00200000
2018-03-01 07:04:48,0.08260700,0.04900000
2018-03-01 07:04:48,0.08253000,0.06800000
2018-03-01 07:04:49,0.08257900,0.03300000
2018-03-01 07:04:49,0.08257900,0.05700000
2018-03-01 07:04:49,0.08257900,0.03000000
2018-03-01 07:04:49,0.08253000,0.08900000
2018-03-01 07:04:49,0.08253000,0.08500000
2018-03-01 07:04:51,0.08260700,1.54900000
2018-03-01 07:04:52,0.08257900,0.08900000
2018-03-01 07:04:52,0.08257900,0.05900000
2018-03-01 07:04:52,0.08257900,0.05400000
2018-03-01 07:04:52,0.08257900,0.02500000
2018-03-01 07:04:52,0.08257900,0.16900000
2018-03-01 07:04:52,0.08257900,0.00400000
2018-03-01 07:04:55,0.08260700,0.06100000
2018-03-01 07:04:56,0.08257900,0.20300000
2018-03-01 07:04:56,0.08257900,0.05000000
2018-03-01 07:04:57,0.08257900,0.14600000
2018-03-01 07:04:57,0.08257900,0.00100000
2018-03-01 07:04:57,0.08260700,0.14200000
2018-03-01 07:04:57,0.08253100,0.02000000
2018-03-01 07:04:57,0.08253000,0.14000000
2018-03-01 07:04:57,0.08253100,0.02000000
2018-03-01 07:04:57,0.08253000,0.14000000
2018-03-01 07:04:57,0.08253000,0.40000000
2018-03-01 07:04:58,0.08257900,0.39900000
2018-03-01 07:04:58,0.08257900,0.00100000
2018-03-01 07:04:58,0.08260700,0.14200000
2018-03-01 07:04:58,0.08253000,0.88200000
2018-03-01 07:04:59,0.08260700,0.07200000
2018-03-01 07:04:59,0.08260700,0.03600000
2018-03-01 07:04:59,0.08260700,0.04800000
2018-03-01 07:05:00,0.08255400,0.10900000
2018-03-01 07:05:01,0.08255400,0.00100000
2018-03-01 07:05:01,0.08253000,0.04100000
2018-03-01 07:05:01,0.08253000,0.72100000
2018-03-01 07:05:01,0.08253000,0.40000000
2018-03-01 07:05:02,0.08260400,0.12900000
2018-03-01 07:05:02,0.08253000,1.05400000
2018-03-01 07:05:03,0.08260700,0.01800000
2018-03-01 07:05:03,0.08260300,0.22300000
2018-03-01 07:05:04,0.08260300,0.03900000
2018-03-01 07:05:04,0.08260200,0.09500000
2018-03-01 07:05:05,0.08257300,0.06600000
2018-03-01 07:05:05,0.08257300,0.00100000
2018-03-01 07:05:05,0.08253000,0.06500000
2018-03-01 07:05:05,0.08253000,0.06600000
2018-03-01 07:05:06,0.08259800,0.04400000
2018-03-01 07:05:06,0.08259800,0.14600000
2018-03-01 07:05:06,0.08253000,0.04300000
2018-03-01 07:05:07,0.08260100,0.05900000
2018-03-01 07:05:07,0.08253000,0.35900000
2018-03-01 07:05:07,0.08253000,0.11600000
2018-03-01 07:05:07,0.08260000,0.02200000
2018-03-01 07:05:07,0.08260000,0.30000000
2018-03-01 07:05:08,0.08253000,0.40000000
2018-03-01 07:05:08,0.08259300,0.71900000
2018-03-01 07:05:09,0.08259300,0.00400000
2018-03-01 07:05:09,0.08260000,0.37400000
2018-03-01 07:05:09,0.08259300,0.01300000
2018-03-01 07:05:09,0.08259300,0.10300000
2018-03-01 07:05:09,0.08253000,0.01200000
2018-03-01 07:05:09,0.08253000,0.11500000
2018-03-01 07:05:09,0.08253000,0.10200000
2018-03-01 07:05:09,0.08253000,0.10000000
2018-03-01 07:05:09,0.08253000,0.10400000
2018-03-01 07:05:10,0.08254000,0.07200000
2018-03-01 07:05:11,0.08254000,0.65300000
2018-03-01 07:05:11,0.08260000,0.04300000
2018-03-01 07:05:11,0.08254000,1.85800000
2018-03-01 07:05:12,0.08254000,0.40000000
2018-03-01 07:05:14,0.08260000,3.09000000
2018-03-01 07:05:14,0.08253000,0.19400000
2018-03-01 07:05:15,0.08253000,0.40000000
2018-03-01 07:05:17,0.08260000,0.02000000
2018-03-01 07:05:18,0.08260000,0.05000000
2018-03-01 07:05:18,0.08253000,0.01400000
2018-03-01 07:05:18,0.08260000,0.01600000
2018-03-01 07:05:21,0.08253000,0.40000000
2018-03-01 07:05:21,0.08260000,0.29400000
2018-03-01 07:05:21,0.08260000,0.02100000
2018-03-01 07:05:22,0.08253000,0.55200000
2018-03-01 07:05:22,0.08252200,0.01400000
2018-03-01 07:05:22,0.08252000,0.02800000
2018-03-01 07:05:22,0.08251400,0.01900000
2018-03-01 07:05:22,0.08251000,0.06300000
2018-03-01 07:05:22,0.08260000,0.71900000
2018-03-01 07:05:23,0.08260000,0.28600000
2018-03-01 07:05:23,0.08260000,1.57600000
2018-03-01 07:05:23,0.08259900,0.01600000
2018-03-01 07:05:23,0.08259900,0.05900000
2018-03-01 07:05:24,0.08259900,0.71900000
2018-03-01 07:05:24,0.08251300,0.10400000
2018-03-01 07:05:24,0.08251000,0.18100000
2018-03-01 07:05:24,0.08250300,0.32500000
2018-03-01 07:05:25,0.08259800,0.10300000
2018-03-01 07:05:26,0.08259800,0.02100000
2018-03-01 07:05:26,0.08260000,0.09300000
2018-03-01 07:05:26,0.08259800,0.01600000
2018-03-01 07:05:26,0.08259800,0.00400000
2018-03-01 07:05:26,0.08260000,0.72300000
2018-03-01 07:05:26,0.08250700,0.10400000
2018-03-01 07:05:26,0.08250500,0.02000000
2018-03-01 07:05:26,0.08250400,0.12600000
2018-03-01 07:05:27,0.08259600,0.10300000
2018-03-01 07:05:28,0.08259500,0.12500000
2018-03-01 07:05:28,0.08259500,0.00100000
2018-03-01 07:05:28,0.08259600,0.02100000
2018-03-01 07:05:28,0.08260000,0.10200000
2018-03-01 07:05:28,0.08259600,0.01600000
2018-03-01 07:05:29,0.08251100,0.14800000
2018-03-01 07:05:29,0.08251100,0.12800000
2018-03-01 07:05:29,0.08251100,0.36900000
2018-03-01 07:05:32,0.08259600,0.00400000
2018-03-01 07:05:32,0.08259600,0.02000000
2018-03-01 07:05:32,0.08259600,0.02000000
2018-03-01 07:05:32,0.08259600,0.02000000
2018-03-01 07:05:32,0.08259600,0.00900000
2018-03-01 07:05:32,0.08251300,0.01500000
2018-03-01 07:05:32,0.08260100,0.02800000
2018-03-01 07:05:32,0.08260100,0.05300000
2018-03-01 07:05:33,0.08260000,0.64300000
2018-03-01 07:05:34,0.08251600,0.04900000
2018-03-01 07:05:34,0.08260000,0.00200000
2018-03-01 07:05:34,0.08260000,0.04400000
2018-03-01 07:05:35,0.08260100,0.29000000
2018-03-01 07:05:35,0.08260100,2.31300000
2018-03-01 07:05:36,0.08260100,1.20900000
2018-03-01 07:05:36,0.08260100,1.10300000
2018-03-01 07:05:36,0.08251500,0.01900000
2018-03-01 07:05:37,0.08260000,0.04300000
2018-03-01 07:05:37,0.08260000,0.00600000
2018-03-01 07:05:37,0.08260100,0.00400000
2018-03-01 07:05:37,0.08260700,0.03800000
2018-03-01 07:05:37,0.08260700,0.04700000
2018-03-01 07:05:37,0.08260700,0.02800000
2018-03-01 07:05:38,0.08260700,0.32700000
2018-03-01 07:05:38,0.08260700,0.04700000
2018-03-01 07:05:39,0.08260700,0.47900000
2018-03-01 07:05:39,0.08260700,0.00700000
2018-03-01 07:05:39,0.08260800,0.00900000
2018-03-01 07:05:39,0.08260800,0.02300000
2018-03-01 07:05:39,0.08260800,0.00100000
2018-03-01 07:05:39,0.08261600,0.02200000
2018-03-01 07:05:39,0.08260600,0.03800000
2018-03-01 07:05:39,0.08260600,1.07900000
2018-03-01 07:05:40,0.08260600,0.04400000
2018-03-01 07:05:40,0.08252000,0.12500000
2018-03-01 07:05:40,0.08252400,0.15000000
2018-03-01 07:05:40,0.08252300,2.80200000
2018-03-01 07:05:40,0.08260600,0.00100000
2018-03-01 07:05:40,0.08260600,0.01900000
2018-03-01 07:05:40,0.08260600,0.03000000
2018-03-01 07:05:41,0.08260600,0.09500000
2018-03-01 07:05:41,0.08262000,0.04500000
2018-03-01 07:05:41,0.08260600,0.00400000
2018-03-01 07:05:41,0.08252400,0.09400000
2018-03-01 07:05:41,0.08252400,0.05600000
2018-03-01 07:05:41,0.08252300,0.04200000
2018-03-01 07:05:41,0.08260600,0.02300000
2018-03-01 07:05:41,0.08260600,0.00100000
2018-03-01 07:05:41,0.08262000,0.00100000
2018-03-01 07:05:41,0.08262200,0.10400000
2018-03-01 07:05:41,0.08262300,0.03000000
2018-03-01 07:05:41,0.08262900,0.10000000
2018-03-01 07:05:41,0.08263000,0.06400000
2018-03-01 07:05:41,0.08262700,0.06200000
2018-03-01 07:05:42,0.08262700,0.02800000
2018-03-01 07:05:43,0.08262600,0.31900000
2018-03-01 07:05:43,0.08262600,0.05000000
2018-03-01 07:05:45,0.08253100,0.40000000
2018-03-01 07:05:46,0.08262600,0.04700000
2018-03-01 07:05:46,0.08260100,0.03100000
2018-03-01 07:05:46,0.08260100,0.00100000
2018-03-01 07:05:46,0.08253300,0.02000000
2018-03-01 07:05:46,0.08253200,0.00800000
2018-03-01 07:05:48,0.08262000,0.02600000
2018-03-01 07:05:48,0.08262300,0.09200000
2018-03-01 07:05:48,0.08262300,0.00100000
2018-03-01 07:05:48,0.08253600,0.09100000
2018-03-01 07:05:48,0.08253600,0.01300000
2018-03-01 07:05:48,0.08253500,0.00700000
2018-03-01 07:05:48,0.08262500,0.03800000
2018-03-01 07:05:48,0.08262300,0.06600000
2018-03-01 07:05:48,0.08262300,0.01600000
2018-03-01 07:05:49,0.08262300,0.01900000
2018-03-01 07:05:49,0.08262300,0.00300000
2018-03-01 07:05:49,0.08263000,0.10000000
2018-03-01 07:05:49,0.08263000,0.12200000
2018-03-01 07:05:49,0.08263000,0.06700000
2018-03-01 07:05:50,0.08263000,0.12200000
2018-03-01 07:05:50,0.08263000,0.09500000
2018-03-01 07:05:50,0.08263000,0.07500000
2018-03-01 07:05:50,0.08263000,5.17300000
2018-03-01 07:05:50,0.08263000,1.67500000
2018-03-01 07:05:50,0.08263000,14.12100000
2018-03-01 07:05:50,0.08263000,3.11700000
2018-03-01 07:05:51,0.08263000,0.80300000
2018-03-01 07:05:52,0.08263000,0.13400000
2018-03-01 07:05:52,0.08254100,0.01000000
2018-03-01 07:05:52,0.08263000,0.00100000
2018-03-01 07:05:52,0.08263000,0.10000000
2018-03-01 07:05:52,0.08263000,0.00100000
2018-03-01 07:05:52,0.08254200,0.02400000
2018-03-01 07:05:52,0.08254200,0.02600000
2018-03-01 07:05:52,0.08254100,0.02300000
2018-03-01 07:05:53,0.08264400,0.07500000
2018-03-01 07:05:53,0.08264400,0.10500000
2018-03-01 07:05:53,0.08265000,0.13800000
2018-03-01 07:05:54,0.08254500,0.03000000
2018-03-01 07:05:54,0.08254400,0.07000000
2018-03-01 07:05:54,0.08262300,0.20500000
2018-03-01 07:05:54,0.08262300,0.01600000
2018-03-01 07:05:54,0.08254400,0.09300000
2018-03-01 07:05:56,0.08255000,0.32900000
2018-03-01 07:05:56,0.08255000,0.00100000
2018-03-01 07:05:56,0.08262300,0.02800000
2018-03-01 07:05:56,0.08262300,0.15100000
2018-03-01 07:05:56,0.08264400,0.01200000
2018-03-01 07:05:56,0.08264400,0.00800000
2018-03-01 07:05:56,0.08264500,0.15000000
2018-03-01 07:05:56,0.08264900,0.05000000
2018-03-01 07:05:56,0.08264900,0.28700000
2018-03-01 07:05:56,0.08264500,0.03000000
2018-03-01 07:05:56,0.08264900,0.08700000
2018-03-01 07:05:56,0.08264500,0.02000000
2018-03-01 07:05:56,0.08264900,0.12800000
2018-03-01 07:05:56,0.08264400,0.02000000
2018-03-01 07:05:56,0.08264900,0.00900000
2018-03-01 07:05:56,0.08264500,0.05700000
2018-03-01 07:05:57,0.08255000,0.02200000
2018-03-01 07:05:58,0.08255100,1.48500000
2018-03-01 07:05:58,0.08255100,0.31300000
2018-03-01 07:05:58,0.08255200,0.02000000
2018-03-01 07:05:58,0.08255200,0.02000000
2018-03-01 07:05:58,0.08255100,1.73700000
2018-03-01 07:05:59,0.08255200,0.02000000
2018-03-01 07:05:59,0.08254800,0.04200000
2018-03-01 07:05:59,0.08264000,0.01900000
2018-03-01 07:05:59,0.08255300,0.01900000
2018-03-01 07:05:59,0.08255400,0.01900000
2018-03-01 07:05:59,0.08260000,0.03300000
2018-03-01 07:05:59,0.08260000,0.00100000
2018-03-01 07:05:59,0.08255400,0.00100000
2018-03-01 07:05:59,0.08255300,0.03100000
2018-03-01 07:05:59,0.08255400,0.01900000
2018-03-01 07:06:01,0.08262000,0.10900000
2018-03-01 07:06:01,0.08262000,0.00100000
2018-03-01 07:06:01,0.08256200,0.13900000
2018-03-01 07:06:01,0.08263800,0.01500000
2018-03-01 07:06:02,0.08263800,0.01500000
2018-03-01 07:06:02,0.08263800,0.51100000
2018-03-01 07:06:02,0.08256200,0.02300000
2018-03-01 07:06:02,0.08256200,0.13700000
2018-03-01 07:06:03,0.08263700,0.04000000
2018-03-01 07:06:03,0.08256200,0.24800000
2018-03-01 07:06:04,0.08263700,0.05000000
2018-03-01 07:06:04,0.08263900,0.02000000
2018-03-01 07:06:04,0.08264800,0.01600000
2018-03-01 07:06:05,0.08263900,0.01900000
2018-03-01 07:06:05,0.08264300,0.02000000
2018-03-01 07:06:06,0.08264300,0.01900000
2018-03-01 07:06:07,0.08263800,0.03500000
2018-03-01 07:06:09,0.08256200,0.04900000
2018-03-01 07:06:09,0.08263700,0.06000000
2018-03-01 07:06:10,0.08263700,0.16600000
2018-03-01 07:06:10,0.08263700,0.05900000
2018-03-01 07:06:10,0.08256200,0.29600000
2018-03-01 07:06:10,0.08263800,0.05100000
2018-03-01 07:06:10,0.08264200,0.01700000
2018-03-01 07:06:10,0.08256200,0.57900000
2018-03-01 07:06:10,0.08264200,0.10100000
2018-03-01 07:06:11,0.08256200,0.02800000
2018-03-01 07:06:11,0.08264200,0.00200000
2018-03-01 07:06:11,0.08265200,0.39800000
2018-03-01 07:06:11,0.08256200,0.05200000
2018-03-01 07:06:11,0.08256200,0.02900000
2018-03-01 07:06:11,0.08256300,0.01900000
2018-03-01 07:06:12,0.08256400,0.33500000
2018-03-01 07:06:12,0.08256400,0.01000000
2018-03-01 07:06:12,0.08256400,0.02800000
2018-03-01 07:06:12,0.08265200,0.01900000
2018-03-01 07:06:12,0.08256500,0.01900000
2018-03-01 07:06:13,0.08265200,0.00100000
2018-03-01 07:06:13,0.08266000,0.03700000
2018-03-01 07:06:14,0.08256600,0.24900000
2018-03-01 07:06:15,0.08256600,1.21400000
2018-03-01 07:06:15,0.08256600,0.03400000
2018-03-01 07:06:15,0.08265200,0.01700000
2018-03-01 07:06:15,0.08265100,0.24100000
2018-03-01 07:06:16,0.08256600,0.02100000
2018-03-01 07:06:16,0.08256200,0.10000000
2018-03-01 07:06:16,0.08256600,0.02000000
2018-03-01 07:06:16,0.08265100,0.20000000
2018-03-01 07:06:16,0.08256600,0.01900000
2018-03-01 07:06:17,0.08265100,0.13100000
2018-03-01 07:06:19,0.08256700,0.09100000
2018-03-01 07:06:19,0.08265100,0.01100000
2018-03-01 07:06:19,0.08256700,0.12000000
2018-03-01 07:06:20,0.08256800,0.01900000
2018-03-01 07:06:21,0.08265000,0.05000000
2018-03-01 07:06:21,0.08265100,0.25000000
2018-03-01 07:06:21,0.08265100,0.67900000
2018-03-01 07:06:21,0.08265400,0.02000000
2018-03-01 07:06:21,0.08265900,1.00000000
2018-03-01 07:06:21,0.08266000,1.75300000
2018-03-01 07:06:21,0.08256800,0.02200000
2018-03-01 07:06:22,0.08256800,0.76900000
2018-03-01 07:06:22,0.08265400,0.01900000
2018-03-01 07:06:22,0.08265400,0.00100000
2018-03-01 07:06:22,0.08266000,0.01800000
2018-03-01 07:06:22,0.08265100,0.04900000
2018-03-01 07:06:22,0.08265100,0.00100000
2018-03-01 07:06:22,0.08265400,0.02000000
2018-03-01 07:06:22,0.08266000,0.65900000
2018-03-01 07:06:23,0.08265400,0.01900000
2018-03-01 07:06:23,0.08256900,0.06600000
2018-03-01 07:06:23,0.08256900,0.12600000
2018-03-01 07:06:23,0.08266000,0.03400000
2018-03-01 07:06:23,0.08257000,0.02000000
2018-03-01 07:06:23,0.08256900,0.59800000
2018-03-01 07:06:24,0.08257100,1.14000000
2018-03-01 07:06:24,0.08265900,0.01900000
2018-03-01 07:06:25,0.08265800,0.86700000
2018-03-01 07:06:25,0.08265800,0.05100000
2018-03-01 07:06:25,0.08257100,0.06800000
2018-03-01 07:06:25,0.08257200,0.52500000
2018-03-01 07:06:26,0.08265800,0.22200000
2018-03-01 07:06:26,0.08265800,0.00100000
2018-03-01 07:06:26,0.08265900,0.00100000
2018-03-01 07:06:26,0.08266000,0.29800000
2018-03-01 07:06:26,0.08257300,0.38600000
2018-03-01 07:06:27,0.08265700,0.06700000
2018-03-01 07:06:27,0.08257300,0.21400000
2018-03-01 07:06:27,0.08257300,0.01700000
2018-03-01 07:06:27,0.08257300,0.32200000
2018-03-01 07:06:27,0.08256900,0.02000000
2018-03-01 07:06:27,0.08256900,0.01800000
2018-03-01 07:06:27,0.08265700,0.01700000
2018-03-01 07:06:28,0.08265700,0.00400000
2018-03-01 07:06:28,0.08266000,0.05600000
2018-03-01 07:06:28,0.08265700,0.02000000
2018-03-01 07:06:28,0.08266000,0.49200000
2018-03-01 07:06:28,0.08257000,0.05400000
2018-03-01 07:06:29,0.08265600,0.67400000
2018-03-01 07:06:29,0.08265600,0.24400000
2018-03-01 07:06:29,0.08265600,0.02100000
2018-03-01 07:06:29,0.08265700,0.05000000
2018-03-01 07:06:29,0.08266000,3.09900000
2018-03-01 07:06:29,0.08257100,0.02000000
2018-03-01 07:06:29,0.08257000,4.49400000
2018-03-01 07:06:30,0.08265600,0.01900000
2018-03-01 07:06:31,0.08265400,0.20000000
2018-03-01 07:06:32,0.08265400,0.09700000
2018-03-01 07:06:32,0.08257200,0.01900000
2018-03-01 07:06:33,0.08265400,0.02000000
2018-03-01 07:06:33,0.08265400,0.00100000
2018-03-01 07:06:33,0.08266000,0.01900000
2018-03-01 07:06:33,0.08265400,0.02000000
2018-03-01 07:06:33,0.08266000,0.01900000
2018-03-01 07:06:33,0.08257000,0.02100000
2018-03-01 07:06:34,0.08265000,0.19900000
2018-03-01 07:06:34,0.08257000,0.09700000
2018-03-01 07:06:35,0.08257000,0.00200000
2018-03-01 07:06:35,0.08256500,0.02000000
2018-03-01 07:06:35,0.08256500,0.23000000
2018-03-01 07:06:35,0.08256500,1.16300000
2018-03-01 07:06:35,0.08265000,0.00100000
2018-03-01 07:06:35,0.08265500,0.02000000
2018-03-01 07:06:35,0.08266000,0.22800000
2018-03-01 07:06:35,0.08266000,0.87300000
2018-03-01 07:06:35,0.08256400,0.75300000
2018-03-01 07:06:35,0.08266000,0.06700000
2018-03-01 07:06:35,0.08265500,0.02000000
2018-03-01 07:06:35,0.08266000,0.18700000
2018-03-01 07:06:35,0.08257000,0.01900000
2018-03-01 07:06:36,0.08265500,0.01900000
2018-03-01 07:06:36,0.08257000,0.00100000
2018-03-01 07:06:36,0.08256500,0.72500000
2018-03-01 07:06:36,0.08257000,0.01900000
2018-03-01 07:06:38,0.08265100,0.04600000
2018-03-01 07:06:38,0.08265100,0.02900000
2018-03-01 07:06:38,0.08265100,0.05600000
2018-03-01 07:06:38,0.08265100,0.47800000
2018-03-01 07:06:38,0.08257000,0.00100000
2018-03-01 07:06:38,0.08256500,0.12900000
2018-03-01 07:06:38,0.08256500,0.07300000
2018-03-01 07:06:39,0.08265500,0.00100000
2018-03-01 07:06:39,0.08266000,0.04900000
2018-03-01 07:06:40,0.08265500,0.01900000
2018-03-01 07:06:40,0.08257000,0.01900000
2018-03-01 07:06:41,0.08265500,0.00100000
2018-03-01 07:06:41,0.08266000,1.51000000
2018-03-01 07:06:41,0.08266400,0.12000000
2018-03-01 07:06:41,0.08267000,2.11200000
2018-03-01 07:06:41,0.08257000,0.00100000
2018-03-01 07:06:41,0.08256800,0.02000000
2018-03-01 07:06:41,0.08256800,0.73100000
2018-03-01 07:06:41,0.08266000,0.02000000
2018-03-01 07:06:42,0.08257000,0.01700000
2018-03-01 07:06:43,0.08257100,0.13300000
2018-03-01 07:06:43,0.08257100,0.11900000
2018-03-01 07:06:43,0.08257200,0.01900000
2018-03-01 07:06:44,0.08266100,0.01900000
2018-03-01 07:06:44,0.08266100,0.23200000
2018-03-01 07:06:45,0.08266100,0.01600000
2018-03-01 07:06:45,0.08266000,0.01400000
2018-03-01 07:06:45,0.08266000,0.04200000
2018-03-01 07:06:45,0.08266000,0.14300000
2018-03-01 07:06:45,0.08266000,1.00900000
2018-03-01 07:06:45,0.08266000,0.23600000
2018-03-01 07:06:45,0.08266000,0.04300000
2018-03-01 07:06:45,0.08266000,0.05600000
2018-03-01 07:06:45,0.08266000,0.87200000
2018-03-01 07:06:45,0.08266000,2.26500000
2018-03-01 07:06:45,0.08266000,0.53400000
2018-03-01 07:06:45,0.08266000,0.64500000
2018-03-01 07:06:45,0.08266000,0.15800000
2018-03-01 07:06:45,0.08266000,0.13100000
2018-03-01 07:06:45,0.08266000,0.00200000
2018-03-01 07:06:46,0.08264000,0.04700000
2018-03-01 07:06:51,0.08257600,0.02000000
2018-03-01 07:06:51,0.08257500,0.87000000
2018-03-01 07:06:53,0.08264000,0.03400000
2018-03-01 07:06:54,0.08257600,0.02000000
2018-03-01 07:06:54,0.08257500,0.10600000
2018-03-01 07:06:54,0.08257600,0.02000000
2018-03-01 07:06:54,0.08257600,0.02000000
2018-03-01 07:06:54,0.08257600,0.02000000
2018-03-01 07:06:54,0.08257600,0.02000000
2018-03-01 07:06:54,0.08257600,0.02000000
2018-03-01 07:06:54,0.08257600,0.01200000
2018-03-01 07:06:54,0.08264000,0.01700000
2018-03-01 07:06:54,0.08267000,0.08100000
2018-03-01 07:06:54,0.08257600,0.18900000
2018-03-01 07:06:54,0.08257500,0.95100000
2018-03-01 07:06:56,0.08266700,0.14000000
2018-03-01 07:06:56,0.08266700,1.48900000
2018-03-01 07:06:57,0.08258200,0.10400000
2018-03-01 07:06:57,0.08257500,0.43300000
2018-03-01 07:06:57,0.08266500,0.10400000
2018-03-01 07:06:57,0.08267300,0.09400000
2018-03-01 07:07:03,0.08258400,0.88400000
2018-03-01 07:07:03,0.08258400,0.00100000
2018-03-01 07:07:03,0.08258000,0.04300000
2018-03-01 07:07:03,0.08258000,0.03700000
2018-03-01 07:07:03,0.08257500,0.37900000
2018-03-01 07:07:04,0.08266800,0.19800000
2018-03-01 07:07:04,0.08258100,0.07900000
2018-03-01 07:07:07,0.08258200,0.14900000
2018-03-01 07:07:07,0.08258200,1.22900000
2018-03-01 07:07:11,0.08257500,0.14900000
2018-03-01 07:07:11,0.08257500,0.05100000
2018-03-01 07:07:11,0.08257400,1.25500000
2018-03-01 07:07:12,0.08266700,0.12900000
2018-03-01 07:07:12,0.08267000,0.02000000
2018-03-01 07:07:12,0.08267300,0.05100000
2018-03-01 07:07:12,0.08258000,0.31900000
2018-03-01 07:07:12,0.08258000,0.02000000
2018-03-01 07:07:13,0.08258100,0.29000000
2018-03-01 07:07:14,0.08266000,0.05300000
2018-03-01 07:07:15,0.08257300,0.02700000
2018-03-01 07:07:15,0.08257300,1.31500000
2018-03-01 07:07:15,0.08257300,0.05100000
2018-03-01 07:07:16,0.08257400,0.45100000
2018-03-01 07:07:17,0.08257400,0.02300000
2018-03-01 07:07:17,0.08265800,0.30000000
2018-03-01 07:07:17,0.08265800,0.02700000
2018-03-01 07:07:17,0.08257400,0.40000000
2018-03-01 07:07:18,0.08257400,0.08300000
2018-03-01 07:07:18,0.08257400,0.17400000
2018-03-01 07:07:18,0.08257400,0.30400000
2018-03-01 07:07:18,0.08257300,0.09600000
2018-03-01 07:07:18,0.08257500,0.17800000
2018-03-01 07:07:19,0.08257500,0.00100000
2018-03-01 07:07:19,0.08265800,0.02000000
2018-03-01 07:07:19,0.08266000,0.15800000
2018-03-01 07:07:19,0.08257400,0.02000000
2018-03-01 07:07:19,0.08257300,0.07900000
2018-03-01 07:07:20,0.08265800,0.02000000
2018-03-01 07:07:20,0.08266000,4.74400000
2018-03-01 07:07:20,0.08265800,0.02000000
2018-03-01 07:07:20,0.08266000,1.51500000
2018-03-01 07:07:20,0.08267000,0.22600000
2018-03-01 07:07:21,0.08258000,0.02400000
2018-03-01 07:07:22,0.08266000,0.02000000
2018-03-01 07:07:22,0.08267000,0.28000000
2018-03-01 07:07:23,0.08266000,0.01500000
2018-03-01 07:07:23,0.08267300,0.05400000
2018-03-01 07:07:24,0.08258000,0.03400000
2018-03-01 07:07:24,0.08258000,0.04200000
2018-03-01 07:07:25,0.08258000,0.00100000
2018-03-01 07:07:25,0.08257400,0.03000000
2018-03-01 07:07:25,0.08256600,0.06200000
2018-03-01 07:07:25,0.08266300,0.76100000
2018-03-01 07:07:25,0.08258000,0.04900000
2018-03-01 07:07:26,0.08258000,0.17000000
2018-03-01 07:07:26,0.08258000,0.14900000
2018-03-01 07:07:26,0.08258000,0.05200000
2018-03-01 07:07:26,0.08256500,0.03100000
2018-03-01 07:07:26,0.08266300,0.00100000
2018-03-01 07:07:26,0.08266300,0.04600000
2018-03-01 07:07:26,0.08266300,0.00100000
2018-03-01 07:07:26,0.08258000,0.04500000
2018-03-01 07:07:26,0.08258000,0.04600000
2018-03-01 07:07:26,0.08258000,0.04600000
2018-03-01 07:07:26,0.08258000,0.01300000
2018-03-01 07:07:26,0.08256500,0.03000000
2018-03-01 07:07:27,0.08264300,0.04000000
2018-03-01 07:07:27,0.08267000,0.16000000
2018-03-01 07:07:28,0.08258000,0.03400000
2018-03-01 07:07:28,0.08258100,0.05700000
2018-03-01 07:07:29,0.08258100,0.02000000
2018-03-01 07:07:29,0.08266600,0.05700000
2018-03-01 07:07:29,0.08266700,0.01700000
2018-03-01 07:07:30,0.08264200,0.04000000
2018-03-01 07:07:30,0.08264200,0.21400000
2018-03-01 07:07:30,0.08264200,0.03200000
2018-03-01 07:07:30,0.08264200,0.09800000
2018-03-01 07:07:31,0.08264200,0.03500000
2018-03-01 07:07:31,0.08264200,0.08000000
2018-03-01 07:07:32,0.08264200,0.00100000
2018-03-01 07:07:32,0.08258000,0.00200000
2018-03-01 07:07:32,0.08256600,0.07200000
2018-03-01 07:07:33,0.08256600,0.08800000
2018-03-01 07:07:33,0.08256500,0.22300000
2018-03-01 07:07:33,0.08256200,1.26200000
2018-03-01 07:07:33,0.08256600,0.10000000
2018-03-01 07:07:33,0.08256200,1.47300000
2018-03-01 07:07:33,0.08256800,0.04200000
2018-03-01 07:07:34,0.08266400,0.14900000
2018-03-01 07:07:35,0.08257000,0.32900000
2018-03-01 07:07:36,0.08257100,0.09000000
2018-03-01 07:07:38,0.08257200,0.12300000
2018-03-01 07:07:38,0.08257400,0.10400000
2018-03-01 07:07:38,0.08257200,0.14900000
2018-03-01 07:07:38,0.08257100,0.14700000
2018-03-01 07:07:39,0.08265800,0.12400000
2018-03-01 07:07:39,0.08265900,0.02000000
2018-03-01 07:07:39,0.08266000,0.13800000
2018-03-01 07:07:41,0.08265700,0.06800000
2018-03-01 07:07:41,0.08257300,0.02000000
2018-03-01 07:07:41,0.08257200,0.06700000
2018-03-01 07:07:41,0.08257200,0.57700000
2018-03-01 07:07:41,0.08257200,0.44600000
2018-03-01 07:07:42,0.08257200,0.04600000
2018-03-01 07:07:42,0.08257200,0.02700000
2018-03-01 07:07:42,0.08265700,0.20400000
2018-03-01 07:07:42,0.08266000,0.14400000
2018-03-01 07:07:42,0.08257200,0.52700000
2018-03-01 07:07:42,0.08257100,0.03400000
2018-03-01 07:07:42,0.08256800,0.06200000
2018-03-01 07:07:42,0.08256200,0.08500000
2018-03-01 07:07:42,0.08255900,0.12000000
2018-03-01 07:07:42,0.08255000,0.39500000
2018-03-01 07:07:43,0.08265000,0.32600000
2018-03-01 07:07:44,0.08255000,0.29100000
2018-03-01 07:07:44,0.08255000,0.02700000
2018-03-01 07:07:45,0.08257100,0.02000000
2018-03-01 07:07:45,0.08264700,0.32600000
2018-03-01 07:07:48,0.08257100,0.10800000
2018-03-01 07:07:49,0.08257100,0.00100000
2018-03-01 07:07:49,0.08254300,0.15300000
2018-03-01 07:07:49,0.08254300,0.28000000
2018-03-01 07:07:53,0.08257100,0.07300000
2018-03-01 07:07:53,0.08257100,0.01100000
2018-03-01 07:07:53,0.08257100,0.01300000
2018-03-01 07:07:53,0.08257100,2.62800000
2018-03-01 07:07:53,0.08257100,0.00100000
2018-03-01 07:07:54,0.08257100,1.29200000
2018-03-01 07:07:54,0.08257100,1.30400000
2018-03-01 07:07:55,0.08263900,0.02900000
2018-03-01 07:07:56,0.08263900,0.04600000
2018-03-01 07:07:56,0.08263900,0.10700000
2018-03-01 07:07:56,0.08263900,0.10700000
2018-03-01 07:07:56,0.08257100,0.05900000
2018-03-01 07:07:56,0.08257100,0.34500000
2018-03-01 07:07:57,0.08263900,0.06900000
2018-03-01 07:07:57,0.08257100,0.58000000
2018-03-01 07:07:57,0.08263800,0.10300000
2018-03-01 07:07:58,0.08263800,0.00100000
2018-03-01 07:07:58,0.08263900,0.08000000
2018-03-01 07:07:58,0.08264000,0.01600000
2018-03-01 07:07:59,0.08263700,0.03600000
2018-03-01 07:07:59,0.08263700,0.05400000
2018-03-01 07:07:59,0.08263800,0.05000000
2018-03-01 07:07:59,0.08264000,0.01200000
2018-03-01 07:07:59,0.08263600,0.17300000
2018-03-01 07:08:00,0.08259600,0.15300000
2018-03-01 07:08:00,0.08263600,1.05200000
2018-03-01 07:08:00,0.08264000,0.02200000
2018-03-01 07:08:00,0.08264200,0.02000000
2018-03-01 07:08:00,0.08265000,1.37700000
2018-03-01 07:08:01,0.08264000,0.04900000
2018-03-01 07:08:01,0.08256600,0.01900000
2018-03-01 07:08:01,0.08256600,0.83900000
2018-03-01 07:08:03,0.08264000,0.00100000
2018-03-01 07:08:03,0.08264600,0.02000000
2018-03-01 07:08:03,0.08265000,0.16100000
2018-03-01 07:08:03,0.08264600,0.01900000
2018-03-01 07:08:03,0.08256600,0.00200000
2018-03-01 07:08:03,0.08255200,0.58700000
2018-03-01 07:08:03,0.08255200,0.64900000
2018-03-01 07:08:03,0.08255200,0.13700000
2018-03-01 07:08:03,0.08255100,0.50500000
2018-03-01 07:08:04,0.08255200,0.14000000
2018-03-01 07:08:04,0.08255100,0.25000000
2018-03-01 07:08:04,0.08255100,0.39100000
2018-03-01 07:08:04,0.08255400,0.12000000
2018-03-01 07:08:04,0.08255300,0.37600000
2018-03-01 07:08:05,0.08255400,0.13900000
2018-03-01 07:08:05,0.08255400,0.04100000
2018-03-01 07:08:05,0.08255300,0.06500000
2018-03-01 07:08:05,0.08264600,0.05000000
2018-03-01 07:08:05,0.08264600,0.02100000
2018-03-01 07:08:05,0.08264900,0.02900000
2018-03-01 07:08:05,0.08264600,0.02000000
2018-03-01 07:08:05,0.08264900,0.38900000
2018-03-01 07:08:06,0.08264400,0.51000000
2018-03-01 07:08:06,0.08255400,0.02000000
2018-03-01 07:08:06,0.08255100,0.18900000
2018-03-01 07:08:06,0.08264400,0.11500000
2018-03-01 07:08:06,0.08256000,0.32800000
2018-03-01 07:08:07,0.08264400,0.01900000
2018-03-01 07:08:07,0.08255600,0.00800000
2018-03-01 07:08:08,0.08264000,0.21400000
2018-03-01 07:08:08,0.08264000,0.11500000
2018-03-01 07:08:08,0.08255600,0.01200000
2018-03-01 07:08:08,0.08255100,0.79200000
2018-03-01 07:08:08,0.08255600,0.00700000
2018-03-01 07:08:09,0.08255600,0.01300000
2018-03-01 07:08:09,0.08255100,0.38000000
2018-03-01 07:08:11,0.08264300,0.08300000
2018-03-01 07:08:12,0.08264700,0.01900000
2018-03-01 07:08:12,0.08264700,0.00100000
2018-03-01 07:08:12,0.08265000,0.13900000
2018-03-01 07:08:12,0.08265100,0.04600000
2018-03-01 07:08:12,0.08265400,0.01800000
2018-03-01 07:08:12,0.08256000,0.02600000
2018-03-01 07:08:13,0.08256000,0.00700000
2018-03-01 07:08:14,0.08264200,0.35700000
2018-03-01 07:08:15,0.08264000,0.04900000
2018-03-01 07:08:16,0.08264000,0.05000000
2018-03-01 07:08:16,0.08264000,0.02100000
2018-03-01 07:08:16,0.08264200,0.00100000
2018-03-01 07:08:16,0.08265400,0.02800000
2018-03-01 07:08:16,0.08264000,0.02000000
2018-03-01 07:08:16,0.08265400,1.46800000
2018-03-01 07:08:17,0.08265400,0.02000000
2018-03-01 07:08:17,0.08255900,0.02400000
2018-03-01 07:08:18,0.08265300,0.82300000
2018-03-01 07:08:18,0.08265300,0.11500000
2018-03-01 07:08:18,0.08256100,0.02500000
2018-03-01 07:08:18,0.08256100,0.07900000
2018-03-01 07:08:18,0.08256000,0.02400000
2018-03-01 07:08:18,0.08265100,0.10400000
2018-03-01 07:08:18,0.08265300,0.24100000
2018-03-01 07:08:19,0.08256100,0.10200000
2018-03-01 07:08:19,0.08265000,0.01900000
2018-03-01 07:08:19,0.08265000,0.00100000
2018-03-01 07:08:19,0.08265400,0.00100000
2018-03-01 07:08:19,0.08265500,0.12600000
2018-03-01 07:08:20,0.08256200,0.07300000
2018-03-01 07:08:22,0.08266200,0.14900000
2018-03-01 07:08:22,0.08266300,0.19700000
2018-03-01 07:08:22,0.08256600,0.12400000
2018-03-01 07:08:22,0.08256500,1.51900000
2018-03-01 07:08:22,0.08256400,1.29400000
2018-03-01 07:08:22,0.08256200,0.17600000
2018-03-01 07:08:22,0.08256000,0.32000000
2018-03-01 07:08:22,0.08255100,0.04800000
2018-03-01 07:08:22,0.08255000,8.78400000
2018-03-01 07:08:22,0.08256600,0.02000000
2018-03-01 07:08:22,0.08255000,0.46400000
2018-03-01 07:08:22,0.08256600,0.02000000
2018-03-01 07:08:22,0.08255000,0.34300000
2018-03-01 07:08:23,0.08256600,0.02000000
2018-03-01 07:08:23,0.08255000,0.06300000
2018-03-01 07:08:23,0.08266100,0.06000000
2018-03-01 07:08:23,0.08266100,0.27300000
2018-03-01 07:08:23,0.08266000,0.05400000
2018-03-01 07:08:23,0.08266000,0.26600000
2018-03-01 07:08:23,0.08266100,0.00500000
2018-03-01 07:08:23,0.08266000,0.03600000
2018-03-01 07:08:24,0.08266000,0.03300000
2018-03-01 07:08:24,0.08265800,0.05000000
2018-03-01 07:08:24,0.08265900,0.02200000
2018-03-01 07:08:24,0.08255300,0.01700000
2018-03-01 07:08:25,0.08255300,0.05900000
2018-03-01 07:08:25,0.08265700,0.11800000
2018-03-01 07:08:25,0.08265700,0.08700000
2018-03-01 07:08:25,0.08265800,0.04100000
2018-03-01 07:08:26,0.08265800,0.03600000
2018-03-01 07:08:26,0.08265800,0.00300000
2018-03-01 07:08:26,0.08266200,0.03500000
2018-03-01 07:08:26,0.08265800,0.04800000
2018-03-01 07:08:27,0.08265600,0.12300000
2018-03-01 07:08:28,0.08265700,0.20400000
2018-03-01 07:08:29,0.08265600,0.01900000
2018-03-01 07:08:31,0.08265000,0.08000000
2018-03-01 07:08:31,0.08265000,0.06000000
2018-03-01 07:08:32,0.08265000,0.06700000
2018-03-01 07:08:32,0.08265000,0.15400000
2018-03-01 07:08:32,0.08256700,0.12900000
2018-03-01 07:08:32,0.08265000,0.06500000
2018-03-01 07:08:33,0.08256900,0.02000000
2018-03-01 07:08:33,0.08256800,1.54500000
2018-03-01 07:08:34,0.08265000,0.12800000
2018-03-01 07:08:34,0.08265000,0.62900000
2018-03-01 07:08:35,0.08265000,1.20900000
2018-03-01 07:08:35,0.08265000,0.06400000
2018-03-01 07:08:36,0.08265000,0.05900000
2018-03-01 07:08:36,0.08265000,0.36100000
2018-03-01 07:08:36,0.08264900,0.02000000
2018-03-01 07:08:36,0.08265000,0.02600000
2018-03-01 07:08:37,0.08264900,0.01900000
2018-03-01 07:08:37,0.08264900,0.00100000
2018-03-01 07:08:37,0.08265000,0.11200000
2018-03-01 07:08:38,0.08264900,0.06900000
2018-03-01 07:08:38,0.08264900,0.02000000
2018-03-01 07:08:40,0.08264700,0.02000000
2018-03-01 07:08:40,0.08264800,0.13200000
2018-03-01 07:08:40,0.08264700,0.01900000
2018-03-01 07:08:40,0.08264700,0.00100000
2018-03-01 07:08:40,0.08264800,0.01800000
2018-03-01 07:08:40,0.08264700,0.02000000
2018-03-01 07:08:40,0.08264800,0.03700000
2018-03-01 07:08:40,0.08256600,0.26100000
2018-03-01 07:08:40,0.08256600,0.01500000
2018-03-01 07:08:40,0.08256600,0.03400000
2018-03-01 07:08:41,0.08264800,0.99300000
2018-03-01 07:08:41,0.08264800,0.00100000
2018-03-01 07:08:41,0.08265000,0.02800000
2018-03-01 07:08:41,0.08265000,0.29700000
2018-03-01 07:08:41,0.08265000,0.01600000
2018-03-01 07:08:42,0.08265000,1.19300000
2018-03-01 07:08:42,0.08265000,1.20900000
2018-03-01 07:08:42,0.08265000,3.89600000
2018-03-01 07:08:42,0.08256700,3.10000000
2018-03-01 07:08:42,0.08256700,0.58000000
2018-03-01 07:08:42,0.08256600,0.04800000
2018-03-01 07:08:42,0.08256300,0.02000000
2018-03-01 07:08:42,0.08255300,0.26300000
2018-03-01 07:08:42,0.08255000,1.67900000
2018-03-01 07:08:42,0.08254300,0.08200000
2018-03-01 07:08:42,0.08254100,1.80100000
2018-03-01 07:08:42,0.08252200,0.11900000
2018-03-01 07:08:42,0.08251100,0.20000000
2018-03-01 07:08:42,0.08250400,0.04800000
2018-03-01 07:08:42,0.08250300,0.17500000
2018-03-01 07:08:42,0.08250100,0.10000000
2018-03-01 07:08:42,0.08250000,7.35100000
2018-03-01 07:08:42,0.08253900,0.02000000
2018-03-01 07:08:42,0.08253100,0.03000000
2018-03-01 07:08:42,0.08250500,0.12300000
2018-03-01 07:08:43,0.08254000,0.32800000
2018-03-01 07:08:43,0.08264800,0.36300000
2018-03-01 07:08:44,0.08260800,0.04800000
2018-03-01 07:08:44,0.08264200,0.12500000
2018-03-01 07:08:44,0.08260300,0.12300000
2018-03-01 07:08:44,0.08264200,1.08600000
2018-03-01 07:08:44,0.08264200,0.58900000
2018-03-01 07:08:44,0.08264600,0.03300000
2018-03-01 07:08:45,0.08264500,1.20900000
2018-03-01 07:08:45,0.08264500,0.48500000
2018-03-01 07:08:45,0.08264500,0.02000000
2018-03-01 07:08:46,0.08254500,0.24700000
2018-03-01 07:08:46,0.08255000,0.07100000
2018-03-01 07:08:46,0.08264400,0.62200000
2018-03-01 07:08:46,0.08255000,0.26900000
2018-03-01 07:08:46,0.08254600,0.08400000
2018-03-01 07:08:46,0.08255000,0.01900000
2018-03-01 07:08:47,0.08264400,0.01900000
2018-03-01 07:08:47,0.08264000,0.22500000
2018-03-01 07:08:47,0.08264000,0.06100000
2018-03-01 07:08:47,0.08264000,0.03300000
2018-03-01 07:08:48,0.08255200,0.12400000
2018-03-01 07:08:48,0.08254300,0.03000000
2018-03-01 07:08:48,0.08250500,0.20400000
2018-03-01 07:08:48,0.08250400,0.04800000
2018-03-01 07:08:48,0.08250000,0.11100000
2018-03-01 07:08:48,0.08263500,0.30000000
2018-03-01 07:08:48,0.08264000,0.05100000
2018-03-01 07:08:48,0.08264200,0.10400000
2018-03-01 07:08:48,0.08264300,0.21100000
2018-03-01 07:08:48,0.08264900,0.15000000
2018-03-01 07:08:48,0.08265000,0.43000000
2018-03-01 07:08:48,0.08264000,0.04900000
2018-03-01 07:08:48,0.08264000,0.04900000
2018-03-01 07:08:48,0.08255300,0.29900000
2018-03-01 07:08:48,0.08263900,0.05900000
2018-03-01 07:08:49,0.08263900,0.30500000
2018-03-01 07:08:49,0.08263900,0.00100000
2018-03-01 07:08:49,0.08264000,0.16200000
2018-03-01 07:08:49,0.08265000,0.14200000
2018-03-01 07:08:49,0.08264000,0.14900000
2018-03-01 07:08:49,0.08264000,0.10100000
2018-03-01 07:08:49,0.08265000,0.04800000
2018-03-01 07:08:49,0.08264000,0.14900000
2018-03-01 07:08:49,0.08264000,0.05000000
2018-03-01 07:08:49,0.08265000,0.18000000
2018-03-01 07:08:49,0.08265000,0.87800000
2018-03-01 07:08:50,0.08255400,0.02000000
2018-03-01 07:08:50,0.08255300,0.01900000
2018-03-01 07:08:50,0.08255400,0.17100000
2018-03-01 07:08:50,0.08260800,0.04600000
2018-03-01 07:08:50,0.08260800,0.00200000
2018-03-01 07:08:50,0.08263900,0.04500000
2018-03-01 07:08:50,0.08263900,0.04700000
2018-03-01 07:08:50,0.08263900,0.02800000
2018-03-01 07:08:50,0.08263900,0.04700000
2018-03-01 07:08:50,0.08256600,0.13100000
2018-03-01 07:08:50,0.08256600,0.13100000
2018-03-01 07:08:51,0.08256600,0.03800000
2018-03-01 07:08:51,0.08256600,0.11900000
2018-03-01 07:08:51,0.08256600,0.07000000
2018-03-01 07:08:51,0.08256600,0.03200000
2018-03-01 07:08:51,0.08256600,0.29400000
2018-03-01 07:08:51,0.08256600,0.17200000
2018-03-01 07:08:51,0.08256600,0.27400000
2018-03-01 07:08:51,0.08263900,0.13200000
2018-03-01 07:08:51,0.08265000,0.00100000
2018-03-01 07:08:51,0.08265100,0.12000000
2018-03-01 07:08:51,0.08265500,0.21200000
2018-03-01 07:08:52,0.08265000,0.45800000
2018-03-01 07:08:52,0.08265000,0.16800000
2018-03-01 07:08:53,0.08256200,0.01300000
2018-03-01 07:08:53,0.08256200,0.04100000
2018-03-01 07:08:53,0.08256200,0.01300000
2018-03-01 07:08:54,0.08264900,0.18900000
2018-03-01 07:08:54,0.08256300,0.40000000
2018-03-01 07:08:56,0.08264900,0.00100000
2018-03-01 07:08:56,0.08265500,0.30800000
2018-03-01 07:08:56,0.08266200,0.08900000
2018-03-01 07:08:56,0.08266600,0.03600000
2018-03-01 07:08:56,0.08267000,0.12000000
2018-03-01 07:08:56,0.08267400,0.27000000
2018-03-01 07:08:56,0.08267000,0.10700000
2018-03-01 07:08:56,0.08256500,0.02400000
2018-03-01 07:08:56,0.08256700,0.07800000
2018-03-01 07:08:57,0.08268400,0.03600000
2018-03-01 07:08:58,0.08257300,0.12900000
2018-03-01 07:08:58,0.08257300,0.00100000
2018-03-01 07:08:58,0.08257200,0.12800000
2018-03-01 07:08:58,0.08257300,0.03700000
2018-03-01 07:08:58,0.08257300,0.04400000
2018-03-01 07:08:58,0.08257300,0.04900000
2018-03-01 07:08:58,0.08257200,0.04200000
2018-03-01 07:08:58,0.08257500,0.05000000
2018-03-01 07:08:58,0.08257400,0.29400000
2018-03-01 07:08:59,0.08268200,0.03500000
2018-03-01 07:08:59,0.08268200,0.02700000
2018-03-01 07:08:59,0.08257500,0.11700000
2018-03-01 07:09:00,0.08259200,0.11900000
2018-03-01 07:09:01,0.08257600,0.03900000
2018-03-01 07:09:01,0.08257600,1.19400000
2018-03-01 07:09:02,0.08257600,0.15300000
2018-03-01 07:09:02,0.08257600,0.11200000
2018-03-01 07:09:02,0.08257600,0.75500000
2018-03-01 07:09:03,0.08257600,1.75700000
2018-03-01 07:09:03,0.08257600,0.18000000
2018-03-01 07:09:03,0.08257600,0.00100000
2018-03-01 07:09:03,0.08259200,0.00100000
2018-03-01 07:09:03,0.08262400,0.17800000
2018-03-01 07:09:03,0.08262400,0.22100000
2018-03-01 07:09:03,0.08257200,0.49800000
2018-03-01 07:09:03,0.08256700,0.75600000
2018-03-01 07:09:03,0.08256400,0.18000000
2018-03-01 07:09:03,0.08255000,0.55100000
2018-03-01 07:09:03,0.08255100,0.01900000
2018-03-01 07:09:04,0.08255100,0.00100000
2018-03-01 07:09:04,0.08255000,0.01600000
2018-03-01 07:09:05,0.08255300,0.12000000
2018-03-01 07:09:05,0.08255200,0.17900000
2018-03-01 07:09:06,0.08262400,0.00100000
2018-03-01 07:09:06,0.08264600,0.89600000
2018-03-01 07:09:06,0.08264600,0.03100000
2018-03-01 07:09:06,0.08255500,0.02500000
2018-03-01 07:09:07,0.08255600,0.05700000
2018-03-01 07:09:07,0.08262300,0.40000000
2018-03-01 07:09:07,0.08264500,0.01700000
2018-03-01 07:09:08,0.08255700,0.11300000
2018-03-01 07:09:09,0.08264300,0.05900000
2018-03-01 07:09:09,0.08264300,0.05900000
2018-03-01 07:09:09,0.08264300,0.10300000
2018-03-01 07:09:09,0.08264400,0.05900000
2018-03-01 07:09:09,0.08264500,0.32200000
2018-03-01 07:09:09,0.08264600,4.07300000
2018-03-01 07:09:09,0.08264600,0.02000000
2018-03-01 07:09:09,0.08264600,0.06000000
2018-03-01 07:09:10,0.08264600,0.02400000
2018-03-01 07:09:10,0.08264600,0.12300000
2018-03-01 07:09:10,0.08265000,0.24100000
2018-03-01 07:09:10,0.08264600,0.10200000
2018-03-01 07:09:10,0.08264600,0.03900000
2018-03-01 07:09:10,0.08264600,0.06600000
2018-03-01 07:09:10,0.08264600,0.03500000
2018-03-01 07:09:10,0.08264600,0.49900000
2018-03-01 07:09:10,0.08264600,0.04300000
2018-03-01 07:09:10,0.08264600,0.40200000
2018-03-01 07:09:10,0.08264600,0.08000000
2018-03-01 07:09:10,0.08255800,0.02000000
2018-03-01 07:09:10,0.08255600,0.04700000
2018-03-01 07:09:10,0.08255200,0.33400000
2018-03-01 07:09:10,0.08255200,0.24700000
2018-03-01 07:09:10,0.08255800,0.02000000
2018-03-01 07:09:10,0.08255200,0.03000000
2018-03-01 07:09:10,0.08255800,0.02000000
2018-03-01 07:09:10,0.08255700,0.38000000
2018-03-01 07:09:10,0.08264300,0.10400000
2018-03-01 07:09:10,0.08265000,1.76300000
2018-03-01 07:09:10,0.08265900,1.14300000
2018-03-01 07:09:11,0.08255900,0.61700000
2018-03-01 07:09:11,0.08265800,0.45400000
2018-03-01 07:09:11,0.08255900,0.29900000
2018-03-01 07:09:12,0.08262600,0.05900000
2018-03-01 07:09:12,0.08256100,0.04900000
2018-03-01 07:09:13,0.08256100,0.14000000
2018-03-01 07:09:13,0.08256100,0.14900000
2018-03-01 07:09:13,0.08256100,0.10500000
2018-03-01 07:09:13,0.08256100,0.00100000
2018-03-01 07:09:13,0.08256000,0.10400000
2018-03-01 07:09:13,0.08256100,0.04000000
2018-03-01 07:09:13,0.08256000,0.01500000
2018-03-01 07:09:13,0.08256100,0.03900000
2018-03-01 07:09:13,0.08256100,0.02100000
2018-03-01 07:09:13,0.08255900,0.01800000
2018-03-01 07:09:14,0.08256100,0.17000000
2018-03-01 07:09:14,0.08256100,0.07000000
2018-03-01 07:09:15,0.08256100,0.18100000
2018-03-01 07:09:15,0.08256100,0.02000000
2018-03-01 07:09:16,0.08256100,0.00100000
2018-03-01 07:09:16,0.08255900,2.19800000
2018-03-01 07:09:16,0.08255900,0.03800000
2018-03-01 07:09:16,0.08262600,0.00100000
2018-03-01 07:09:16,0.08262600,0.02300000
2018-03-01 07:09:16,0.08262600,0.00100000
2018-03-01 07:09:17,0.08260600,0.01800000
2018-03-01 07:09:17,0.08256100,0.58400000
2018-03-01 07:09:17,0.08260600,0.00100000
2018-03-01 07:09:17,0.08264500,0.01600000
2018-03-01 07:09:17,0.08256100,0.06200000
2018-03-01 07:09:18,0.08264500,0.10200000
2018-03-01 07:09:18,0.08256100,0.00100000
2018-03-01 07:09:19,0.08264600,0.20300000
2018-03-01 07:09:20,0.08264500,0.03500000
2018-03-01 07:09:20,0.08256100,0.01500000
2018-03-01 07:09:20,0.08256100,1.24900000
2018-03-01 07:09:21,0.08256100,0.14900000
2018-03-01 07:09:24,0.08256100,0.19900000
2018-03-01 07:09:25,0.08264500,0.00100000
2018-03-01 07:09:25,0.08264600,0.00100000
2018-03-01 07:09:25,0.08264800,0.39000000
2018-03-01 07:09:25,0.08265800,0.03600000
2018-03-01 07:09:25,0.08266100,0.04600000
2018-03-01 07:09:25,0.08267100,0.02000000
2018-03-01 07:09:25,0.08269400,0.75600000
2018-03-01 07:09:25,0.08269700,0.18000000
2018-03-01 07:09:25,0.08270400,0.40000000
2018-03-01 07:09:25,0.08271200,0.37800000
2018-03-01 07:09:25,0.08271700,0.11600000
2018-03-01 07:09:25,0.08272700,0.56100000
2018-03-01 07:09:25,0.08272900,0.43100000
2018-03-01 07:09:25,0.08273200,0.71800000
2018-03-01 07:09:25,0.08273300,0.01500000
2018-03-01 07:09:25,0.08274700,1.38800000
2018-03-01 07:09:26,0.08256300,0.55600000
2018-03-01 07:09:27,0.08260800,0.04700000
2018-03-01 07:09:27,0.08260800,0.00100000
2018-03-01 07:09:27,0.08256700,0.47400000
2018-03-01 07:09:28,0.08257000,0.70600000
2018-03-01 07:09:28,0.08257000,0.03500000
2018-03-01 07:09:28,0.08264900,0.05900000
2018-03-01 07:09:29,0.08257100,0.19800000
2018-03-01 07:09:29,0.08257100,0.03300000
2018-03-01 07:09:29,0.08257100,0.56600000
2018-03-01 07:09:29,0.08264900,0.05800000
2018-03-01 07:09:30,0.08257100,0.03900000
2018-03-01 07:09:30,0.08264400,0.11600000
2018-03-01 07:09:30,0.08264500,0.97600000
2018-03-01 07:09:31,0.08264500,0.00100000
2018-03-01 07:09:31,0.08265000,0.02200000
2018-03-01 07:09:31,0.08269600,0.02000000
2018-03-01 07:09:31,0.08270400,0.58000000
2018-03-01 07:09:31,0.08271100,0.75600000
2018-03-01 07:09:31,0.08271200,0.04800000
2018-03-01 07:09:31,0.08274600,4.01100000
2018-03-01 07:09:31,0.08257700,0.15100000
2018-03-01 07:09:31,0.08258000,0.01900000
2018-03-01 07:09:31,0.08258000,0.13400000
2018-03-01 07:09:31,0.08258000,0.13400000
2018-03-01 07:09:32,0.08258100,0.01600000
2018-03-01 07:09:32,0.08258100,0.74000000
2018-03-01 07:09:32,0.08258000,0.01500000
2018-03-01 07:09:32,0.08258000,0.03100000
2018-03-01 07:09:32,0.08258100,0.12100000
2018-03-01 07:09:32,0.08258100,0.32100000
2018-03-01 07:09:32,0.08258100,0.47800000
2018-03-01 07:09:32,0.08260800,0.04800000
2018-03-01 07:09:32,0.08258100,0.01900000
2018-03-01 07:09:32,0.08258100,0.13900000
2018-03-01 07:09:32,0.08258300,0.10000000
2018-03-01 07:09:33,0.08261900,0.40000000
2018-03-01 07:09:33,0.08268800,0.35100000
2018-03-01 07:09:33,0.08269000,0.03000000
2018-03-01 07:09:33,0.08269300,1.18100000
2018-03-01 07:09:33,0.08258300,0.13000000
2018-03-01 07:09:33,0.08258300,0.11300000
2018-03-01 07:09:34,0.08258300,0.05000000
2018-03-01 07:09:34,0.08265000,0.05900000
2018-03-01 07:09:35,0.08258400,0.05700000
2018-03-01 07:09:36,0.08258500,0.02900000
2018-03-01 07:09:36,0.08264900,0.03600000
2018-03-01 07:09:36,0.08265000,0.04100000
2018-03-01 07:09:36,0.08266900,0.58500000
2018-03-01 07:09:36,0.08268800,0.02000000
2018-03-01 07:09:36,0.08268900,0.18000000
2018-03-01 07:09:36,0.08269400,0.10400000
2018-03-01 07:09:36,0.08271200,0.00800000
2018-03-01 07:09:36,0.08258600,0.07200000
2018-03-01 07:09:37,0.08258700,0.27300000
2018-03-01 07:09:37,0.08259000,0.04800000
2018-03-01 07:09:38,0.08259000,0.27200000
2018-03-01 07:09:38,0.08258800,0.59800000
2018-03-01 07:09:38,0.08258500,0.40000000
2018-03-01 07:09:39,0.08258600,0.02900000
2018-03-01 07:09:40,0.08267900,0.05000000
2018-03-01 07:09:40,0.08267900,0.15500000
2018-03-01 07:09:41,0.08267900,0.01600000
2018-03-01 07:09:41,0.08267800,0.54600000
2018-03-01 07:09:41,0.08267900,0.38700000
2018-03-01 07:09:41,0.08268000,0.32000000
2018-03-01 07:09:41,0.08268100,0.02000000
2018-03-01 07:09:41,0.08268600,0.10400000
2018-03-01 07:09:41,0.08268800,0.40000000
2018-03-01 07:09:41,0.08268900,0.15000000
2018-03-01 07:09:41,0.08271200,0.11500000
2018-03-01 07:09:41,0.08271600,0.03000000
2018-03-01 07:09:41,0.08273100,0.26400000
2018-03-01 07:09:43,0.08259200,0.12900000
2018-03-01 07:09:43,0.08260800,0.04700000
2018-03-01 07:09:44,0.08261000,0.12900000
2018-03-01 07:09:44,0.08261000,0.01800000
2018-03-01 07:09:45,0.08269300,0.15100000
2018-03-01 07:09:45,0.08270000,0.15000000
2018-03-01 07:09:45,0.08270100,0.12100000
2018-03-01 07:09:45,0.08261000,0.17200000
2018-03-01 07:09:45,0.08261000,0.00100000
2018-03-01 07:09:45,0.08260900,0.05800000
2018-03-01 07:09:45,0.08269300,0.02000000
2018-03-01 07:09:45,0.08260900,0.86800000
2018-03-01 07:09:46,0.08269000,0.14900000
2018-03-01 07:09:46,0.08260900,0.25900000
2018-03-01 07:09:46,0.08260800,0.00100000
2018-03-01 07:09:46,0.08259200,0.07600000
2018-03-01 07:09:46,0.08259200,0.02800000
2018-03-01 07:09:46,0.08259100,0.04000000
2018-03-01 07:09:46,0.08269000,0.00100000
2018-03-01 07:09:46,0.08269300,0.10400000
2018-03-01 07:09:46,0.08269300,0.02300000
2018-03-01 07:09:46,0.08269300,0.00100000
2018-03-01 07:09:46,0.08259100,0.02200000
2018-03-01 07:09:46,0.08259100,0.02300000
2018-03-01 07:09:46,0.08259100,0.02300000
2018-03-01 07:09:46,0.08259300,0.02000000
2018-03-01 07:09:46,0.08259200,0.00200000
2018-03-01 07:09:47,0.08268900,1.20900000
2018-03-01 07:09:47,0.08259300,0.12300000
2018-03-01 07:09:47,0.08268900,0.29000000
2018-03-01 07:09:47,0.08259400,0.03000000
2018-03-01 07:09:48,0.08268700,0.02000000
2018-03-01 07:09:48,0.08268700,0.02000000
2018-03-01 07:09:48,0.08259500,0.04300000
2018-03-01 07:09:49,0.08259500,0.04900000
2018-03-01 07:09:49,0.08268600,0.05000000
2018-03-01 07:09:49,0.08268600,0.02000000
2018-03-01 07:09:49,0.08260000,0.05300000
2018-03-01 07:09:49,0.08260000,0.47500000
2018-03-01 07:09:49,0.08268600,0.11100000
2018-03-01 07:09:50,0.08268600,0.03000000
2018-03-01 07:09:50,0.08268600,0.00100000
2018-03-01 07:09:50,0.08268800,0.02200000
2018-03-01 07:09:50,0.08268800,1.18300000
2018-03-01 07:09:50,0.08260200,0.02000000
2018-03-01 07:09:50,0.08260200,0.02000000
2018-03-01 07:09:50,0.08260100,0.13200000
2018-03-01 07:09:50,0.08260200,0.17000000
2018-03-01 07:09:50,0.08260100,0.01100000
2018-03-01 07:09:51,0.08260200,0.03900000
2018-03-01 07:09:51,0.08260200,0.12200000
2018-03-01 07:09:51,0.08260200,0.12200000
2018-03-01 07:09:52,0.08260200,0.24500000
2018-03-01 07:09:52,0.08260200,0.12100000
2018-03-01 07:09:52,0.08260200,0.32000000
2018-03-01 07:09:52,0.08260100,1.02400000
2018-03-01 07:09:52,0.08260100,0.28000000
2018-03-01 07:09:52,0.08260100,0.06100000
2018-03-01 07:09:53,0.08268000,0.33000000
2018-03-01 07:09:53,0.08270000,0.04800000
2018-03-01 07:09:53,0.08260100,0.25000000
2018-03-01 07:09:53,0.08260100,0.98200000
2018-03-01 07:09:53,0.08260100,0.08700000
2018-03-01 07:09:53,0.08260100,0.12200000
2018-03-01 07:09:54,0.08260100,0.34800000
2018-03-01 07:09:54,0.08270000,0.02000000
2018-03-01 07:09:54,0.08260100,0.12200000
2018-03-01 07:09:54,0.08270000,0.02000000
2018-03-01 07:09:54,0.08260100,0.10600000
2018-03-01 07:09:54,0.08260100,0.01600000
2018-03-01 07:09:54,0.08260200,0.31000000
2018-03-01 07:09:54,0.08260300,0.02000000
2018-03-01 07:09:54,0.08260200,0.10200000
2018-03-01 07:09:54,0.08260200,0.12200000
2018-03-01 07:09:55,0.08270000,0.02000000
2018-03-01 07:09:55,0.08270000,0.02000000
2018-03-01 07:09:55,0.08260300,0.02000000
2018-03-01 07:09:55,0.08260200,1.95900000
2018-03-01 07:09:56,0.08260800,0.35300000
2018-03-01 07:09:56,0.08260800,0.00100000
2018-03-01 07:09:56,0.08269700,0.05800000
2018-03-01 07:09:56,0.08269700,0.35300000
2018-03-01 07:09:56,0.08260300,0.02000000
2018-03-01 07:09:56,0.08260200,1.14700000
2018-03-01 07:09:56,0.08260300,0.02000000
2018-03-01 07:09:56,0.08260000,0.09900000
2018-03-01 07:09:56,0.08269700,1.03800000
2018-03-01 07:09:56,0.08269900,0.55300000
2018-03-01 07:09:56,0.08271000,0.15000000
2018-03-01 07:09:56,0.08271200,0.04800000
2018-03-01 07:09:56,0.08271600,0.39400000
2018-03-01 07:09:56,0.08271600,0.39200000
2018-03-01 07:09:56,0.08273000,0.03600000
2018-03-01 07:09:56,0.08273100,0.03100000
2018-03-01 07:09:56,0.08274800,0.46800000
2018-03-01 07:09:56,0.08260100,0.05000000
2018-03-01 07:09:57,0.08260200,0.08300000
2018-03-01 07:09:57,0.08269600,0.02000000
2018-03-01 07:09:57,0.08271500,0.55000000
2018-03-01 07:09:57,0.08271600,0.03000000
2018-03-01 07:09:57,0.08274100,0.15000000
2018-03-01 07:09:57,0.08274700,0.03600000
2018-03-01 07:09:57,0.08276100,0.01600000
2018-03-01 07:09:58,0.08260500,0.21000000
2018-03-01 07:09:58,0.08269500,1.14700000
2018-03-01 07:09:59,0.08261000,0.48000000
2018-03-01 07:09:59,0.08260800,0.09800000
2018-03-01 07:09:59,0.08260700,0.75600000
2018-03-01 07:09:59,0.08260600,0.55100000
2018-03-01 07:09:59,0.08260300,0.37500000
2018-03-01 07:09:59,0.08260000,7.79900000
2018-03-01 07:09:59,0.08261000,0.14000000
2018-03-01 07:10:00,0.08261000,0.21100000
2018-03-01 07:10:00,0.08260000,0.09300000
2018-03-01 07:10:00,0.08268200,0.40000000
2018-03-01 07:10:01,0.08268200,0.11100000
2018-03-01 07:10:01,0.08261000,0.18000000
2018-03-01 07:10:01,0.08268000,0.33000000
2018-03-01 07:10:01,0.08268300,0.32900000
2018-03-01 07:10:01,0.08261000,0.30000000
2018-03-01 07:10:01,0.08268100,0.10300000
2018-03-01 07:10:01,0.08268300,0.35700000
2018-03-01 07:10:01,0.08268300,0.10400000
2018-03-01 07:10:02,0.08269400,0.07100000
2018-03-01 07:10:02,0.08269400,0.00100000
2018-03-01 07:10:02,0.08271200,0.04800000
2018-03-01 07:10:02,0.08273600,0.07400000
2018-03-01 07:10:02,0.08261000,0.17900000
2018-03-01 07:10:02,0.08261200,0.08800000
2018-03-01 07:10:03,0.08261200,0.09700000
2018-03-01 07:10:03,0.08261200,0.06500000
2018-03-01 07:10:03,0.08261100,0.09600000
2018-03-01 07:10:03,0.08261100,0.06300000
2018-03-01 07:10:03,0.08261100,0.33000000
2018-03-01 07:10:03,0.08261100,0.25100000
2018-03-01 07:10:03,0.08261100,0.02200000
2018-03-01 07:10:03,0.08273400,0.04000000
2018-03-01 07:10:04,0.08273400,0.03300000
2018-03-01 07:10:04,0.08261100,0.03400000
2018-03-01 07:10:04,0.08261100,0.40000000
2018-03-01 07:10:04,0.08273300,0.68000000
2018-03-01 07:10:05,0.08261100,0.44400000
2018-03-01 07:10:05,0.08261200,0.26800000
2018-03-01 07:10:05,0.08261200,0.09000000
2018-03-01 07:10:06,0.08261200,0.19500000
2018-03-01 07:10:06,0.08261100,0.05700000
2018-03-01 07:10:06,0.08272800,0.13700000
2018-03-01 07:10:07,0.08261000,0.14300000
2018-03-01 07:10:08,0.08261200,0.09000000
2018-03-01 07:10:08,0.08272500,0.03500000
2018-03-01 07:10:08,0.08261200,0.13000000
2018-03-01 07:10:09,0.08261200,0.02100000
2018-03-01 07:10:10,0.08261200,0.13000000
2018-03-01 07:10:10,0.08272000,0.02700000
2018-03-01 07:10:11,0.08261500,0.29500000
2018-03-01 07:10:11,0.08261500,0.29500000
2018-03-01 07:10:11,0.08261500,0.09100000
2018-03-01 07:10:12,0.08261500,0.04200000
2018-03-01 07:10:13,0.08262000,0.08000000
2018-03-01 07:10:13,0.08262000,0.04000000
2018-03-01 07:10:13,0.08262100,0.02700000
2018-03-01 07:10:14,0.08264600,0.04100000
2018-03-01 07:10:14,0.08264600,0.00100000
2018-03-01 07:10:14,0.08266900,0.01600000
2018-03-01 07:10:14,0.08271000,0.02500000
2018-03-01 07:10:14,0.08271000,0.04100000
2018-03-01 07:10:14,0.08271000,0.01500000
2018-03-01 07:10:15,0.08270900,0.01400000
2018-03-01 07:10:15,0.08262200,0.08000000
2018-03-01 07:10:16,0.08270900,0.41500000
2018-03-01 07:10:16,0.08270900,0.27700000
2018-03-01 07:10:16,0.08262300,0.12000000
2018-03-01 07:10:16,0.08262300,0.19400000
2018-03-01 07:10:17,0.08262300,0.00300000
2018-03-01 07:10:17,0.08262300,0.02400000
2018-03-01 07:10:17,0.08262300,0.14000000
2018-03-01 07:10:18,0.08270800,0.34000000
2018-03-01 07:10:18,0.08262300,0.11100000
2018-03-01 07:10:19,0.08270800,0.02000000
2018-03-01 07:10:20,0.08262300,0.05700000
2018-03-01 07:10:21,0.08269900,0.10000000
2018-03-01 07:10:21,0.08269900,0.02100000
2018-03-01 07:10:23,0.08262300,0.01500000
2018-03-01 07:10:26,0.08262300,0.12900000
2018-03-01 07:10:26,0.08262200,0.02400000
2018-03-01 07:10:26,0.08261400,0.10400000
2018-03-01 07:10:27,0.08262300,0.12800000
2018-03-01 07:10:27,0.08262300,0.00100000
2018-03-01 07:10:27,0.08269900,0.00100000
2018-03-01 07:10:27,0.08270000,0.04000000
2018-03-01 07:10:27,0.08270800,0.00100000
2018-03-01 07:10:27,0.08270900,0.00100000
2018-03-01 07:10:27,0.08271400,0.00200000
2018-03-01 07:10:27,0.08271400,0.10200000
2018-03-01 07:10:27,0.08271500,0.02500000
2018-03-01 07:10:28,0.08270700,0.19000000
2018-03-01 07:10:28,0.08261200,0.01500000
2018-03-01 07:10:28,0.08270700,0.09900000
2018-03-01 07:10:28,0.08261300,0.08300000
2018-03-01 07:10:28,0.08261300,0.03800000
2018-03-01 07:10:30,0.08261400,0.02600000
2018-03-01 07:10:30,0.08261300,0.02300000
2018-03-01 07:10:32,0.08261200,0.01500000
2018-03-01 07:10:32,0.08261200,0.24100000
2018-03-01 07:10:32,0.08261200,0.97700000
2018-03-01 07:10:32,0.08261100,0.08900000
2018-03-01 07:10:32,0.08261100,0.11800000
2018-03-01 07:10:33,0.08261100,0.14400000
2018-03-01 07:10:33,0.08270200,0.01400000
2018-03-01 07:10:33,0.08261100,0.04900000
2018-03-01 07:10:33,0.08261100,0.14400000
2018-03-01 07:10:33,0.08261200,0.14300000
2018-03-01 07:10:34,0.08261100,0.08000000
2018-03-01 07:10:34,0.08261100,0.00100000
2018-03-01 07:10:34,0.08261100,0.04800000
2018-03-01 07:10:35,0.08261100,0.06600000
2018-03-01 07:10:35,0.08261100,0.43100000
2018-03-01 07:10:36,0.08261100,0.39100000
2018-03-01 07:10:39,0.08261100,0.17200000
2018-03-01 07:10:40,0.08261100,0.03500000
2018-03-01 07:10:41,0.08261100,0.25600000
2018-03-01 07:10:41,0.08261200,0.00100000
2018-03-01 07:10:42,0.08261200,0.01500000
2018-03-01 07:10:42,0.08263400,0.40000000
2018-03-01 07:10:42,0.08261200,0.02200000
2018-03-01 07:10:42,0.08261200,0.01800000
2018-03-01 07:10:42,0.08261100,0.00200000
2018-03-01 07:10:43,0.08261200,0.93200000
2018-03-01 07:10:43,0.08261200,0.33000000
2018-03-01 07:10:43,0.08261200,0.65100000
2018-03-01 07:10:43,0.08261100,0.04800000
2018-03-01 07:10:43,0.08261200,0.00100000
2018-03-01 07:10:43,0.08269400,0.17400000
2018-03-01 07:10:43,0.08270200,0.33200000
2018-03-01 07:10:44,0.08261100,1.21000000
2018-03-01 07:10:44,0.08261100,0.42000000
2018-03-01 07:10:45,0.08261200,0.34600000
2018-03-01 07:10:48,0.08261100,0.00100000
2018-03-01 07:10:48,0.08261000,0.00600000
2018-03-01 07:10:49,0.08261000,0.01900000
2018-03-01 07:10:49,0.08261000,0.03600000
2018-03-01 07:10:49,0.08260800,0.01800000
2018-03-01 07:10:49,0.08261200,0.01900000
2018-03-01 07:10:49,0.08261200,0.01500000
2018-03-01 07:10:49,0.08260800,0.02900000
2018-03-01 07:10:49,0.08261200,0.07000000
2018-03-01 07:10:49,0.08260900,0.01700000
2018-03-01 07:10:49,0.08261200,0.01900000
2018-03-01 07:10:49,0.08260900,0.00700000
2018-03-01 07:10:49,0.08261200,0.37200000
2018-03-01 07:10:49,0.08260900,0.11300000
2018-03-01 07:10:49,0.08260800,0.00100000
2018-03-01 07:10:49,0.08260500,0.51600000
2018-03-01 07:10:49,0.08260400,0.14800000
2018-03-01 07:10:49,0.08260000,2.32200000
2018-03-01 07:10:49,0.08260000,1.88700000
2018-03-01 07:10:49,0.08260000,0.11200000
2018-03-01 07:10:49,0.08260000,0.05000000
2018-03-01 07:10:50,0.08260000,0.04800000
2018-03-01 07:10:50,0.08260000,0.08300000
2018-03-01 07:10:50,0.08260000,0.48400000
2018-03-01 07:10:51,0.08260000,0.05200000
2018-03-01 07:10:51,0.08260000,0.95800000
2018-03-01 07:10:52,0.08260000,0.04900000
2018-03-01 07:10:53,0.08260000,0.10700000
2018-03-01 07:10:53,0.08260000,0.18000000
2018-03-01 07:10:53,0.08261200,0.00200000
2018-03-01 07:10:53,0.08269500,0.08500000
2018-03-01 07:10:54,0.08269500,0.02000000
2018-03-01 07:10:54,0.08269500,0.02000000
2018-03-01 07:10:55,0.08269300,0.02000000
2018-03-01 07:10:55,0.08269300,0.02000000
2018-03-01 07:10:56,0.08269300,0.07000000
2018-03-01 07:10:56,0.08260100,0.01900000
2018-03-01 07:10:56,0.08269300,0.02000000
2018-03-01 07:10:57,0.08269300,0.02000000
2018-03-01 07:10:57,0.08269400,0.80200000
2018-03-01 07:10:57,0.08269300,0.02000000
2018-03-01 07:10:57,0.08269300,0.02000000
2018-03-01 07:10:57,0.08269200,1.10500000
2018-03-01 07:10:57,0.08269300,0.02000000
2018-03-01 07:10:57,0.08269400,0.72200000
2018-03-01 07:10:57,0.08270400,0.03000000
2018-03-01 07:10:57,0.08270500,0.10400000
2018-03-01 07:10:57,0.08270600,0.03000000
2018-03-01 07:10:57,0.08270800,0.75600000
2018-03-01 07:10:57,0.08271200,0.04800000
2018-03-01 07:10:57,0.08271800,0.10400000
2018-03-01 07:10:57,0.08272000,0.09100000
2018-03-01 07:10:57,0.08260100,0.00100000
2018-03-01 07:10:57,0.08260000,0.05300000
2018-03-01 07:10:57,0.08260000,0.00200000
2018-03-01 07:10:58,0.08260300,0.10100000
2018-03-01 07:10:58,0.08260300,0.04800000
2018-03-01 07:10:59,0.08261000,0.06800000
2018-03-01 07:10:59,0.08261000,0.02100000
2018-03-01 07:11:00,0.08261100,0.22000000
2018-03-01 07:11:00,0.08261100,0.06100000
2018-03-01 07:11:00,0.08261200,0.10400000
2018-03-01 07:11:00,0.08261100,1.62800000
2018-03-01 07:11:00,0.08261000,0.35000000
2018-03-01 07:11:00,0.08260800,0.04800000
2018-03-01 07:11:00,0.08260000,0.97000000
2018-03-01 07:11:01,0.08261000,0.06100000
2018-03-01 07:11:01,0.08260000,0.10200000
2018-03-01 07:11:03,0.08267900,0.15000000
2018-03-01 07:11:03,0.08268300,0.63200000
2018-03-01 07:11:03,0.08270300,0.10400000
2018-03-01 07:11:03,0.08270500,1.12600000
2018-03-01 07:11:03,0.08271200,0.04800000
2018-03-01 07:11:03,0.08271900,0.03000000
2018-03-01 07:11:03,0.08272000,0.10900000
2018-03-01 07:11:03,0.08273300,0.75600000
2018-03-01 07:11:03,0.08274800,0.20500000
2018-03-01 07:11:04,0.08268000,0.33000000
2018-03-01 07:11:04,0.08263400,0.14900000
2018-03-01 07:11:04,0.08263400,0.00100000
2018-03-01 07:11:04,0.08263600,0.01500000
2018-03-01 07:11:05,0.08263600,0.02500000
2018-03-01 07:11:05,0.08263600,0.10900000
2018-03-01 07:11:05,0.08260500,0.02400000
2018-03-01 07:11:05,0.08260500,0.08000000
2018-03-01 07:11:05,0.08260400,0.05100000
2018-03-01 07:11:05,0.08260400,0.04300000
2018-03-01 07:11:06,0.08271800,0.04800000
2018-03-01 07:11:06,0.08261000,0.32800000
2018-03-01 07:11:07,0.08261000,0.04700000
2018-03-01 07:11:07,0.08261000,0.02500000
2018-03-01 07:11:07,0.08260700,0.02600000
2018-03-01 07:11:07,0.08261100,0.01700000
2018-03-01 07:11:07,0.08261100,0.05500000
2018-03-01 07:11:08,0.08261200,0.82500000
2018-03-01 07:11:08,0.08261200,0.04000000
2018-03-01 07:11:08,0.08261300,0.05700000
2018-03-01 07:11:08,0.08261300,0.04600000
2018-03-01 07:11:08,0.08271500,0.04800000
2018-03-01 07:11:08,0.08261500,0.02000000
2018-03-01 07:11:08,0.08261400,0.22300000
2018-03-01 07:11:09,0.08261500,0.01900000
2018-03-01 07:11:09,0.08271000,0.32900000
2018-03-01 07:11:10,0.08270900,0.05400000
2018-03-01 07:11:10,0.08271000,0.11700000
2018-03-01 07:11:10,0.08261600,0.01900000
2018-03-01 07:11:10,0.08271000,0.04800000
2018-03-01 07:11:10,0.08261600,0.27800000
2018-03-01 07:11:10,0.08271000,0.07500000
2018-03-01 07:11:10,0.08270700,0.33200000
2018-03-01 07:11:10,0.08270700,0.49900000
2018-03-01 07:11:10,0.08270700,0.04800000
2018-03-01 07:11:11,0.08270600,0.31600000
2018-03-01 07:11:11,0.08262000,0.17100000
2018-03-01 07:11:12,0.08261800,0.03900000
2018-03-01 07:11:13,0.08270500,0.04800000
2018-03-01 07:11:13,0.08262100,0.11100000
2018-03-01 07:11:13,0.08262000,0.02000000
2018-03-01 07:11:13,0.08261900,0.26900000
2018-03-01 07:11:13,0.08262000,0.02000000
2018-03-01 07:11:13,0.08261900,0.59800000
2018-03-01 07:11:13,0.08262000,0.02000000
2018-03-01 07:11:13,0.08261900,0.34300000
2018-03-01 07:11:13,0.08261800,0.29600000
2018-03-01 07:11:13,0.08261300,0.15100000
2018-03-01 07:11:13,0.08261000,0.17400000
2018-03-01 07:11:13,0.08260800,0.04800000
2018-03-01 07:11:13,0.08260000,3.49500000
2018-03-01 07:11:13,0.08259500,0.75600000
2018-03-01 07:11:13,0.08258000,0.51700000
2018-03-01 07:11:14,0.08260100,0.02000000
2018-03-01 07:11:14,0.08260200,1.02600000
2018-03-01 07:11:15,0.08263300,0.04700000
2018-03-01 07:11:15,0.08263300,0.35200000
2018-03-01 07:11:17,0.08269600,0.29900000
2018-03-01 07:11:19,0.08263400,0.39900000
2018-03-01 07:11:19,0.08269400,0.02000000
2018-03-01 07:11:19,0.08269500,0.38000000
2018-03-01 07:11:19,0.08269400,0.02000000
2018-03-01 07:11:19,0.08269500,0.10000000
2018-03-01 07:11:21,0.08260400,0.24000000
2018-03-01 07:11:24,0.08263400,0.04400000
2018-03-01 07:11:24,0.08263400,1.20900000
2018-03-01 07:11:24,0.08260000,0.04000000
2018-03-01 07:11:24,0.08263400,0.30600000
2018-03-01 07:11:24,0.08263400,0.00100000
2018-03-01 07:11:24,0.08263400,0.02200000
2018-03-01 07:11:24,0.08263400,0.00100000
2018-03-01 07:11:24,0.08260000,0.02100000
2018-03-01 07:11:24,0.08260000,0.02200000
2018-03-01 07:11:25,0.08263400,0.04800000
2018-03-01 07:11:25,0.08263400,0.00100000
2018-03-01 07:11:25,0.08260000,0.04700000
2018-03-01 07:11:25,0.08268800,0.20000000
2018-03-01 07:11:25,0.08268800,0.02000000
2018-03-01 07:11:26,0.08268800,0.00100000
2018-03-01 07:11:26,0.08268900,0.04500000
2018-03-01 07:11:26,0.08268700,0.02500000
2018-03-01 07:11:26,0.08268700,0.06200000
2018-03-01 07:11:27,0.08263400,0.02400000
2018-03-01 07:11:27,0.08263400,0.26900000
2018-03-01 07:11:27,0.08263400,0.45300000
2018-03-01 07:11:27,0.08263400,0.73700000
2018-03-01 07:11:27,0.08263400,3.51700000
2018-03-01 07:11:27,0.08268700,0.36100000
2018-03-01 07:11:27,0.08268800,0.02000000
2018-03-01 07:11:27,0.08268900,0.80800000
2018-03-01 07:11:28,0.08260200,0.01900000
2018-03-01 07:11:28,0.08268900,0.03200000
2018-03-01 07:11:29,0.08260400,0.01900000
2018-03-01 07:11:29,0.08260400,0.00100000
2018-03-01 07:11:29,0.08260300,0.01800000
2018-03-01 07:11:30,0.08260400,0.01900000
2018-03-01 07:11:30,0.08268900,0.16500000
2018-03-01 07:11:31,0.08260400,0.00100000
2018-03-01 07:11:31,0.08260100,0.04400000
2018-03-01 07:11:31,0.08260400,0.01800000
2018-03-01 07:11:31,0.08263000,0.14100000
2018-03-01 07:11:32,0.08263000,0.21300000
2018-03-01 07:11:32,0.08263000,0.04600000
2018-03-01 07:11:32,0.08260400,0.00200000
2018-03-01 07:11:32,0.08260100,0.03000000
2018-03-01 07:11:32,0.08260100,0.07400000
2018-03-01 07:11:32,0.08260100,0.09900000
2018-03-01 07:11:32,0.08268900,0.00100000
2018-03-01 07:11:32,0.08269000,0.08700000
2018-03-01 07:11:32,0.08269000,0.08300000
2018-03-01 07:11:32,0.08260400,0.02000000
2018-03-01 07:11:32,0.08260100,0.00600000
2018-03-01 07:11:32,0.08260000,0.04700000
2018-03-01 07:11:32,0.08269300,0.32000000
2018-03-01 07:11:33,0.08260600,0.03200000
2018-03-01 07:11:33,0.08263100,0.09200000
2018-03-01 07:11:34,0.08263100,0.21100000
2018-03-01 07:11:34,0.08263100,0.09700000
2018-03-01 07:11:34,0.08260600,0.01400000
2018-03-01 07:11:35,0.08260600,0.00100000
2018-03-01 07:11:38,0.08263100,0.03500000
2018-03-01 07:11:38,0.08263100,0.21200000
