DATE,PRICE,VOLUME
2018-02-27 09:00:00,0.08358800,0.22900000
2018-02-27 09:00:00,0.08350400,0.00100000
2018-02-27 09:00:00,0.08350200,0.04900000
2018-02-27 09:00:00,0.08350200,1.50000000
2018-02-27 09:00:01,0.08350200,1.19800000
2018-02-27 09:00:01,0.08350200,1.25200000
2018-02-27 09:00:02,0.08350100,1.19800000
2018-02-27 09:00:02,0.08350100,2.91100000
2018-02-27 09:00:02,0.08358800,0.03300000
2018-02-27 09:00:02,0.08358700,0.03000000
2018-02-27 09:00:02,0.08358700,0.02100000
2018-02-27 09:00:05,0.08350200,0.07000000
2018-02-27 09:00:05,0.08350200,0.45400000
2018-02-27 09:00:05,0.08350200,0.66500000
2018-02-27 09:00:06,0.08350200,0.02900000
2018-02-27 09:00:08,0.08350200,0.86800000
2018-02-27 09:00:09,0.08350200,0.01200000
2018-02-27 09:00:10,0.08350200,0.03200000
2018-02-27 09:00:10,0.08350200,0.07200000
2018-02-27 09:00:11,0.08350200,0.11200000
2018-02-27 09:00:11,0.08350200,0.11400000
2018-02-27 09:00:11,0.08350200,0.11400000
2018-02-27 09:00:13,0.08350200,0.56500000
2018-02-27 09:00:16,0.08350200,0.11300000
2018-02-27 09:00:16,0.08350200,0.11300000
2018-02-27 09:00:16,0.08350200,1.62000000
2018-02-27 09:00:17,0.08358300,0.02600000
2018-02-27 09:00:18,0.08358300,0.11400000
2018-02-27 09:00:19,0.08350200,0.09600000
2018-02-27 09:00:20,0.08358200,0.01600000
2018-02-27 09:00:20,0.08350200,0.06700000
2018-02-27 09:00:20,0.08350200,0.11200000
2018-02-27 09:00:21,0.08358300,0.13400000
2018-02-27 09:00:22,0.08358300,0.08800000
2018-02-27 09:00:22,0.08350200,0.09000000
2018-02-27 09:00:23,0.08350200,0.03000000
2018-02-27 09:00:24,0.08350200,0.02500000
2018-02-27 09:00:24,0.08350200,0.03000000
2018-02-27 09:00:25,0.08350200,0.05800000
2018-02-27 09:00:25,0.08350200,0.04400000
2018-02-27 09:00:25,0.08350200,0.05800000
2018-02-27 09:00:25,0.08350200,0.05000000
2018-02-27 09:00:27,0.08358300,3.68700000
2018-02-27 09:00:27,0.08358600,0.21600000
2018-02-27 09:00:27,0.08358600,0.59500000
2018-02-27 09:00:27,0.08358700,0.13100000
2018-02-27 09:00:27,0.08358900,0.07600000
2018-02-27 09:00:28,0.08358800,0.02600000
2018-02-27 09:00:30,0.08358800,0.00900000
2018-02-27 09:00:30,0.08358800,0.01300000
2018-02-27 09:00:30,0.08358800,0.08000000
2018-02-27 09:00:30,0.08358800,0.03100000
2018-02-27 09:00:31,0.08358800,0.08200000
2018-02-27 09:00:31,0.08358900,0.03400000
2018-02-27 09:00:32,0.08358800,0.00100000
2018-02-27 09:00:32,0.08350300,0.11400000
2018-02-27 09:00:33,0.08358000,0.20100000
2018-02-27 09:00:33,0.08350300,0.49600000
2018-02-27 09:00:33,0.08350300,0.03800000
2018-02-27 09:00:33,0.08350300,0.11900000
2018-02-27 09:00:35,0.08358000,0.04100000
2018-02-27 09:00:35,0.08358000,0.00900000
2018-02-27 09:00:35,0.08358300,0.01400000
2018-02-27 09:00:35,0.08358200,0.03400000
2018-02-27 09:00:35,0.08350200,0.03800000
2018-02-27 09:00:36,0.08358200,0.02500000
2018-02-27 09:00:37,0.08358200,0.02400000
2018-02-27 09:00:37,0.08350200,0.40000000
2018-02-27 09:00:37,0.08358200,0.14700000
2018-02-27 09:00:37,0.08358200,0.58700000
2018-02-27 09:00:37,0.08358300,0.45700000
2018-02-27 09:00:38,0.08358300,0.11600000
2018-02-27 09:00:38,0.08358800,0.02200000
2018-02-27 09:00:38,0.08358800,0.02300000
2018-02-27 09:00:38,0.08358800,0.02900000
2018-02-27 09:00:38,0.08350200,0.07000000
2018-02-27 09:00:38,0.08358800,0.00100000
2018-02-27 09:00:38,0.08358800,0.02200000
2018-02-27 09:00:38,0.08358800,0.00200000
2018-02-27 09:00:38,0.08350300,0.02100000
2018-02-27 09:00:38,0.08352100,0.05800000
2018-02-27 09:00:39,0.08350300,0.40600000
2018-02-27 09:00:39,0.08352100,0.32200000
2018-02-27 09:00:39,0.08358900,0.32100000
2018-02-27 09:00:39,0.08358900,0.32100000
2018-02-27 09:00:39,0.08358900,0.04600000
2018-02-27 09:00:39,0.08358900,0.63900000
2018-02-27 09:00:40,0.08350400,0.03000000
2018-02-27 09:00:41,0.08350300,0.23900000
2018-02-27 09:00:41,0.08350300,0.28000000
2018-02-27 09:00:42,0.08358900,0.02600000
2018-02-27 09:00:42,0.08358900,0.00400000
2018-02-27 09:00:42,0.08359000,0.03500000
2018-02-27 09:00:42,0.08360000,0.10000000
2018-02-27 09:00:42,0.08360200,0.56700000
2018-02-27 09:00:42,0.08350600,0.03000000
2018-02-27 09:00:42,0.08350500,0.01000000
2018-02-27 09:00:42,0.08361000,0.02000000
2018-02-27 09:00:42,0.08362900,0.90800000
2018-02-27 09:00:43,0.08351000,0.43900000
2018-02-27 09:00:43,0.08361000,0.01900000
2018-02-27 09:00:44,0.08351500,0.01700000
2018-02-27 09:00:44,0.08358900,0.02600000
2018-02-27 09:00:44,0.08351500,0.28000000
2018-02-27 09:00:45,0.08358800,0.02400000
2018-02-27 09:00:45,0.08351500,0.65900000
2018-02-27 09:00:45,0.08351500,0.30400000
2018-02-27 09:00:46,0.08351600,0.03000000
2018-02-27 09:00:46,0.08358800,0.05000000
2018-02-27 09:00:47,0.08358800,0.04000000
2018-02-27 09:00:48,0.08351700,0.03800000
2018-02-27 09:00:49,0.08351700,0.03200000
2018-02-27 09:00:49,0.08351700,1.00000000
2018-02-27 09:00:49,0.08358700,0.92500000
2018-02-27 09:00:50,0.08358900,0.17800000
2018-02-27 09:00:50,0.08351700,0.01600000
2018-02-27 09:00:50,0.08351700,1.06900000
2018-02-27 09:00:51,0.08352400,0.23800000
2018-02-27 09:00:52,0.08352400,0.00100000
2018-02-27 09:00:52,0.08351800,1.46700000
2018-02-27 09:00:53,0.08356600,0.40000000
2018-02-27 09:00:53,0.08358900,0.00100000
2018-02-27 09:00:53,0.08359900,0.05800000
2018-02-27 09:00:54,0.08357000,0.44000000
2018-02-27 09:00:55,0.08351700,0.40000000
2018-02-27 09:00:55,0.08359900,0.00400000
2018-02-27 09:00:55,0.08361900,0.03000000
2018-02-27 09:00:55,0.08362800,0.02000000
2018-02-27 09:00:55,0.08363300,1.46700000
2018-02-27 09:00:55,0.08364300,0.27900000
2018-02-27 09:00:56,0.08359900,0.05000000
2018-02-27 09:00:56,0.08362800,0.02000000
2018-02-27 09:00:56,0.08352600,0.72300000
2018-02-27 09:00:57,0.08362700,0.14800000
2018-02-27 09:00:57,0.08353300,0.76700000
2018-02-27 09:00:57,0.08353300,0.37000000
2018-02-27 09:00:58,0.08353400,0.12800000
2018-02-27 09:00:58,0.08353300,0.61200000
2018-02-27 09:00:58,0.08353300,0.08100000
2018-02-27 09:00:59,0.08353500,0.02200000
2018-02-27 09:00:59,0.08353500,0.09700000
2018-02-27 09:01:01,0.08353500,0.16100000
2018-02-27 09:01:02,0.08358800,0.11900000
2018-02-27 09:01:05,0.08358800,0.05000000
2018-02-27 09:01:05,0.08353600,0.02000000
2018-02-27 09:01:05,0.08353500,1.05800000
2018-02-27 09:01:05,0.08353500,0.12200000
2018-02-27 09:01:05,0.08353400,1.07800000
2018-02-27 09:01:05,0.08354000,0.02000000
2018-02-27 09:01:05,0.08354000,0.03000000
2018-02-27 09:01:05,0.08354000,0.13600000
2018-02-27 09:01:05,0.08358800,0.02100000
2018-02-27 09:01:06,0.08358800,0.01500000
2018-02-27 09:01:06,0.08354000,0.11800000
2018-02-27 09:01:06,0.08353300,0.46200000
2018-02-27 09:01:07,0.08358800,0.09500000
2018-02-27 09:01:08,0.08351700,0.05000000
2018-02-27 09:01:09,0.08358800,0.69900000
2018-02-27 09:01:10,0.08358800,0.00100000
2018-02-27 09:01:10,0.08363100,0.12800000
2018-02-27 09:01:10,0.08363200,0.87100000
2018-02-27 09:01:10,0.08363200,0.70200000
2018-02-27 09:01:11,0.08351900,0.00900000
2018-02-27 09:01:11,0.08352000,0.23300000
2018-02-27 09:01:11,0.08363000,0.72400000
2018-02-27 09:01:12,0.08362900,0.15100000
2018-02-27 09:01:12,0.08363000,0.09800000
2018-02-27 09:01:12,0.08363000,0.01600000
2018-02-27 09:01:12,0.08363000,0.36500000
2018-02-27 09:01:12,0.08363000,0.05100000
2018-02-27 09:01:12,0.08363200,0.31400000
2018-02-27 09:01:12,0.08363000,0.16900000
2018-02-27 09:01:13,0.08363000,0.19000000
2018-02-27 09:01:13,0.08363000,0.17000000
2018-02-27 09:01:13,0.08352400,0.30100000
2018-02-27 09:01:13,0.08360800,0.15000000
2018-02-27 09:01:13,0.08360800,0.16000000
2018-02-27 09:01:15,0.08353000,0.02000000
2018-02-27 09:01:15,0.08352700,0.03900000
2018-02-27 09:01:15,0.08352700,0.05900000
2018-02-27 09:01:16,0.08353000,0.02000000
2018-02-27 09:01:16,0.08352800,0.03900000
2018-02-27 09:01:17,0.08360800,0.03200000
2018-02-27 09:01:17,0.08360800,0.03900000
2018-02-27 09:01:17,0.08361200,0.59900000
2018-02-27 09:01:17,0.08361200,0.01800000
2018-02-27 09:01:17,0.08362100,0.03900000
2018-02-27 09:01:17,0.08362900,0.86600000
2018-02-27 09:01:17,0.08362900,0.27300000
2018-02-27 09:01:17,0.08363000,0.13100000
2018-02-27 09:01:17,0.08363200,0.10800000
2018-02-27 09:01:17,0.08363200,24.97000000
2018-02-27 09:01:17,0.08363200,6.14300000
2018-02-27 09:01:17,0.08363200,0.20700000
2018-02-27 09:01:17,0.08360800,0.06800000
2018-02-27 09:01:17,0.08360800,0.02000000
2018-02-27 09:01:17,0.08360800,0.22100000
2018-02-27 09:01:17,0.08352200,0.02000000
2018-02-27 09:01:17,0.08351300,0.07200000
2018-02-27 09:01:17,0.08351300,0.07800000
2018-02-27 09:01:17,0.08351000,0.14100000
2018-02-27 09:01:17,0.08351000,0.10800000
2018-02-27 09:01:17,0.08353600,0.02300000
2018-02-27 09:01:18,0.08353600,0.06500000
2018-02-27 09:01:18,0.08353600,0.00100000
2018-02-27 09:01:18,0.08360800,0.02000000
2018-02-27 09:01:18,0.08362900,0.01400000
2018-02-27 09:01:18,0.08360800,0.02000000
2018-02-27 09:01:18,0.08362900,0.60300000
2018-02-27 09:01:18,0.08363000,0.01800000
2018-02-27 09:01:19,0.08351700,0.02000000
2018-02-27 09:01:19,0.08350800,0.00400000
2018-02-27 09:01:20,0.08361200,0.05100000
2018-02-27 09:01:21,0.08360400,0.52200000
2018-02-27 09:01:21,0.08361200,0.03300000
2018-02-27 09:01:21,0.08361500,0.02000000
2018-02-27 09:01:21,0.08363000,0.13200000
2018-02-27 09:01:21,0.08363200,2.29100000
2018-02-27 09:01:22,0.08352100,0.33900000
2018-02-27 09:01:22,0.08352100,0.40000000
2018-02-27 09:01:28,0.08352700,0.23900000
2018-02-27 09:01:28,0.08361400,0.22900000
2018-02-27 09:01:28,0.08361400,0.15900000
2018-02-27 09:01:28,0.08361400,0.00100000
2018-02-27 09:01:29,0.08361400,0.05200000
2018-02-27 09:01:29,0.08361400,0.00100000
2018-02-27 09:01:29,0.08352800,0.02000000
2018-02-27 09:01:29,0.08352700,0.03100000
2018-02-27 09:01:29,0.08352700,0.01600000
2018-02-27 09:01:29,0.08352700,0.04700000
2018-02-27 09:01:29,0.08352800,0.01400000
2018-02-27 09:01:29,0.08352800,0.00600000
2018-02-27 09:01:29,0.08352700,0.04600000
2018-02-27 09:01:29,0.08361500,0.05400000
2018-02-27 09:01:31,0.08361500,0.19600000
2018-02-27 09:01:31,0.08361500,0.14900000
2018-02-27 09:01:33,0.08359000,0.09400000
2018-02-27 09:01:33,0.08359000,0.02900000
2018-02-27 09:01:33,0.08353000,0.02000000
2018-02-27 09:01:33,0.08352900,0.01600000
2018-02-27 09:01:33,0.08352600,0.01900000
2018-02-27 09:01:33,0.08352600,0.12200000
2018-02-27 09:01:33,0.08352600,0.12200000
2018-02-27 09:01:33,0.08359000,0.02100000
2018-02-27 09:01:34,0.08359000,0.01900000
2018-02-27 09:01:34,0.08352700,0.01900000
2018-02-27 09:01:35,0.08352700,0.00100000
2018-02-27 09:01:35,0.08352600,0.04000000
2018-02-27 09:01:36,0.08352700,0.02000000
2018-02-27 09:01:36,0.08352600,0.38000000
2018-02-27 09:01:36,0.08352600,0.47200000
2018-02-27 09:01:36,0.08352600,0.15000000
2018-02-27 09:01:36,0.08352600,0.08900000
2018-02-27 09:01:37,0.08352800,0.36900000
2018-02-27 09:01:38,0.08361500,0.01700000
2018-02-27 09:01:39,0.08361300,0.18900000
2018-02-27 09:01:40,0.08362000,0.01900000
2018-02-27 09:01:40,0.08361400,0.04800000
2018-02-27 09:01:43,0.08361100,0.01200000
2018-02-27 09:01:43,0.08353000,0.15000000
2018-02-27 09:01:44,0.08362100,0.02000000
2018-02-27 09:01:44,0.08362100,0.02000000
2018-02-27 09:01:44,0.08362000,0.05300000
2018-02-27 09:01:46,0.08353300,0.10600000
2018-02-27 09:01:46,0.08361800,0.02000000
2018-02-27 09:01:46,0.08361900,0.16200000
2018-02-27 09:01:47,0.08353300,0.16100000
2018-02-27 09:01:47,0.08353300,0.10200000
2018-02-27 09:01:47,0.08353000,0.26800000
2018-02-27 09:01:47,0.08352700,0.02000000
2018-02-27 09:01:47,0.08352700,0.02000000
2018-02-27 09:01:47,0.08352700,0.01800000
2018-02-27 09:01:47,0.08352700,0.02000000
2018-02-27 09:01:47,0.08352700,0.02000000
2018-02-27 09:01:47,0.08352700,0.21700000
2018-02-27 09:01:49,0.08352400,1.19900000
2018-02-27 09:01:49,0.08352400,0.47500000
2018-02-27 09:01:49,0.08352700,0.00300000
2018-02-27 09:01:51,0.08352500,0.02200000
2018-02-27 09:01:51,0.08352400,0.16200000
2018-02-27 09:01:53,0.08352400,0.07000000
2018-02-27 09:01:53,0.08352400,0.62200000
2018-02-27 09:01:54,0.08352700,0.05100000
2018-02-27 09:01:54,0.08360800,0.04900000
2018-02-27 09:01:54,0.08360800,0.05000000
2018-02-27 09:01:54,0.08360800,0.03000000
2018-02-27 09:01:54,0.08352500,0.05800000
2018-02-27 09:01:54,0.08360800,0.05500000
2018-02-27 09:01:54,0.08360800,0.01800000
2018-02-27 09:01:54,0.08353000,0.44000000
2018-02-27 09:01:54,0.08360800,0.02400000
2018-02-27 09:01:55,0.08353000,0.09700000
2018-02-27 09:01:56,0.08353000,0.11700000
2018-02-27 09:01:56,0.08353000,0.20900000
2018-02-27 09:01:56,0.08360600,0.01800000
2018-02-27 09:01:56,0.08360600,0.57700000
2018-02-27 09:01:57,0.08360600,0.01800000
2018-02-27 09:01:57,0.08360500,0.10600000
2018-02-27 09:01:57,0.08360600,0.00200000
2018-02-27 09:01:57,0.08360700,29.10700000
2018-02-27 09:01:57,0.08360900,0.35100000
2018-02-27 09:01:57,0.08361800,0.36900000
2018-02-27 09:01:57,0.08362000,0.15000000
2018-02-27 09:01:57,0.08363000,0.15000000
2018-02-27 09:01:57,0.08363200,16.37800000
2018-02-27 09:01:58,0.08353100,0.22000000
2018-02-27 09:01:58,0.08360600,0.01800000
2018-02-27 09:01:58,0.08361800,0.02000000
2018-02-27 09:01:58,0.08362900,0.91400000
2018-02-27 09:01:58,0.08362900,1.16100000
2018-02-27 09:01:58,0.08361800,0.02000000
2018-02-27 09:01:58,0.08362900,1.17600000
2018-02-27 09:01:59,0.08361800,0.02000000
2018-02-27 09:02:00,0.08353500,0.02000000
2018-02-27 09:02:00,0.08353400,0.66000000
2018-02-27 09:02:00,0.08361800,1.19900000
2018-02-27 09:02:00,0.08361800,0.05500000
2018-02-27 09:02:00,0.08361800,0.54000000
2018-02-27 09:02:01,0.08361800,0.85100000
2018-02-27 09:02:01,0.08361800,1.23500000
2018-02-27 09:02:01,0.08353600,1.39000000
2018-02-27 09:02:01,0.08362200,0.02000000
2018-02-27 09:02:01,0.08353700,0.02000000
2018-02-27 09:02:01,0.08353400,0.53700000
2018-02-27 09:02:01,0.08352400,0.44300000
2018-02-27 09:02:02,0.08362200,0.68300000
2018-02-27 09:02:02,0.08362400,0.02000000
2018-02-27 09:02:02,0.08362200,0.04000000
2018-02-27 09:02:02,0.08352700,0.01900000
2018-02-27 09:02:03,0.08362000,0.02000000
2018-02-27 09:02:03,0.08362100,0.66000000
2018-02-27 09:02:03,0.08353000,0.03000000
2018-02-27 09:02:04,0.08361900,0.46800000
2018-02-27 09:02:04,0.08353100,0.01800000
2018-02-27 09:02:04,0.08361800,0.02000000
2018-02-27 09:02:05,0.08361800,1.19700000
2018-02-27 09:02:05,0.08361800,1.80200000
2018-02-27 09:02:06,0.08361700,0.01900000
2018-02-27 09:02:06,0.08361700,0.00100000
2018-02-27 09:02:06,0.08361800,0.99900000
2018-02-27 09:02:07,0.08353200,0.33200000
2018-02-27 09:02:10,0.08353200,1.66300000
2018-02-27 09:02:10,0.08353200,0.02100000
2018-02-27 09:02:10,0.08353200,0.22000000
2018-02-27 09:02:10,0.08353200,0.18900000
2018-02-27 09:02:10,0.08353200,0.18900000
2018-02-27 09:02:10,0.08353200,0.01900000
2018-02-27 09:02:11,0.08353100,0.18900000
2018-02-27 09:02:12,0.08353000,0.03300000
2018-02-27 09:02:13,0.08360800,0.09500000
2018-02-27 09:02:13,0.08353000,0.07700000
2018-02-27 09:02:14,0.08360700,2.13800000
2018-02-27 09:02:16,0.08353000,0.31700000
2018-02-27 09:02:16,0.08360700,0.08100000
2018-02-27 09:02:16,0.08360700,0.51400000
2018-02-27 09:02:16,0.08360800,3.84400000
2018-02-27 09:02:17,0.08360800,0.07300000
2018-02-27 09:02:18,0.08360800,0.23700000
2018-02-27 09:02:18,0.08353000,0.37900000
2018-02-27 09:02:18,0.08360800,0.00100000
2018-02-27 09:02:18,0.08360900,0.02200000
2018-02-27 09:02:18,0.08361300,0.02000000
2018-02-27 09:02:18,0.08361600,0.19200000
2018-02-27 09:02:18,0.08353000,0.14400000
2018-02-27 09:02:18,0.08352400,0.49900000
2018-02-27 09:02:18,0.08352400,0.18700000
2018-02-27 09:02:18,0.08352300,0.02000000
2018-02-27 09:02:18,0.08352100,0.47900000
2018-02-27 09:02:18,0.08361000,0.02900000
2018-02-27 09:02:19,0.08353000,0.02000000
2018-02-27 09:02:21,0.08353200,0.01900000
2018-02-27 09:02:22,0.08361500,0.04400000
2018-02-27 09:02:22,0.08361500,0.12000000
2018-02-27 09:02:22,0.08353200,0.00100000
2018-02-27 09:02:22,0.08353100,0.99900000
2018-02-27 09:02:22,0.08353200,0.01900000
2018-02-27 09:02:22,0.08353200,0.00100000
2018-02-27 09:02:22,0.08353100,0.01800000
2018-02-27 09:02:22,0.08361500,0.03400000
2018-02-27 09:02:22,0.08353200,0.02000000
2018-02-27 09:02:22,0.08353100,0.05200000
2018-02-27 09:02:23,0.08353200,0.31800000
2018-02-27 09:02:23,0.08353200,0.00100000
2018-02-27 09:02:23,0.08353100,0.31700000
2018-02-27 09:02:23,0.08353200,0.01900000
2018-02-27 09:02:23,0.08361500,0.61400000
2018-02-27 09:02:23,0.08361500,0.09700000
2018-02-27 09:02:24,0.08361500,0.04600000
2018-02-27 09:02:24,0.08361500,0.56800000
2018-02-27 09:02:24,0.08353200,0.00100000
2018-02-27 09:02:24,0.08353100,0.04400000
2018-02-27 09:02:24,0.08353100,0.21100000
2018-02-27 09:02:24,0.08353100,0.03700000
2018-02-27 09:02:24,0.08353100,0.15400000
2018-02-27 09:02:24,0.08353100,0.61300000
2018-02-27 09:02:24,0.08353200,0.02000000
2018-02-27 09:02:24,0.08353100,0.11300000
2018-02-27 09:02:24,0.08353200,0.02000000
2018-02-27 09:02:24,0.08353200,0.02000000
2018-02-27 09:02:25,0.08362100,0.02000000
2018-02-27 09:02:25,0.08363000,0.69100000
2018-02-27 09:02:25,0.08362100,0.02000000
2018-02-27 09:02:25,0.08362100,0.01700000
2018-02-27 09:02:27,0.08362200,0.01700000
2018-02-27 09:02:28,0.08362000,0.01400000
2018-02-27 09:02:28,0.08362000,1.15600000
2018-02-27 09:02:28,0.08361900,0.02000000
2018-02-27 09:02:28,0.08362000,0.45700000
2018-02-27 09:02:29,0.08361800,0.01700000
2018-02-27 09:02:31,0.08361800,0.00200000
2018-02-27 09:02:33,0.08353600,0.02400000
2018-02-27 09:02:36,0.08353600,0.02200000
2018-02-27 09:02:36,0.08353600,0.01600000
2018-02-27 09:02:37,0.08353600,0.13200000
2018-02-27 09:02:38,0.08353600,0.37200000
2018-02-27 09:02:39,0.08353600,0.18000000
2018-02-27 09:02:39,0.08361800,0.00100000
2018-02-27 09:02:39,0.08361900,0.05800000
2018-02-27 09:02:40,0.08361800,0.23700000
2018-02-27 09:02:40,0.08361800,0.11800000
2018-02-27 09:02:40,0.08361800,0.25700000
2018-02-27 09:02:40,0.08361800,0.09700000
2018-02-27 09:02:40,0.08353600,0.01900000
2018-02-27 09:02:40,0.08361800,1.00600000
2018-02-27 09:02:40,0.08361700,0.01700000
2018-02-27 09:02:40,0.08361700,0.40700000
2018-02-27 09:02:41,0.08361700,1.20900000
2018-02-27 09:02:43,0.08361600,0.03400000
2018-02-27 09:02:43,0.08361600,0.05100000
2018-02-27 09:02:43,0.08361700,0.01000000
2018-02-27 09:02:43,0.08362100,0.02000000
2018-02-27 09:02:43,0.08363000,0.13200000
2018-02-27 09:02:44,0.08362100,0.02000000
2018-02-27 09:02:44,0.08363000,0.05400000
2018-02-27 09:02:44,0.08363100,0.92600000
2018-02-27 09:02:44,0.08363100,0.01800000
2018-02-27 09:02:44,0.08362100,0.01700000
2018-02-27 09:02:45,0.08362000,0.01700000
2018-02-27 09:02:45,0.08362000,1.19300000
2018-02-27 09:02:45,0.08362000,1.14900000
2018-02-27 09:02:45,0.08362000,0.17800000
2018-02-27 09:02:45,0.08362000,0.02400000
2018-02-27 09:02:45,0.08361900,0.01200000
2018-02-27 09:02:46,0.08353900,0.47600000
2018-02-27 09:02:46,0.08353900,0.24700000
2018-02-27 09:02:46,0.08361800,0.02500000
2018-02-27 09:02:46,0.08361800,0.04400000
2018-02-27 09:02:46,0.08361900,0.00800000
2018-02-27 09:02:46,0.08362000,0.01600000
2018-02-27 09:02:46,0.08353900,0.10600000
2018-02-27 09:02:47,0.08361700,0.37900000
2018-02-27 09:02:47,0.08361700,0.12000000
2018-02-27 09:02:47,0.08353900,0.02100000
2018-02-27 09:02:47,0.08353900,0.02400000
2018-02-27 09:02:47,0.08353600,0.10700000
2018-02-27 09:02:48,0.08362100,0.01800000
2018-02-27 09:02:49,0.08363100,0.49600000
2018-02-27 09:02:50,0.08363100,0.53400000
2018-02-27 09:02:51,0.08363100,5.42200000
2018-02-27 09:02:52,0.08354400,0.07500000
2018-02-27 09:02:52,0.08354400,0.40400000
2018-02-27 09:02:52,0.08363100,0.15800000
2018-02-27 09:02:53,0.08363000,0.49600000
2018-02-27 09:02:53,0.08363000,0.00200000
2018-02-27 09:02:55,0.08354300,0.68900000
2018-02-27 09:02:55,0.08363100,0.15800000
2018-02-27 09:02:55,0.08363100,11.49900000
2018-02-27 09:02:55,0.08354400,0.31000000
2018-02-27 09:02:56,0.08354400,0.33500000
2018-02-27 09:02:58,0.08354400,0.33800000
2018-02-27 09:02:58,0.08354400,0.93100000
2018-02-27 09:02:58,0.08354400,0.02800000
2018-02-27 09:02:59,0.08363000,1.26400000
2018-02-27 09:02:59,0.08354400,1.20100000
2018-02-27 09:03:01,0.08363000,0.02000000
2018-02-27 09:03:02,0.08363000,0.26300000
2018-02-27 09:03:03,0.08363000,0.91900000
2018-02-27 09:03:03,0.08363000,0.39900000
2018-02-27 09:03:04,0.08354400,0.03400000
2018-02-27 09:03:05,0.08363000,0.73500000
2018-02-27 09:03:05,0.08363000,0.16000000
2018-02-27 09:03:09,0.08363000,0.12100000
2018-02-27 09:03:09,0.08363000,0.00100000
2018-02-27 09:03:09,0.08363200,0.12000000
2018-02-27 09:03:09,0.08363200,2.14100000
2018-02-27 09:03:09,0.08363200,0.03500000
2018-02-27 09:03:09,0.08354500,0.31900000
2018-02-27 09:03:09,0.08354500,0.41600000
2018-02-27 09:03:10,0.08354500,0.35600000
2018-02-27 09:03:12,0.08354500,0.04000000
2018-02-27 09:03:12,0.08354500,0.10300000
2018-02-27 09:03:13,0.08354400,0.00100000
2018-02-27 09:03:13,0.08353600,0.10200000
2018-02-27 09:03:13,0.08363000,0.01900000
2018-02-27 09:03:14,0.08362900,0.14200000
2018-02-27 09:03:14,0.08362900,0.00100000
2018-02-27 09:03:14,0.08363000,0.00100000
2018-02-27 09:03:14,0.08363100,0.14000000
2018-02-27 09:03:14,0.08353700,0.35400000
2018-02-27 09:03:14,0.08363100,0.01400000
2018-02-27 09:03:15,0.08363000,0.08100000
2018-02-27 09:03:15,0.08354100,0.20000000
2018-02-27 09:03:15,0.08362900,0.02200000
2018-02-27 09:03:15,0.08354200,0.03900000
2018-02-27 09:03:16,0.08354200,0.34400000
2018-02-27 09:03:16,0.08362900,0.33100000
2018-02-27 09:03:16,0.08362900,0.00100000
2018-02-27 09:03:16,0.08354200,0.66000000
2018-02-27 09:03:16,0.08363100,0.34400000
2018-02-27 09:03:16,0.08363100,0.48100000
2018-02-27 09:03:16,0.08362800,0.03700000
2018-02-27 09:03:18,0.08354400,1.19000000
2018-02-27 09:03:20,0.08362800,0.21200000
2018-02-27 09:03:24,0.08362800,0.09900000
2018-02-27 09:03:26,0.08362800,0.11900000
2018-02-27 09:03:28,0.08362800,0.00100000
2018-02-27 09:03:28,0.08362800,0.11000000
2018-02-27 09:03:32,0.08363100,0.03500000
2018-02-27 09:03:33,0.08354800,0.01300000
2018-02-27 09:03:33,0.08363100,0.23200000
2018-02-27 09:03:34,0.08363100,0.00100000
2018-02-27 09:03:34,0.08363200,1.00900000
2018-02-27 09:03:34,0.08363200,0.33700000
2018-02-27 09:03:40,0.08363200,1.50800000
2018-02-27 09:03:40,0.08363200,0.73100000
2018-02-27 09:03:41,0.08363200,0.62000000
2018-02-27 09:03:43,0.08363200,0.05600000
2018-02-27 09:03:43,0.08363200,0.12900000
2018-02-27 09:03:44,0.08363200,0.01400000
2018-02-27 09:03:46,0.08355000,0.02500000
2018-02-27 09:03:46,0.08355100,0.02500000
2018-02-27 09:03:47,0.08355100,0.02400000
2018-02-27 09:03:47,0.08362800,0.11600000
2018-02-27 09:03:49,0.08355100,5.43000000
2018-02-27 09:03:49,0.08362800,0.04600000
2018-02-27 09:03:51,0.08362800,0.00500000
2018-02-27 09:03:51,0.08363200,2.62400000
2018-02-27 09:03:51,0.08363200,0.07000000
2018-02-27 09:03:52,0.08355100,0.32900000
2018-02-27 09:03:54,0.08355100,0.00100000
2018-02-27 09:03:54,0.08355000,0.03500000
2018-02-27 09:03:54,0.08355000,0.26200000
2018-02-27 09:03:54,0.08358400,0.03400000
2018-02-27 09:03:54,0.08358400,0.03500000
2018-02-27 09:03:54,0.08358400,0.09000000
2018-02-27 09:03:54,0.08358400,0.03500000
2018-02-27 09:03:54,0.08358400,0.07000000
2018-02-27 09:03:54,0.08358400,0.13600000
2018-02-27 09:03:54,0.08362800,0.05000000
2018-02-27 09:03:54,0.08363100,0.13100000
2018-02-27 09:03:54,0.08363200,0.71300000
2018-02-27 09:03:58,0.08355000,1.19000000
2018-02-27 09:03:58,0.08363200,0.04700000
2018-02-27 09:03:58,0.08363200,3.11400000
2018-02-27 09:03:59,0.08355000,0.03000000
2018-02-27 09:04:00,0.08363200,1.19600000
2018-02-27 09:04:00,0.08363200,1.19600000
2018-02-27 09:04:00,0.08355000,0.25700000
2018-02-27 09:04:00,0.08363200,0.01400000
2018-02-27 09:04:01,0.08363100,0.02000000
2018-02-27 09:04:01,0.08363100,0.02000000
2018-02-27 09:04:01,0.08363100,0.51700000
2018-02-27 09:04:01,0.08363100,0.08000000
2018-02-27 09:04:01,0.08363100,0.03900000
2018-02-27 09:04:01,0.08363100,0.29900000
2018-02-27 09:04:01,0.08363100,0.07700000
2018-02-27 09:04:01,0.08363100,0.02400000
2018-02-27 09:04:01,0.08363100,0.02400000
2018-02-27 09:04:01,0.08355000,0.04400000
2018-02-27 09:04:02,0.08355000,0.05300000
2018-02-27 09:04:03,0.08355000,0.16700000
2018-02-27 09:04:04,0.08355100,0.11300000
2018-02-27 09:04:04,0.08355100,1.24300000
2018-02-27 09:04:05,0.08361600,0.06900000
2018-02-27 09:04:10,0.08355100,0.00500000
2018-02-27 09:04:11,0.08355100,1.00800000
2018-02-27 09:04:13,0.08355100,0.01500000
2018-02-27 09:04:14,0.08355100,0.24400000
2018-02-27 09:04:14,0.08355000,0.15400000
2018-02-27 09:04:15,0.08355000,0.03400000
2018-02-27 09:04:15,0.08355000,0.09900000
2018-02-27 09:04:15,0.08355000,0.03100000
2018-02-27 09:04:16,0.08355000,0.08800000
2018-02-27 09:04:16,0.08361500,0.02100000
2018-02-27 09:04:17,0.08355000,0.01000000
2018-02-27 09:04:18,0.08355000,0.00100000
2018-02-27 09:04:18,0.08361500,0.01200000
2018-02-27 09:04:18,0.08355000,0.12100000
2018-02-27 09:04:18,0.08355000,0.03800000
2018-02-27 09:04:18,0.08355000,0.01700000
2018-02-27 09:04:19,0.08363200,0.63400000
2018-02-27 09:04:22,0.08355000,0.03900000
2018-02-27 09:04:23,0.08361400,0.02000000
2018-02-27 09:04:23,0.08361400,0.00100000
2018-02-27 09:04:23,0.08361500,0.01200000
2018-02-27 09:04:23,0.08363100,0.00700000
2018-02-27 09:04:23,0.08363100,0.02700000
2018-02-27 09:04:23,0.08363100,0.00100000
2018-02-27 09:04:23,0.08363200,0.02600000
2018-02-27 09:04:23,0.08363200,0.19400000
2018-02-27 09:04:23,0.08363200,1.27400000
2018-02-27 09:04:24,0.08363200,1.37000000
2018-02-27 09:04:24,0.08363200,0.14500000
2018-02-27 09:04:25,0.08363200,2.07200000
2018-02-27 09:04:26,0.08355100,1.19700000
2018-02-27 09:04:26,0.08355100,0.58000000
2018-02-27 09:04:26,0.08362000,1.99900000
2018-02-27 09:04:27,0.08355100,0.08100000
2018-02-27 09:04:28,0.08355000,0.28100000
2018-02-27 09:04:29,0.08362000,0.00100000
2018-02-27 09:04:29,0.08363000,2.64900000
2018-02-27 09:04:29,0.08355000,0.78400000
2018-02-27 09:04:30,0.08355000,0.04200000
2018-02-27 09:04:30,0.08362800,0.01000000
2018-02-27 09:04:31,0.08355000,0.12600000
2018-02-27 09:04:32,0.08355000,0.08900000
2018-02-27 09:04:32,0.08363000,0.34600000
2018-02-27 09:04:32,0.08363000,13.24500000
2018-02-27 09:04:32,0.08363100,0.04700000
2018-02-27 09:04:32,0.08363200,16.67800000
2018-02-27 09:04:32,0.08363200,0.50300000
2018-02-27 09:04:32,0.08355000,0.35800000
2018-02-27 09:04:32,0.08361900,0.49900000
2018-02-27 09:04:33,0.08361900,0.00100000
2018-02-27 09:04:33,0.08363200,0.11800000
2018-02-27 09:04:33,0.08355000,1.03900000
2018-02-27 09:04:34,0.08363200,3.11400000
2018-02-27 09:04:35,0.08355100,0.31300000
2018-02-27 09:04:35,0.08355000,0.17900000
2018-02-27 09:04:36,0.08363200,0.35100000
2018-02-27 09:04:37,0.08363200,0.12700000
2018-02-27 09:04:37,0.08363200,0.42400000
2018-02-27 09:04:37,0.08363200,0.11900000
2018-02-27 09:04:39,0.08363200,0.13200000
2018-02-27 09:04:40,0.08355000,4.59800000
2018-02-27 09:04:41,0.08355000,0.00100000
2018-02-27 09:04:41,0.08354700,0.01700000
2018-02-27 09:04:41,0.08354800,2.72500000
2018-02-27 09:04:42,0.08363100,0.22100000
2018-02-27 09:04:44,0.08354700,0.03200000
2018-02-27 09:04:45,0.08355000,0.47600000
2018-02-27 09:04:45,0.08355000,0.01500000
2018-02-27 09:04:46,0.08355000,2.80800000
2018-02-27 09:04:46,0.08355000,0.02200000
2018-02-27 09:04:48,0.08355000,0.16200000
2018-02-27 09:04:48,0.08355000,0.02800000
2018-02-27 09:04:49,0.08355000,1.03400000
2018-02-27 09:04:50,0.08363100,5.71000000
2018-02-27 09:04:50,0.08363200,9.29000000
2018-02-27 09:04:50,0.08355000,0.15900000
2018-02-27 09:04:50,0.08363100,0.42600000
2018-02-27 09:04:52,0.08363000,0.09900000
2018-02-27 09:04:52,0.08363000,0.00100000
2018-02-27 09:04:52,0.08363100,0.04900000
2018-02-27 09:04:52,0.08363100,0.11800000
2018-02-27 09:04:52,0.08363100,0.01700000
2018-02-27 09:04:52,0.08355000,0.16600000
2018-02-27 09:04:53,0.08361600,0.21700000
2018-02-27 09:04:53,0.08361600,0.11900000
2018-02-27 09:04:55,0.08361600,0.23200000
2018-02-27 09:04:56,0.08361600,0.10800000
2018-02-27 09:04:56,0.08361600,0.04700000
2018-02-27 09:04:58,0.08363200,0.68300000
2018-02-27 09:04:58,0.08361600,0.14700000
2018-02-27 09:04:59,0.08361600,1.01500000
2018-02-27 09:04:59,0.08361600,0.00600000
2018-02-27 09:04:59,0.08355000,0.07600000
2018-02-27 09:04:59,0.08355000,0.01800000
2018-02-27 09:04:59,0.08355000,0.16100000
2018-02-27 09:04:59,0.08355000,0.03500000
2018-02-27 09:04:59,0.08363200,0.33400000
2018-02-27 09:04:59,0.08355000,0.01500000
2018-02-27 09:04:59,0.08363200,0.25500000
2018-02-27 09:04:59,0.08355000,0.40000000
2018-02-27 09:05:00,0.08355000,0.05600000
2018-02-27 09:05:00,0.08354800,1.30200000
2018-02-27 09:05:00,0.08363200,1.79000000
2018-02-27 09:05:00,0.08354800,0.04700000
2018-02-27 09:05:01,0.08354800,1.19900000
2018-02-27 09:05:02,0.08354800,0.39100000
2018-02-27 09:05:03,0.08354700,0.13800000
2018-02-27 09:05:03,0.08354700,3.61100000
2018-02-27 09:05:03,0.08361800,0.06800000
2018-02-27 09:05:03,0.08361800,0.00100000
2018-02-27 09:05:03,0.08354700,0.06300000
2018-02-27 09:05:05,0.08363000,0.05900000
2018-02-27 09:05:05,0.08363000,0.08200000
2018-02-27 09:05:05,0.08363100,0.18500000
2018-02-27 09:05:06,0.08361500,0.16700000
2018-02-27 09:05:07,0.08363100,0.01900000
2018-02-27 09:05:08,0.08361500,0.00100000
2018-02-27 09:05:09,0.08361500,0.00100000
2018-02-27 09:05:09,0.08354800,1.44100000
2018-02-27 09:05:09,0.08354700,0.25500000
2018-02-27 09:05:09,0.08354700,0.88400000
2018-02-27 09:05:09,0.08354200,0.02000000
2018-02-27 09:05:09,0.08353900,0.05300000
2018-02-27 09:05:09,0.08353100,0.31100000
2018-02-27 09:05:09,0.08353100,1.31300000
2018-02-27 09:05:09,0.08353000,0.29300000
2018-02-27 09:05:09,0.08352100,0.11300000
2018-02-27 09:05:09,0.08354200,0.02000000
2018-02-27 09:05:09,0.08352100,0.28000000
2018-02-27 09:05:09,0.08363000,0.01900000
2018-02-27 09:05:09,0.08354200,0.01900000
2018-02-27 09:05:09,0.08354200,0.00100000
2018-02-27 09:05:09,0.08352200,0.09400000
2018-02-27 09:05:10,0.08354300,0.02600000
2018-02-27 09:05:10,0.08354300,0.00400000
2018-02-27 09:05:10,0.08362600,0.01600000
2018-02-27 09:05:10,0.08354300,0.65300000
2018-02-27 09:05:10,0.08354300,0.07000000
2018-02-27 09:05:10,0.08362400,0.03500000
2018-02-27 09:05:10,0.08362400,0.01600000
2018-02-27 09:05:11,0.08352100,0.00100000
2018-02-27 09:05:12,0.08352200,0.12400000
2018-02-27 09:05:12,0.08362300,0.01700000
2018-02-27 09:05:12,0.08352300,0.02000000
2018-02-27 09:05:13,0.08362100,0.01900000
2018-02-27 09:05:14,0.08361900,0.13200000
2018-02-27 09:05:14,0.08354800,0.14700000
2018-02-27 09:05:15,0.08353900,0.25300000
2018-02-27 09:05:15,0.08352600,0.02000000
2018-02-27 09:05:15,0.08352100,0.16200000
2018-02-27 09:05:15,0.08354800,0.00100000
2018-02-27 09:05:15,0.08354800,0.05000000
2018-02-27 09:05:17,0.08361400,0.16900000
2018-02-27 09:05:17,0.08361400,0.02100000
2018-02-27 09:05:17,0.08361500,0.14800000
2018-02-27 09:05:17,0.08361400,0.02900000
2018-02-27 09:05:18,0.08361300,0.12800000
2018-02-27 09:05:19,0.08361300,0.83200000
2018-02-27 09:05:20,0.08354800,0.02000000
2018-02-27 09:05:21,0.08361300,0.10800000
2018-02-27 09:05:21,0.08361300,0.12000000
2018-02-27 09:05:21,0.08361300,0.09300000
2018-02-27 09:05:21,0.08354800,0.00100000
2018-02-27 09:05:21,0.08352100,0.02400000
2018-02-27 09:05:22,0.08352100,0.12100000
2018-02-27 09:05:22,0.08352100,0.05100000
2018-02-27 09:05:22,0.08361300,0.02700000
2018-02-27 09:05:23,0.08361600,0.08000000
2018-02-27 09:05:23,0.08361600,0.01400000
2018-02-27 09:05:24,0.08361500,0.03500000
2018-02-27 09:05:25,0.08352100,0.04600000
2018-02-27 09:05:25,0.08361500,0.02200000
2018-02-27 09:05:26,0.08352400,0.02200000
2018-02-27 09:05:26,0.08352300,0.15000000
2018-02-27 09:05:26,0.08352100,0.13900000
2018-02-27 09:05:26,0.08352000,0.44000000
2018-02-27 09:05:26,0.08351400,0.11200000
2018-02-27 09:05:27,0.08352300,0.02700000
2018-02-27 09:05:28,0.08356600,0.02900000
2018-02-27 09:05:28,0.08356600,0.17100000
2018-02-27 09:05:28,0.08361000,0.02800000
2018-02-27 09:05:30,0.08352300,1.03400000
2018-02-27 09:05:30,0.08352300,0.01300000
2018-02-27 09:05:31,0.08360900,0.01600000
2018-02-27 09:05:32,0.08352300,0.01600000
2018-02-27 09:05:32,0.08352300,0.00400000
2018-02-27 09:05:32,0.08360800,0.01500000
2018-02-27 09:05:32,0.08360800,0.01900000
2018-02-27 09:05:32,0.08360800,0.01900000
2018-02-27 09:05:32,0.08360800,0.01900000
2018-02-27 09:05:32,0.08360800,0.01900000
2018-02-27 09:05:32,0.08360800,0.01800000
2018-02-27 09:05:33,0.08360800,0.34900000
2018-02-27 09:05:33,0.08352200,0.12900000
2018-02-27 09:05:33,0.08352200,0.02000000
2018-02-27 09:05:33,0.08352200,0.02000000
2018-02-27 09:05:34,0.08351400,0.10800000
2018-02-27 09:05:34,0.08351400,0.00100000
2018-02-27 09:05:34,0.08350600,0.01700000
2018-02-27 09:05:34,0.08360800,0.16600000
2018-02-27 09:05:35,0.08352000,0.04000000
2018-02-27 09:05:35,0.08352000,0.02000000
2018-02-27 09:05:35,0.08351600,0.01900000
2018-02-27 09:05:35,0.08352000,0.02000000
2018-02-27 09:05:35,0.08352000,0.02000000
2018-02-27 09:05:35,0.08351600,0.06800000
2018-02-27 09:05:36,0.08352000,0.02000000
2018-02-27 09:05:36,0.08352000,0.02000000
2018-02-27 09:05:37,0.08360000,0.02900000
2018-02-27 09:05:37,0.08360000,0.11900000
2018-02-27 09:05:37,0.08360000,0.11900000
2018-02-27 09:05:37,0.08360000,0.11900000
2018-02-27 09:05:38,0.08350700,0.14900000
2018-02-27 09:05:38,0.08359900,0.10300000
2018-02-27 09:05:38,0.08350700,0.05000000
2018-02-27 09:05:38,0.08359900,0.31800000
2018-02-27 09:05:39,0.08351100,0.79800000
2018-02-27 09:05:39,0.08351100,0.34400000
2018-02-27 09:05:39,0.08351000,0.39000000
2018-02-27 09:05:39,0.08350200,0.07700000
2018-02-27 09:05:39,0.08350100,0.33000000
2018-02-27 09:05:39,0.08351100,0.01900000
2018-02-27 09:05:39,0.08351100,0.01500000
2018-02-27 09:05:40,0.08351100,0.02600000
2018-02-27 09:05:40,0.08359800,0.37100000
2018-02-27 09:05:40,0.08359800,0.21600000
2018-02-27 09:05:40,0.08351100,0.81600000
2018-02-27 09:05:40,0.08350100,0.02500000
2018-02-27 09:05:40,0.08350100,0.01400000
2018-02-27 09:05:40,0.08359800,0.77200000
2018-02-27 09:05:40,0.08350100,0.10000000
2018-02-27 09:05:40,0.08350100,0.02000000
2018-02-27 09:05:40,0.08350100,0.10000000
2018-02-27 09:05:41,0.08350700,0.39900000
2018-02-27 09:05:41,0.08350700,0.00100000
2018-02-27 09:05:41,0.08350000,0.39800000
2018-02-27 09:05:41,0.08359700,0.20000000
2018-02-27 09:05:41,0.08350000,1.47700000
2018-02-27 09:05:41,0.08359700,0.41000000
2018-02-27 09:05:41,0.08359700,0.00100000
2018-02-27 09:05:41,0.08359800,0.05100000
2018-02-27 09:05:41,0.08359900,0.00200000
2018-02-27 09:05:41,0.08360000,0.01600000
2018-02-27 09:05:42,0.08350900,0.61300000
2018-02-27 09:05:42,0.08359600,0.83500000
2018-02-27 09:05:42,0.08350900,0.00100000
2018-02-27 09:05:42,0.08350800,0.18900000
2018-02-27 09:05:42,0.08359600,0.00100000
2018-02-27 09:05:42,0.08359900,0.11800000
2018-02-27 09:05:43,0.08351000,0.83500000
2018-02-27 09:05:43,0.08351000,0.00100000
2018-02-27 09:05:43,0.08350700,0.40000000
2018-02-27 09:05:43,0.08350000,0.00100000
2018-02-27 09:05:43,0.08349900,0.43300000
2018-02-27 09:05:43,0.08350000,0.10000000
2018-02-27 09:05:43,0.08349100,0.08300000
2018-02-27 09:05:43,0.08349100,0.06200000
2018-02-27 09:05:43,0.08349100,0.05000000
2018-02-27 09:05:44,0.08349300,0.06100000
2018-02-27 09:05:44,0.08349300,0.00100000
2018-02-27 09:05:44,0.08349200,0.06000000
2018-02-27 09:05:44,0.08349200,3.48700000
2018-02-27 09:05:44,0.08349100,0.00500000
2018-02-27 09:05:44,0.08348900,0.05100000
2018-02-27 09:05:44,0.08346500,0.48700000
2018-02-27 09:05:44,0.08349300,0.02800000
2018-02-27 09:05:44,0.08349300,0.38000000
2018-02-27 09:05:45,0.08349300,0.13500000
2018-02-27 09:05:45,0.08352000,0.01200000
2018-02-27 09:05:45,0.08349300,0.59000000
2018-02-27 09:05:45,0.08350700,0.24400000
2018-02-27 09:05:46,0.08350700,0.15500000
2018-02-27 09:05:46,0.08350700,0.00100000
2018-02-27 09:05:46,0.08346500,0.04900000
2018-02-27 09:05:46,0.08346500,0.15500000
2018-02-27 09:05:46,0.08358000,0.01800000
2018-02-27 09:05:46,0.08350200,0.08700000
2018-02-27 09:05:46,0.08358000,0.42100000
2018-02-27 09:05:48,0.08357900,0.54200000
2018-02-27 09:05:50,0.08357900,0.00100000
2018-02-27 09:05:50,0.08358000,0.13100000
2018-02-27 09:05:50,0.08358000,0.15500000
2018-02-27 09:05:50,0.08358000,0.01300000
2018-02-27 09:05:51,0.08357900,0.04900000
2018-02-27 09:05:52,0.08357900,0.00100000
2018-02-27 09:05:52,0.08358000,0.05500000
2018-02-27 09:05:52,0.08358000,0.19100000
2018-02-27 09:05:52,0.08350200,0.00600000
2018-02-27 09:05:52,0.08350000,0.78000000
2018-02-27 09:05:52,0.08350000,2.22000000
2018-02-27 09:05:53,0.08346500,0.00900000
2018-02-27 09:05:53,0.08346300,0.02300000
2018-02-27 09:05:53,0.08346300,0.21000000
2018-02-27 09:05:53,0.08346300,0.47900000
2018-02-27 09:05:53,0.08345900,0.04400000
2018-02-27 09:05:53,0.08345600,0.07200000
2018-02-27 09:05:54,0.08349700,0.05100000
2018-02-27 09:05:54,0.08349700,0.00100000
2018-02-27 09:05:54,0.08349900,0.03100000
2018-02-27 09:05:54,0.08349900,0.02100000
2018-02-27 09:05:55,0.08349900,0.07700000
2018-02-27 09:05:55,0.08349900,0.00200000
2018-02-27 09:05:55,0.08350000,0.07400000
2018-02-27 09:05:55,0.08350000,0.07800000
2018-02-27 09:05:55,0.08350000,0.01400000
2018-02-27 09:05:55,0.08350000,0.02600000
2018-02-27 09:05:55,0.08350000,0.07800000
2018-02-27 09:05:55,0.08350000,0.07800000
2018-02-27 09:05:55,0.08350000,0.07600000
2018-02-27 09:05:55,0.08350000,0.12700000
2018-02-27 09:05:55,0.08350000,0.38400000
2018-02-27 09:05:55,0.08350000,0.11800000
2018-02-27 09:05:55,0.08350000,3.88900000
2018-02-27 09:05:55,0.08350000,0.03400000
2018-02-27 09:05:55,0.08350000,0.04500000
2018-02-27 09:05:55,0.08350000,0.62000000
2018-02-27 09:05:55,0.08350000,0.20300000
2018-02-27 09:05:55,0.08350000,1.52900000
2018-02-27 09:05:56,0.08345600,0.23900000
2018-02-27 09:05:56,0.08349700,0.03800000
2018-02-27 09:05:56,0.08349700,0.43900000
2018-02-27 09:05:56,0.08350000,0.03700000
2018-02-27 09:05:56,0.08350000,0.47600000
2018-02-27 09:05:56,0.08350000,0.33800000
2018-02-27 09:05:56,0.08350000,0.50100000
2018-02-27 09:05:58,0.08350000,0.49400000
2018-02-27 09:06:00,0.08350000,0.01600000
2018-02-27 09:06:00,0.08350000,1.00000000
2018-02-27 09:06:00,0.08350000,1.79300000
2018-02-27 09:06:00,0.08350000,1.80400000
2018-02-27 09:06:01,0.08350000,0.13600000
2018-02-27 09:06:01,0.08350000,0.03500000
2018-02-27 09:06:01,0.08349900,0.10900000
2018-02-27 09:06:02,0.08350000,0.12400000
2018-02-27 09:06:02,0.08350000,0.10000000
2018-02-27 09:06:02,0.08350000,0.70500000
2018-02-27 09:06:03,0.08350000,3.92600000
2018-02-27 09:06:03,0.08350000,0.10000000
2018-02-27 09:06:03,0.08350000,0.02000000
2018-02-27 09:06:03,0.08350000,0.10000000
2018-02-27 09:06:03,0.08350000,0.03700000
2018-02-27 09:06:04,0.08349900,0.03400000
2018-02-27 09:06:04,0.08349900,0.03700000
2018-02-27 09:06:04,0.08350000,0.06300000
2018-02-27 09:06:05,0.08345600,0.03600000
2018-02-27 09:06:05,0.08350000,0.03500000
2018-02-27 09:06:06,0.08350000,0.10000000
2018-02-27 09:06:06,0.08345600,0.12000000
2018-02-27 09:06:06,0.08345600,0.01800000
2018-02-27 09:06:07,0.08350000,0.01300000
2018-02-27 09:06:07,0.08350000,0.10000000
2018-02-27 09:06:07,0.08350000,0.05000000
2018-02-27 09:06:10,0.08350000,0.14400000
2018-02-27 09:06:11,0.08350000,0.13500000
2018-02-27 09:06:11,0.08350000,0.04700000
2018-02-27 09:06:13,0.08350000,0.30100000
2018-02-27 09:06:14,0.08350000,0.23900000
2018-02-27 09:06:14,0.08350000,0.04600000
2018-02-27 09:06:16,0.08350000,0.15600000
2018-02-27 09:06:17,0.08350000,0.24700000
2018-02-27 09:06:17,0.08350000,1.39300000
2018-02-27 09:06:17,0.08350000,0.80100000
2018-02-27 09:06:18,0.08350000,4.52700000
2018-02-27 09:06:21,0.08344100,0.27000000
2018-02-27 09:06:21,0.08344100,0.21300000
2018-02-27 09:06:22,0.08350000,0.02100000
2018-02-27 09:06:22,0.08343900,0.02500000
2018-02-27 09:06:22,0.08343900,0.01900000
2018-02-27 09:06:23,0.08343900,0.02700000
2018-02-27 09:06:23,0.08343900,0.00300000
2018-02-27 09:06:23,0.08350000,0.02100000
2018-02-27 09:06:23,0.08350000,0.02900000
2018-02-27 09:06:23,0.08350000,0.02900000
2018-02-27 09:06:23,0.08350000,0.02900000
2018-02-27 09:06:23,0.08350000,0.02900000
2018-02-27 09:06:23,0.08350000,0.02100000
2018-02-27 09:06:24,0.08350000,0.01500000
2018-02-27 09:06:24,0.08350000,1.14200000
2018-02-27 09:06:24,0.08350000,0.01700000
2018-02-27 09:06:24,0.08343900,0.02500000
2018-02-27 09:06:24,0.08342100,0.10300000
2018-02-27 09:06:24,0.08343900,0.02400000
2018-02-27 09:06:24,0.08343900,0.00100000
2018-02-27 09:06:24,0.08350000,0.01700000
2018-02-27 09:06:24,0.08350000,0.02400000
2018-02-27 09:06:24,0.08350000,0.02400000
2018-02-27 09:06:26,0.08350000,0.96200000
2018-02-27 09:06:26,0.08350000,0.12300000
2018-02-27 09:06:26,0.08342100,0.10300000
2018-02-27 09:06:26,0.08350000,0.02300000
2018-02-27 09:06:26,0.08350000,0.02300000
2018-02-27 09:06:29,0.08350000,0.01400000
2018-02-27 09:06:30,0.08350000,0.02600000
2018-02-27 09:06:30,0.08342100,0.46300000
2018-02-27 09:06:30,0.08349900,0.01700000
2018-02-27 09:06:30,0.08349900,0.03000000
2018-02-27 09:06:30,0.08350000,1.75900000
2018-02-27 09:06:31,0.08341700,0.17600000
2018-02-27 09:06:32,0.08349900,0.02000000
2018-02-27 09:06:32,0.08350000,0.20500000
2018-02-27 09:06:33,0.08349900,0.32500000
2018-02-27 09:06:33,0.08349900,0.02000000
2018-02-27 09:06:34,0.08349900,0.06900000
2018-02-27 09:06:34,0.08349900,0.02000000
2018-02-27 09:06:36,0.08349900,0.00100000
2018-02-27 09:06:36,0.08350000,0.18300000
2018-02-27 09:06:37,0.08349900,0.01900000
2018-02-27 09:06:37,0.08349900,0.00100000
2018-02-27 09:06:37,0.08349900,0.02000000
2018-02-27 09:06:37,0.08349900,0.02000000
2018-02-27 09:06:38,0.08349900,0.02000000
2018-02-27 09:06:38,0.08349900,0.02000000
2018-02-27 09:06:38,0.08349900,0.02000000
2018-02-27 09:06:38,0.08349900,0.03400000
2018-02-27 09:06:38,0.08349900,0.40000000
2018-02-27 09:06:38,0.08350000,0.50100000
2018-02-27 09:06:38,0.08349900,0.42100000
2018-02-27 09:06:38,0.08349900,0.03100000
2018-02-27 09:06:38,0.08349900,0.21200000
2018-02-27 09:06:39,0.08349900,0.13000000
2018-02-27 09:06:39,0.08349900,1.19700000
2018-02-27 09:06:39,0.08349900,1.19700000
2018-02-27 09:06:39,0.08349900,0.18900000
2018-02-27 09:06:39,0.08349900,1.19700000
2018-02-27 09:06:39,0.08349900,0.06200000
2018-02-27 09:06:39,0.08349900,0.06500000
2018-02-27 09:06:39,0.08349900,0.20800000
2018-02-27 09:06:39,0.08350000,0.04900000
2018-02-27 09:06:40,0.08350000,0.08200000
2018-02-27 09:06:40,0.08349900,1.19700000
2018-02-27 09:06:40,0.08350000,0.12400000
2018-02-27 09:06:40,0.08349900,1.19700000
2018-02-27 09:06:40,0.08349900,0.23800000
2018-02-27 09:06:40,0.08349900,6.46600000
2018-02-27 09:06:40,0.08350000,0.25500000
2018-02-27 09:06:40,0.08350000,0.20100000
2018-02-27 09:06:40,0.08349900,0.06700000
2018-02-27 09:06:41,0.08349900,1.19700000
2018-02-27 09:06:41,0.08350000,0.04100000
2018-02-27 09:06:41,0.08349900,0.17700000
2018-02-27 09:06:41,0.08349900,0.14100000
2018-02-27 09:06:42,0.08349900,1.19700000
2018-02-27 09:06:42,0.08350000,0.54200000
2018-02-27 09:06:42,0.08349900,1.32000000
2018-02-27 09:06:42,0.08350000,0.06000000
2018-02-27 09:06:43,0.08350000,0.11400000
2018-02-27 09:06:44,0.08349900,7.01100000
2018-02-27 09:06:45,0.08349900,1.19700000
2018-02-27 09:06:45,0.08349900,4.52700000
2018-02-27 09:06:45,0.08349900,15.75600000
2018-02-27 09:06:46,0.08349900,0.13000000
2018-02-27 09:06:46,0.08349900,0.77100000
2018-02-27 09:06:46,0.08350000,1.59100000
2018-02-27 09:06:46,0.08350000,0.28900000
2018-02-27 09:06:46,0.08350000,0.02000000
2018-02-27 09:06:46,0.08349900,0.10600000
2018-02-27 09:06:47,0.08349900,0.02600000
2018-02-27 09:06:48,0.08349900,0.09300000
2018-02-27 09:06:49,0.08349900,0.21600000
2018-02-27 09:06:49,0.08349900,0.15000000
2018-02-27 09:06:49,0.08349900,0.01600000
2018-02-27 09:06:50,0.08350000,0.58800000
2018-02-27 09:06:51,0.08349900,0.02800000
2018-02-27 09:06:51,0.08349900,0.94100000
2018-02-27 09:06:52,0.08349900,0.01600000
2018-02-27 09:06:53,0.08350000,0.04700000
2018-02-27 09:06:54,0.08350000,0.04900000
2018-02-27 09:06:55,0.08350000,0.04300000
2018-02-27 09:06:55,0.08349900,0.02800000
2018-02-27 09:06:56,0.08350000,0.23700000
2018-02-27 09:06:56,0.08349900,0.27400000
2018-02-27 09:06:59,0.08350000,0.02500000
2018-02-27 09:06:59,0.08349900,0.40800000
2018-02-27 09:07:01,0.08350000,2.33200000
2018-02-27 09:07:01,0.08350000,0.01600000
2018-02-27 09:07:01,0.08350000,0.45300000
2018-02-27 09:07:01,0.08350000,0.01700000
2018-02-27 09:07:01,0.08349900,1.19700000
2018-02-27 09:07:01,0.08349900,0.38000000
2018-02-27 09:07:02,0.08349900,1.19700000
2018-02-27 09:07:02,0.08349900,0.01700000
2018-02-27 09:07:02,0.08349900,2.16900000
2018-02-27 09:07:02,0.08350000,0.11800000
2018-02-27 09:07:02,0.08349900,0.01100000
2018-02-27 09:07:02,0.08349900,1.19700000
2018-02-27 09:07:02,0.08349900,1.08000000
2018-02-27 09:07:02,0.08349900,7.81200000
2018-02-27 09:07:02,0.08350000,0.02200000
2018-02-27 09:07:03,0.08349900,1.20000000
2018-02-27 09:07:03,0.08349900,0.11600000
2018-02-27 09:07:03,0.08349900,1.20000000
2018-02-27 09:07:03,0.08350000,0.19100000
2018-02-27 09:07:03,0.08350000,0.03400000
2018-02-27 09:07:04,0.08349900,1.19800000
2018-02-27 09:07:04,0.08349900,0.03500000
2018-02-27 09:07:04,0.08350000,1.11400000
2018-02-27 09:07:05,0.08349900,0.07100000
2018-02-27 09:07:05,0.08349900,1.19700000
2018-02-27 09:07:05,0.08349900,1.19800000
2018-02-27 09:07:05,0.08349900,1.65900000
2018-02-27 09:07:05,0.08342000,1.65800000
2018-02-27 09:07:05,0.08342000,0.28100000
2018-02-27 09:07:05,0.08342000,0.28200000
2018-02-27 09:07:05,0.08342000,0.01500000
2018-02-27 09:07:05,0.08342100,5.00000000
2018-02-27 09:07:06,0.08342100,0.01500000
2018-02-27 09:07:06,0.08342100,0.06200000
2018-02-27 09:07:06,0.08342100,0.07400000
2018-02-27 09:07:07,0.08349900,0.20000000
2018-02-27 09:07:07,0.08349900,0.52500000
2018-02-27 09:07:07,0.08349900,0.05000000
2018-02-27 09:07:08,0.08349100,0.03900000
2018-02-27 09:07:09,0.08349100,0.01800000
2018-02-27 09:07:09,0.08349100,0.55000000
2018-02-27 09:07:09,0.08349800,0.01700000
2018-02-27 09:07:09,0.08349800,0.02900000
2018-02-27 09:07:09,0.08342000,0.03300000
2018-02-27 09:07:11,0.08342000,0.10500000
2018-02-27 09:07:12,0.08349100,0.01200000
2018-02-27 09:07:12,0.08349800,0.00100000
2018-02-27 09:07:12,0.08350000,0.03500000
2018-02-27 09:07:12,0.08349100,0.04800000
2018-02-27 09:07:12,0.08349900,1.48200000
2018-02-27 09:07:12,0.08342000,0.04700000
2018-02-27 09:07:12,0.08342000,0.03800000
2018-02-27 09:07:12,0.08342000,0.07700000
2018-02-27 09:07:12,0.08342000,0.06000000
2018-02-27 09:07:13,0.08341700,0.46300000
2018-02-27 09:07:13,0.08341700,0.00100000
2018-02-27 09:07:13,0.08341500,0.10700000
2018-02-27 09:07:13,0.08349900,0.16500000
2018-02-27 09:07:13,0.08349900,0.02900000
2018-02-27 09:07:13,0.08341000,0.24000000
2018-02-27 09:07:14,0.08341000,0.37600000
2018-02-27 09:07:14,0.08341000,0.55500000
2018-02-27 09:07:14,0.08349800,0.04800000
2018-02-27 09:07:14,0.08349800,0.13200000
2018-02-27 09:07:14,0.08349900,0.01700000
2018-02-27 09:07:14,0.08349800,0.14900000
2018-02-27 09:07:15,0.08349600,0.99000000
2018-02-27 09:07:15,0.08349600,0.00100000
2018-02-27 09:07:15,0.08349700,0.98900000
2018-02-27 09:07:15,0.08349700,1.18600000
2018-02-27 09:07:16,0.08340900,0.05700000
2018-02-27 09:07:16,0.08349700,0.00300000
2018-02-27 09:07:16,0.08349700,0.02000000
2018-02-27 09:07:16,0.08349800,0.15900000
2018-02-27 09:07:16,0.08340900,0.00100000
2018-02-27 09:07:16,0.08340600,0.01800000
2018-02-27 09:07:16,0.08340600,0.01900000
2018-02-27 09:07:16,0.08349800,0.15100000
2018-02-27 09:07:16,0.08349900,0.15800000
2018-02-27 09:07:16,0.08349900,0.05000000
2018-02-27 09:07:16,0.08340600,0.01800000
2018-02-27 09:07:16,0.08349600,0.04800000
2018-02-27 09:07:16,0.08349600,0.02600000
2018-02-27 09:07:17,0.08349600,0.51800000
2018-02-27 09:07:17,0.08349600,0.00200000
2018-02-27 09:07:17,0.08349900,0.51600000
2018-02-27 09:07:17,0.08349900,0.06000000
2018-02-27 09:07:17,0.08349900,0.04300000
2018-02-27 09:07:18,0.08349900,1.19500000
2018-02-27 09:07:18,0.08349900,3.15600000
2018-02-27 09:07:20,0.08349900,0.05000000
2018-02-27 09:07:21,0.08349900,0.00100000
2018-02-27 09:07:21,0.08349900,0.02200000
2018-02-27 09:07:21,0.08341300,0.38000000
2018-02-27 09:07:21,0.08341300,0.74100000
2018-02-27 09:07:21,0.08350000,0.95300000
2018-02-27 09:07:21,0.08341400,1.03400000
2018-02-27 09:07:22,0.08341400,0.59600000
2018-02-27 09:07:22,0.08341300,0.38000000
2018-02-27 09:07:22,0.08341300,0.05500000
2018-02-27 09:07:23,0.08341300,0.78600000
2018-02-27 09:07:26,0.08349800,0.14600000
2018-02-27 09:07:28,0.08341400,0.30000000
2018-02-27 09:07:29,0.08341500,1.18900000
2018-02-27 09:07:29,0.08349800,0.22300000
2018-02-27 09:07:29,0.08349800,0.04400000
2018-02-27 09:07:31,0.08349700,0.02300000
2018-02-27 09:07:33,0.08341400,0.08100000
2018-02-27 09:07:35,0.08341500,0.10300000
2018-02-27 09:07:36,0.08341500,0.51600000
2018-02-27 09:07:37,0.08349600,0.06500000
2018-02-27 09:07:37,0.08341500,0.01400000
2018-02-27 09:07:37,0.08341500,0.17900000
2018-02-27 09:07:37,0.08341500,0.37800000
2018-02-27 09:07:37,0.08341400,0.58300000
2018-02-27 09:07:37,0.08341400,5.69300000
2018-02-27 09:07:38,0.08341400,0.02200000
2018-02-27 09:07:38,0.08349600,0.02400000
2018-02-27 09:07:39,0.08349600,0.11300000
2018-02-27 09:07:41,0.08341400,0.06000000
2018-02-27 09:07:41,0.08341400,0.03700000
2018-02-27 09:07:42,0.08341400,0.02200000
2018-02-27 09:07:44,0.08341400,0.01300000
2018-02-27 09:07:44,0.08341400,4.55200000
2018-02-27 09:07:45,0.08341400,2.65600000
2018-02-27 09:07:45,0.08349200,0.06000000
2018-02-27 09:07:45,0.08349200,0.34400000
2018-02-27 09:07:47,0.08341400,0.54500000
2018-02-27 09:07:47,0.08349200,0.70300000
2018-02-27 09:07:48,0.08349200,0.05800000
2018-02-27 09:07:49,0.08341400,0.89100000
2018-02-27 09:07:51,0.08341400,0.53900000
2018-02-27 09:07:52,0.08341400,1.19700000
2018-02-27 09:07:52,0.08341400,1.34600000
2018-02-27 09:07:52,0.08349200,0.13600000
2018-02-27 09:07:52,0.08349200,0.03600000
2018-02-27 09:07:54,0.08341400,0.70400000
2018-02-27 09:07:55,0.08341400,0.08000000
2018-02-27 09:07:56,0.08349200,0.44000000
2018-02-27 09:07:57,0.08341400,0.21800000
2018-02-27 09:07:57,0.08341400,0.07100000
2018-02-27 09:07:57,0.08349300,0.29200000
2018-02-27 09:07:57,0.08341400,0.14700000
2018-02-27 09:07:58,0.08349300,0.05400000
2018-02-27 09:07:58,0.08341400,0.59100000
2018-02-27 09:07:58,0.08341400,0.00100000
2018-02-27 09:07:58,0.08341400,0.03100000
2018-02-27 09:07:59,0.08341300,0.03800000
2018-02-27 09:07:59,0.08341400,0.00300000
2018-02-27 09:08:00,0.08349100,0.02000000
2018-02-27 09:08:00,0.08349200,2.68000000
2018-02-27 09:08:00,0.08341400,0.01600000
2018-02-27 09:08:00,0.08341400,0.26400000
2018-02-27 09:08:00,0.08349200,0.01500000
2018-02-27 09:08:00,0.08349200,0.27900000
2018-02-27 09:08:00,0.08349200,0.02300000
2018-02-27 09:08:00,0.08349200,0.02400000
2018-02-27 09:08:00,0.08349200,0.04400000
2018-02-27 09:08:00,0.08349200,0.07500000
2018-02-27 09:08:01,0.08341400,0.12500000
2018-02-27 09:08:01,0.08341400,0.04400000
2018-02-27 09:08:01,0.08341400,0.09400000
2018-02-27 09:08:01,0.08341400,0.54500000
2018-02-27 09:08:01,0.08341400,0.21200000
2018-02-27 09:08:01,0.08341400,0.73300000
2018-02-27 09:08:01,0.08341400,0.44900000
2018-02-27 09:08:01,0.08341400,0.04600000
2018-02-27 09:08:01,0.08341400,0.49300000
2018-02-27 09:08:01,0.08341400,0.15200000
2018-02-27 09:08:01,0.08341400,0.01900000
2018-02-27 09:08:01,0.08341400,0.01800000
2018-02-27 09:08:01,0.08341400,1.30200000
2018-02-27 09:08:01,0.08341400,0.65200000
2018-02-27 09:08:01,0.08341400,0.11600000
2018-02-27 09:08:01,0.08349500,0.15300000
2018-02-27 09:08:01,0.08349700,0.27800000
2018-02-27 09:08:03,0.08341400,0.15000000
2018-02-27 09:08:03,0.08341400,0.15000000
2018-02-27 09:08:03,0.08341400,1.13900000
2018-02-27 09:08:03,0.08341400,0.50500000
2018-02-27 09:08:03,0.08342500,0.10500000
2018-02-27 09:08:03,0.08342500,0.00100000
2018-02-27 09:08:03,0.08349200,0.10400000
2018-02-27 09:08:07,0.08349200,0.02300000
2018-02-27 09:08:07,0.08341500,0.02200000
2018-02-27 09:08:08,0.08349200,0.02300000
2018-02-27 09:08:08,0.08349100,0.18600000
2018-02-27 09:08:08,0.08341500,0.01400000
2018-02-27 09:08:09,0.08349200,0.05500000
2018-02-27 09:08:11,0.08349200,1.20000000
2018-02-27 09:08:11,0.08349200,0.14100000
2018-02-27 09:08:11,0.08349200,0.12000000
2018-02-27 09:08:11,0.08349200,0.10400000
2018-02-27 09:08:11,0.08349200,1.46000000
2018-02-27 09:08:11,0.08349200,0.81200000
2018-02-27 09:08:11,0.08349200,0.04000000
2018-02-27 09:08:11,0.08349200,0.06200000
2018-02-27 09:08:11,0.08349200,0.08700000
2018-02-27 09:08:13,0.08349200,0.02000000
2018-02-27 09:08:13,0.08341600,0.03500000
2018-02-27 09:08:14,0.08349600,0.03900000
2018-02-27 09:08:15,0.08349700,0.03000000
2018-02-27 09:08:16,0.08341600,0.01500000
2018-02-27 09:08:17,0.08341600,0.01200000
2018-02-27 09:08:17,0.08341600,0.47200000
2018-02-27 09:08:17,0.08341600,0.06200000
2018-02-27 09:08:18,0.08349700,0.00100000
2018-02-27 09:08:18,0.08349900,0.14200000
2018-02-27 09:08:18,0.08349900,0.10300000
2018-02-27 09:08:18,0.08341600,0.47500000
2018-02-27 09:08:19,0.08349900,0.01200000
2018-02-27 09:08:21,0.08341600,0.27800000
2018-02-27 09:08:22,0.08341600,0.49900000
2018-02-27 09:08:23,0.08341600,0.06000000
2018-02-27 09:08:24,0.08349900,0.22500000
2018-02-27 09:08:24,0.08349900,0.06200000
2018-02-27 09:08:24,0.08349900,0.31100000
2018-02-27 09:08:24,0.08349900,0.02400000
2018-02-27 09:08:26,0.08341600,0.23500000
2018-02-27 09:08:27,0.08341600,0.72100000
2018-02-27 09:08:28,0.08341600,0.04800000
2018-02-27 09:08:29,0.08348900,1.19500000
2018-02-27 09:08:29,0.08348900,0.11500000
2018-02-27 09:08:30,0.08348900,0.05000000
2018-02-27 09:08:30,0.08349000,0.37900000
2018-02-27 09:08:30,0.08349800,0.10000000
2018-02-27 09:08:31,0.08349800,0.47800000
2018-02-27 09:08:31,0.08349800,0.11900000
2018-02-27 09:08:31,0.08341600,0.07400000
2018-02-27 09:08:31,0.08349800,0.50000000
2018-02-27 09:08:31,0.08341600,0.38100000
2018-02-27 09:08:31,0.08349800,1.00000000
2018-02-27 09:08:32,0.08349800,2.11700000
2018-02-27 09:08:32,0.08349800,0.60000000
2018-02-27 09:08:32,0.08341600,0.22100000
2018-02-27 09:08:33,0.08341600,0.23700000
2018-02-27 09:08:34,0.08341600,0.05900000
2018-02-27 09:08:37,0.08349800,0.11900000
2018-02-27 09:08:38,0.08349700,0.50500000
2018-02-27 09:08:39,0.08349700,0.04000000
2018-02-27 09:08:40,0.08349700,0.05000000
2018-02-27 09:08:41,0.08349700,0.00100000
2018-02-27 09:08:41,0.08349700,0.02100000
2018-02-27 09:08:41,0.08349700,0.00100000
2018-02-27 09:08:41,0.08341600,0.02000000
2018-02-27 09:08:43,0.08348900,0.52100000
2018-02-27 09:08:43,0.08341600,0.04100000
2018-02-27 09:08:43,0.08341600,0.73900000
2018-02-27 09:08:43,0.08341600,6.86700000
2018-02-27 09:08:43,0.08341600,0.43600000
2018-02-27 09:08:44,0.08346700,0.03200000
2018-02-27 09:08:44,0.08346700,0.39400000
2018-02-27 09:08:44,0.08346700,0.62300000
2018-02-27 09:08:44,0.08348900,0.02600000
2018-02-27 09:08:44,0.08349900,0.11700000
2018-02-27 09:08:45,0.08341600,1.06200000
2018-02-27 09:08:46,0.08341600,1.20100000
2018-02-27 09:08:46,0.08341600,2.77300000
2018-02-27 09:08:46,0.08341600,0.23500000
2018-02-27 09:08:46,0.08341600,0.14800000
2018-02-27 09:08:46,0.08348900,0.05000000
2018-02-27 09:08:46,0.08349900,0.06900000
2018-02-27 09:08:46,0.08341600,0.21100000
2018-02-27 09:08:46,0.08341600,0.30900000
2018-02-27 09:08:47,0.08341600,1.06300000
2018-02-27 09:08:47,0.08349900,0.01400000
2018-02-27 09:08:49,0.08349900,0.03100000
2018-02-27 09:08:49,0.08341600,0.08200000
2018-02-27 09:08:49,0.08349900,0.40800000
2018-02-27 09:08:49,0.08345000,0.03300000
2018-02-27 09:08:49,0.08345000,0.07400000
2018-02-27 09:08:49,0.08345000,0.00100000
2018-02-27 09:08:49,0.08349800,0.07300000
2018-02-27 09:08:50,0.08341500,0.38000000
2018-02-27 09:08:50,0.08341500,0.04100000
2018-02-27 09:08:51,0.08349900,0.07500000
2018-02-27 09:08:51,0.08349900,0.01400000
2018-02-27 09:08:51,0.08349900,0.11900000
2018-02-27 09:08:51,0.08349900,0.02400000
2018-02-27 09:08:52,0.08343200,0.95900000
2018-02-27 09:08:52,0.08343200,0.02300000
2018-02-27 09:08:52,0.08343200,0.04700000
2018-02-27 09:08:52,0.08349900,0.04600000
2018-02-27 09:08:52,0.08349900,0.04600000
2018-02-27 09:08:52,0.08349900,0.04600000
2018-02-27 09:08:52,0.08349900,0.04600000
2018-02-27 09:08:52,0.08349900,0.03000000
2018-02-27 09:08:52,0.08349900,0.03500000
2018-02-27 09:08:52,0.08349900,0.09900000
2018-02-27 09:08:52,0.08349900,0.09900000
2018-02-27 09:08:53,0.08349900,0.03600000
2018-02-27 09:08:53,0.08341600,0.02800000
2018-02-27 09:08:53,0.08341600,0.01400000
2018-02-27 09:08:54,0.08350000,0.01900000
2018-02-27 09:08:57,0.08349900,0.69400000
2018-02-27 09:08:58,0.08349900,0.94000000
2018-02-27 09:08:58,0.08349900,0.05900000
2018-02-27 09:08:59,0.08349900,1.19700000
2018-02-27 09:09:11,0.08348700,0.30700000
2018-02-27 09:09:12,0.08348700,0.01400000
2018-02-27 09:09:13,0.08341600,0.24300000
2018-02-27 09:09:13,0.08348700,0.03700000
2018-02-27 09:09:14,0.08348700,0.03700000
2018-02-27 09:09:14,0.08348600,0.08000000
2018-02-27 09:09:14,0.08348600,0.04700000
2018-02-27 09:09:14,0.08348600,0.03500000
2018-02-27 09:09:15,0.08348900,0.01000000
2018-02-27 09:09:16,0.08345600,0.38200000
2018-02-27 09:09:17,0.08345600,0.01700000
2018-02-27 09:09:17,0.08345600,0.00100000
2018-02-27 09:09:17,0.08341600,0.00100000
2018-02-27 09:09:17,0.08341300,0.00900000
2018-02-27 09:09:17,0.08341000,0.00600000
2018-02-27 09:09:18,0.08343000,0.70300000
2018-02-27 09:09:18,0.08348900,0.61900000
2018-02-27 09:09:18,0.08348900,0.07900000
2018-02-27 09:09:18,0.08348900,0.03800000
2018-02-27 09:09:19,0.08343000,0.49600000
2018-02-27 09:09:22,0.08348900,0.22100000
2018-02-27 09:09:26,0.08348900,0.04400000
2018-02-27 09:09:26,0.08348900,0.11900000
2018-02-27 09:09:26,0.08348900,0.44100000
2018-02-27 09:09:27,0.08343100,0.03800000
2018-02-27 09:09:27,0.08343100,0.45100000
2018-02-27 09:09:27,0.08343100,0.11000000
2018-02-27 09:09:27,0.08343000,0.00100000
2018-02-27 09:09:27,0.08341000,0.01400000
2018-02-27 09:09:27,0.08340900,0.41600000
2018-02-27 09:09:27,0.08340600,0.05700000
2018-02-27 09:09:27,0.08340600,2.12900000
2018-02-27 09:09:27,0.08348900,1.37600000
2018-02-27 09:09:28,0.08345600,0.43800000
2018-02-27 09:09:28,0.08345600,0.04800000
2018-02-27 09:09:28,0.08348900,0.04700000
2018-02-27 09:09:28,0.08345600,0.46000000
2018-02-27 09:09:28,0.08345600,1.17400000
2018-02-27 09:09:29,0.08348800,0.07800000
2018-02-27 09:09:29,0.08348800,0.03700000
2018-02-27 09:09:29,0.08345600,0.12900000
2018-02-27 09:09:29,0.08345600,1.03500000
2018-02-27 09:09:30,0.08348900,0.37700000
2018-02-27 09:09:30,0.08348900,0.25700000
2018-02-27 09:09:30,0.08345600,0.00900000
2018-02-27 09:09:31,0.08345600,0.03900000
2018-02-27 09:09:31,0.08345600,1.07300000
2018-02-27 09:09:31,0.08345600,0.09900000
2018-02-27 09:09:31,0.08345600,0.07500000
2018-02-27 09:09:31,0.08345600,0.03500000
2018-02-27 09:09:31,0.08343500,0.21000000
2018-02-27 09:09:31,0.08348900,1.19600000
2018-02-27 09:09:31,0.08348900,0.23800000
2018-02-27 09:09:31,0.08348900,1.55300000
2018-02-27 09:09:31,0.08349000,0.02700000
2018-02-27 09:09:32,0.08343500,0.03900000
2018-02-27 09:09:32,0.08349000,0.80100000
2018-02-27 09:09:32,0.08349000,0.11900000
2018-02-27 09:09:32,0.08343500,0.38700000
2018-02-27 09:09:32,0.08343500,0.19700000
2018-02-27 09:09:33,0.08349000,0.94700000
2018-02-27 09:09:33,0.08349000,0.55900000
2018-02-27 09:09:33,0.08349800,0.24400000
2018-02-27 09:09:33,0.08349700,0.05000000
2018-02-27 09:09:33,0.08349800,5.04100000
2018-02-27 09:09:33,0.08349700,0.09900000
2018-02-27 09:09:33,0.08349000,0.04900000
2018-02-27 09:09:34,0.08343500,0.00100000
2018-02-27 09:09:34,0.08340600,0.04800000
2018-02-27 09:09:34,0.08340000,0.04700000
2018-02-27 09:09:34,0.08340000,1.10400000
2018-02-27 09:09:34,0.08339900,0.46000000
2018-02-27 09:09:35,0.08340100,0.65400000
2018-02-27 09:09:35,0.08349000,0.02000000
2018-02-27 09:09:35,0.08340200,0.01900000
2018-02-27 09:09:35,0.08348900,0.65300000
2018-02-27 09:09:36,0.08340200,0.04900000
2018-02-27 09:09:36,0.08340200,0.44300000
2018-02-27 09:09:36,0.08340300,0.01500000
2018-02-27 09:09:36,0.08340300,0.10400000
2018-02-27 09:09:36,0.08340300,0.01500000
2018-02-27 09:09:37,0.08340300,0.53900000
2018-02-27 09:09:37,0.08340300,0.00100000
2018-02-27 09:09:37,0.08340200,0.02400000
2018-02-27 09:09:37,0.08348800,0.15400000
2018-02-27 09:09:37,0.08340300,0.02000000
2018-02-27 09:09:37,0.08340200,1.63400000
2018-02-27 09:09:37,0.08340300,0.01900000
2018-02-27 09:09:38,0.08340300,0.00100000
2018-02-27 09:09:38,0.08340200,0.60000000
2018-02-27 09:09:38,0.08348800,0.38600000
2018-02-27 09:09:39,0.08340300,0.01900000
2018-02-27 09:09:39,0.08340300,0.00100000
2018-02-27 09:09:39,0.08340200,0.08700000
2018-02-27 09:09:39,0.08340200,0.01900000
2018-02-27 09:09:39,0.08340300,0.02000000
2018-02-27 09:09:39,0.08340200,0.23700000
2018-02-27 09:09:39,0.08340300,0.02000000
2018-02-27 09:09:39,0.08340200,0.27300000
2018-02-27 09:09:40,0.08340300,0.01900000
2018-02-27 09:09:41,0.08339800,0.01400000
2018-02-27 09:09:41,0.08348600,0.06200000
2018-02-27 09:09:41,0.08339900,0.21600000
2018-02-27 09:09:42,0.08339900,0.34000000
2018-02-27 09:09:42,0.08339800,0.00100000
2018-02-27 09:09:42,0.08339600,0.61700000
2018-02-27 09:09:42,0.08339200,0.08100000
2018-02-27 09:09:42,0.08339100,0.10000000
2018-02-27 09:09:43,0.08339200,0.25800000
2018-02-27 09:09:43,0.08339200,0.46500000
2018-02-27 09:09:44,0.08339200,0.84400000
2018-02-27 09:09:44,0.08348000,0.95200000
2018-02-27 09:09:45,0.08347900,0.15100000
2018-02-27 09:09:45,0.08347900,0.04500000
2018-02-27 09:09:45,0.08347900,0.01200000
2018-02-27 09:09:45,0.08338800,0.13500000
2018-02-27 09:09:45,0.08338400,1.23900000
2018-02-27 09:09:45,0.08347700,0.02000000
2018-02-27 09:09:45,0.08347800,0.03900000
2018-02-27 09:09:45,0.08338900,0.05900000
2018-02-27 09:09:46,0.08338900,0.06500000
2018-02-27 09:09:46,0.08347600,0.03900000
2018-02-27 09:09:46,0.08347600,0.14400000
2018-02-27 09:09:46,0.08338900,0.55900000
2018-02-27 09:09:46,0.08347400,0.05900000
2018-02-27 09:09:47,0.08338900,0.03100000
2018-02-27 09:09:47,0.08347300,0.34900000
2018-02-27 09:09:47,0.08347300,0.74300000
2018-02-27 09:09:48,0.08347200,0.02300000
2018-02-27 09:09:48,0.08347200,0.86000000
2018-02-27 09:09:48,0.08347300,0.02000000
2018-02-27 09:09:48,0.08347100,0.26200000
2018-02-27 09:09:49,0.08347000,0.96900000
2018-02-27 09:09:49,0.08347100,0.61200000
2018-02-27 09:09:49,0.08347200,0.70500000
2018-02-27 09:09:49,0.08338900,0.19200000
2018-02-27 09:09:49,0.08346900,0.15100000
2018-02-27 09:09:49,0.08347000,1.68400000
2018-02-27 09:09:51,0.08346900,0.03700000
2018-02-27 09:09:53,0.08338900,0.05400000
2018-02-27 09:09:55,0.08346800,0.08400000
2018-02-27 09:09:56,0.08346600,0.01900000
2018-02-27 09:09:56,0.08339000,0.02500000
2018-02-27 09:09:57,0.08339000,0.08200000
2018-02-27 09:09:57,0.08346500,0.08200000
2018-02-27 09:09:57,0.08346600,0.01200000
2018-02-27 09:09:57,0.08347000,0.03400000
2018-02-27 09:09:57,0.08346500,0.15100000
2018-02-27 09:09:57,0.08347000,0.07300000
2018-02-27 09:09:58,0.08339000,0.01600000
2018-02-27 09:10:01,0.08339000,0.75900000
2018-02-27 09:10:01,0.08337200,0.13100000
2018-02-27 09:10:01,0.08337100,0.02000000
2018-02-27 09:10:01,0.08337000,0.03500000
2018-02-27 09:10:02,0.08337100,0.12100000
2018-02-27 09:10:02,0.08337200,0.23600000
2018-02-27 09:10:02,0.08337200,0.06100000
2018-02-27 09:10:02,0.08346300,0.12400000
2018-02-27 09:10:03,0.08346300,0.10600000
2018-02-27 09:10:03,0.08346300,0.00100000
2018-02-27 09:10:03,0.08346400,0.10400000
2018-02-27 09:10:03,0.08346200,0.28500000
2018-02-27 09:10:04,0.08346200,0.06100000
2018-02-27 09:10:04,0.08346200,0.00100000
2018-02-27 09:10:04,0.08346400,0.05500000
2018-02-27 09:10:04,0.08346400,0.47000000
2018-02-27 09:10:05,0.08346400,0.24300000
2018-02-27 09:10:06,0.08346300,0.07400000
2018-02-27 09:10:07,0.08339000,0.01300000
2018-02-27 09:10:07,0.08339100,0.02000000
2018-02-27 09:10:07,0.08339000,0.09300000
2018-02-27 09:10:08,0.08339100,0.01900000
2018-02-27 09:10:08,0.08339100,0.00100000
2018-02-27 09:10:08,0.08339000,0.08000000
2018-02-27 09:10:08,0.08346400,0.24800000
2018-02-27 09:10:09,0.08339100,0.01900000
2018-02-27 09:10:09,0.08346400,0.00100000
2018-02-27 09:10:09,0.08347300,0.29300000
2018-02-27 09:10:10,0.08339100,0.09300000
2018-02-27 09:10:10,0.08339100,0.02000000
2018-02-27 09:10:10,0.08339100,0.00100000
2018-02-27 09:10:10,0.08339000,0.69300000
2018-02-27 09:10:10,0.08339000,0.04600000
2018-02-27 09:10:10,0.08339100,0.08600000
2018-02-27 09:10:11,0.08339000,2.07400000
2018-02-27 09:10:11,0.08339100,0.14000000
2018-02-27 09:10:11,0.08339100,0.05000000
2018-02-27 09:10:13,0.08339100,0.58600000
2018-02-27 09:10:13,0.08347300,0.04900000
2018-02-27 09:10:14,0.08347300,0.02300000
2018-02-27 09:10:14,0.08347300,0.08600000
2018-02-27 09:10:14,0.08347400,0.00200000
2018-02-27 09:10:14,0.08339000,0.00100000
2018-02-27 09:10:14,0.08337500,0.13100000
2018-02-27 09:10:14,0.08337400,0.10100000
2018-02-27 09:10:15,0.08337400,0.40100000
2018-02-27 09:10:16,0.08339000,0.07200000
2018-02-27 09:10:16,0.08339000,0.00100000
2018-02-27 09:10:16,0.08347200,0.02700000
2018-02-27 09:10:16,0.08347200,0.06500000
2018-02-27 09:10:16,0.08347200,0.05900000
2018-02-27 09:10:16,0.08347300,0.01300000
2018-02-27 09:10:16,0.08347300,0.07200000
2018-02-27 09:10:16,0.08347300,0.07200000
2018-02-27 09:10:16,0.08347300,0.07200000
2018-02-27 09:10:16,0.08347300,0.02800000
2018-02-27 09:10:16,0.08347300,0.07200000
2018-02-27 09:10:16,0.08347300,0.07200000
2018-02-27 09:10:16,0.08347300,0.07200000
2018-02-27 09:10:16,0.08347300,0.02300000
2018-02-27 09:10:17,0.08347300,0.13700000
2018-02-27 09:10:17,0.08338300,0.22100000
2018-02-27 09:10:18,0.08338400,0.60500000
2018-02-27 09:10:18,0.08338400,0.06000000
2018-02-27 09:10:22,0.08338000,0.11400000
2018-02-27 09:10:23,0.08346700,0.07400000
2018-02-27 09:10:23,0.08346700,0.08900000
2018-02-27 09:10:23,0.08347000,0.02000000
2018-02-27 09:10:24,0.08346700,0.02300000
2018-02-27 09:10:24,0.08338400,0.02700000
2018-02-27 09:10:24,0.08338400,0.02700000
2018-02-27 09:10:24,0.08346700,0.01200000
2018-02-27 09:10:24,0.08346700,0.01500000
2018-02-27 09:10:25,0.08338400,0.09700000
2018-02-27 09:10:25,0.08338300,0.05000000
2018-02-27 09:10:25,0.08338300,0.02700000
2018-02-27 09:10:25,0.08338200,0.01900000
2018-02-27 09:10:27,0.08346400,0.04300000
2018-02-27 09:10:27,0.08346400,0.04900000
2018-02-27 09:10:27,0.08346400,0.00400000
2018-02-27 09:10:27,0.08338700,0.04800000
2018-02-27 09:10:28,0.08346000,0.06800000
2018-02-27 09:10:28,0.08338700,0.07500000
2018-02-27 09:10:29,0.08346000,0.04400000
2018-02-27 09:10:31,0.08346600,0.09700000
2018-02-27 09:10:31,0.08346600,0.09400000
2018-02-27 09:10:31,0.08346600,0.47400000
2018-02-27 09:10:31,0.08347000,0.07300000
2018-02-27 09:10:31,0.08347400,0.02000000
2018-02-27 09:10:31,0.08347400,0.24100000
2018-02-27 09:10:31,0.08347400,0.11400000
2018-02-27 09:10:31,0.08338700,0.02600000
2018-02-27 09:10:32,0.08338800,0.64400000
2018-02-27 09:10:32,0.08338800,0.02000000
2018-02-27 09:10:32,0.08347300,0.22000000
2018-02-27 09:10:33,0.08347300,0.05000000
2018-02-27 09:10:33,0.08338200,0.04400000
2018-02-27 09:10:33,0.08338800,0.04900000
2018-02-27 09:10:33,0.08338200,0.01800000
2018-02-27 09:10:34,0.08338800,0.10900000
2018-02-27 09:10:34,0.08347200,0.54600000
2018-02-27 09:10:34,0.08347200,0.11800000
2018-02-27 09:10:34,0.08347300,0.00100000
2018-02-27 09:10:34,0.08347400,0.00100000
2018-02-27 09:10:34,0.08347900,0.01800000
2018-02-27 09:10:34,0.08338800,0.07100000
2018-02-27 09:10:36,0.08346600,0.21500000
2018-02-27 09:10:36,0.08347400,0.02000000
2018-02-27 09:10:36,0.08347800,0.13100000
2018-02-27 09:10:36,0.08347900,0.08100000
2018-02-27 09:10:36,0.08348000,1.32500000
2018-02-27 09:10:36,0.08347900,0.02000000
2018-02-27 09:10:36,0.08348000,0.19400000
2018-02-27 09:10:37,0.08338500,0.02200000
2018-02-27 09:10:37,0.08339000,0.44000000
2018-02-27 09:10:37,0.08338500,0.05000000
2018-02-27 09:10:37,0.08338400,0.02000000
2018-02-27 09:10:37,0.08338300,0.11700000
2018-02-27 09:10:37,0.08347900,0.03900000
2018-02-27 09:10:38,0.08347900,0.09200000
2018-02-27 09:10:38,0.08348000,0.12800000
2018-02-27 09:10:38,0.08338800,0.01700000
2018-02-27 09:10:38,0.08338800,0.00200000
2018-02-27 09:10:38,0.08338700,0.24600000
2018-02-27 09:10:38,0.08338800,0.03500000
2018-02-27 09:10:39,0.08347800,0.24600000
2018-02-27 09:10:39,0.08348000,1.72200000
2018-02-27 09:10:40,0.08347800,0.02000000
2018-02-27 09:10:40,0.08348000,0.31700000
2018-02-27 09:10:41,0.08347800,0.02000000
2018-02-27 09:10:41,0.08348000,0.07700000
2018-02-27 09:10:42,0.08339200,0.02200000
2018-02-27 09:10:42,0.08347800,0.01100000
2018-02-27 09:10:42,0.08339100,0.02000000
2018-02-27 09:10:43,0.08339100,0.03200000
2018-02-27 09:10:45,0.08348000,0.35900000
2018-02-27 09:10:46,0.08347900,0.11600000
2018-02-27 09:10:46,0.08339400,0.02200000
2018-02-27 09:10:46,0.08347900,0.00100000
2018-02-27 09:10:46,0.08348000,0.39800000
2018-02-27 09:10:47,0.08348000,0.04300000
2018-02-27 09:10:47,0.08348000,0.34400000
2018-02-27 09:10:47,0.08348000,0.53300000
2018-02-27 09:10:47,0.08348600,0.02000000
2018-02-27 09:10:47,0.08349000,0.13000000
2018-02-27 09:10:47,0.08349000,0.31100000
2018-02-27 09:10:47,0.08349400,0.12000000
2018-02-27 09:10:47,0.08349700,0.86100000
2018-02-27 09:10:47,0.08349900,10.95600000
2018-02-27 09:10:47,0.08350100,0.03700000
2018-02-27 09:10:47,0.08350000,0.10000000
2018-02-27 09:10:47,0.08350000,0.01700000
2018-02-27 09:10:47,0.08350000,0.02000000
2018-02-27 09:10:47,0.08350000,0.02000000
2018-02-27 09:10:47,0.08350000,0.02200000
2018-02-27 09:10:47,0.08350000,0.01400000
2018-02-27 09:10:47,0.08350000,0.81300000
2018-02-27 09:10:47,0.08350000,0.10000000
2018-02-27 09:10:47,0.08350000,0.02000000
2018-02-27 09:10:47,0.08350000,0.02000000
2018-02-27 09:10:47,0.08350000,0.10000000
2018-02-27 09:10:48,0.08350000,0.02000000
2018-02-27 09:10:48,0.08350000,0.02000000
2018-02-27 09:10:48,0.08350000,0.10000000
2018-02-27 09:10:48,0.08350000,0.02000000
2018-02-27 09:10:48,0.08350000,0.47600000
2018-02-27 09:10:48,0.08350000,0.02000000
2018-02-27 09:10:48,0.08350000,0.02000000
2018-02-27 09:10:48,0.08350000,0.10000000
2018-02-27 09:10:48,0.08350000,0.02000000
2018-02-27 09:10:48,0.08350000,0.05900000
2018-02-27 09:10:48,0.08350000,0.32300000
2018-02-27 09:10:48,0.08350000,0.02700000
2018-02-27 09:10:48,0.08350000,0.10200000
2018-02-27 09:10:48,0.08350000,0.05300000
2018-02-27 09:10:48,0.08350000,0.59700000
2018-02-27 09:10:48,0.08350000,0.29900000
2018-02-27 09:10:48,0.08350000,0.13100000
2018-02-27 09:10:48,0.08350000,0.06400000
2018-02-27 09:10:48,0.08350000,0.52500000
2018-02-27 09:10:48,0.08350000,0.02200000
2018-02-27 09:10:48,0.08350000,0.03800000
2018-02-27 09:10:48,0.08350000,0.02500000
2018-02-27 09:10:49,0.08350000,0.13100000
2018-02-27 09:10:49,0.08350000,0.26100000
2018-02-27 09:10:49,0.08351000,0.62200000
2018-02-27 09:10:49,0.08352300,0.14200000
2018-02-27 09:10:49,0.08355700,0.21900000
2018-02-27 09:10:49,0.08356400,0.22900000
2018-02-27 09:10:49,0.08350100,0.16800000
2018-02-27 09:10:50,0.08350100,0.03400000
2018-02-27 09:10:50,0.08350100,0.11700000
2018-02-27 09:10:50,0.08350100,0.02000000
2018-02-27 09:10:50,0.08350900,0.26400000
2018-02-27 09:10:50,0.08350100,0.15000000
2018-02-27 09:10:50,0.08350000,13.15600000
2018-02-27 09:10:50,0.08349700,0.05600000
2018-02-27 09:10:50,0.08349200,0.15000000
2018-02-27 09:10:50,0.08339300,5.45600000
2018-02-27 09:10:50,0.08339100,0.07000000
2018-02-27 09:10:51,0.08337200,0.03000000
2018-02-27 09:10:51,0.08337200,0.02000000
2018-02-27 09:10:51,0.08337200,0.10000000
2018-02-27 09:10:51,0.08337200,0.02000000
2018-02-27 09:10:51,0.08337200,0.02000000
2018-02-27 09:10:51,0.08337200,0.10000000
2018-02-27 09:10:51,0.08337200,0.02000000
2018-02-27 09:10:51,0.08337200,0.02000000
2018-02-27 09:10:51,0.08337200,0.02000000
2018-02-27 09:10:51,0.08337200,0.10000000
2018-02-27 09:10:51,0.08337200,0.02000000
2018-02-27 09:10:51,0.08337200,0.02000000
2018-02-27 09:10:51,0.08337200,0.10000000
2018-02-27 09:10:51,0.08337200,0.02000000
2018-02-27 09:10:51,0.08337200,0.02000000
2018-02-27 09:10:51,0.08337200,0.10000000
2018-02-27 09:10:51,0.08337200,0.02000000
2018-02-27 09:10:51,0.08337200,0.02000000
2018-02-27 09:10:51,0.08337200,2.97700000
2018-02-27 09:10:51,0.08337200,0.54600000
2018-02-27 09:10:51,0.08337200,0.81500000
2018-02-27 09:10:51,0.08337200,0.17700000
2018-02-27 09:10:51,0.08337200,0.09900000
2018-02-27 09:10:51,0.08337200,0.27000000
2018-02-27 09:10:51,0.08337200,0.28500000
2018-02-27 09:10:51,0.08337200,0.51400000
2018-02-27 09:10:51,0.08337200,1.19700000
2018-02-27 09:10:51,0.08337200,0.16800000
2018-02-27 09:10:51,0.08337200,0.08400000
2018-02-27 09:10:51,0.08337200,0.11300000
2018-02-27 09:10:51,0.08337200,0.19200000
2018-02-27 09:10:51,0.08337200,1.06600000
2018-02-27 09:10:51,0.08337200,0.11300000
2018-02-27 09:10:51,0.08337200,0.49300000
2018-02-27 09:10:51,0.08337200,0.09900000
2018-02-27 09:10:51,0.08337200,0.80900000
2018-02-27 09:10:51,0.08337200,0.28100000
2018-02-27 09:10:51,0.08337200,0.80600000
2018-02-27 09:10:51,0.08337200,0.39300000
2018-02-27 09:10:51,0.08337200,0.06000000
2018-02-27 09:10:51,0.08337200,0.03400000
2018-02-27 09:10:51,0.08337200,0.15000000
2018-02-27 09:10:51,0.08337200,0.18700000
2018-02-27 09:10:51,0.08337200,0.61700000
2018-02-27 09:10:51,0.08337200,0.02600000
2018-02-27 09:10:51,0.08337200,1.25300000
2018-02-27 09:10:51,0.08337200,2.00000000
2018-02-27 09:10:51,0.08337200,0.10000000
2018-02-27 09:10:51,0.08337200,0.02500000
2018-02-27 09:10:52,0.08337200,1.19900000
2018-02-27 09:10:52,0.08337200,1.22600000
2018-02-27 09:10:52,0.08337200,1.19800000
2018-02-27 09:10:52,0.08337200,0.01300000
2018-02-27 09:10:52,0.08337200,0.11200000
2018-02-27 09:10:52,0.08337200,0.09900000
2018-02-27 09:10:52,0.08337200,2.74900000
2018-02-27 09:10:52,0.08337200,4.97200000
2018-02-27 09:10:52,0.08337200,0.03900000
2018-02-27 09:10:52,0.08337200,2.78800000
2018-02-27 09:10:52,0.08337200,0.02400000
2018-02-27 09:10:52,0.08337200,0.40700000
2018-02-27 09:10:52,0.08337200,1.63100000
2018-02-27 09:10:52,0.08337200,0.41100000
2018-02-27 09:10:52,0.08337200,7.43200000
2018-02-27 09:10:52,0.08337200,1.97800000
2018-02-27 09:10:52,0.08337200,4.16300000
2018-02-27 09:10:52,0.08348500,1.00900000
2018-02-27 09:10:52,0.08356300,0.07100000
2018-02-27 09:10:52,0.08356500,0.01500000
2018-02-27 09:10:52,0.08358000,0.01800000
2018-02-27 09:10:52,0.08358400,0.33800000
2018-02-27 09:10:52,0.08359500,0.12100000
2018-02-27 09:10:52,0.08359600,0.10600000
2018-02-27 09:10:53,0.08339800,0.02200000
2018-02-27 09:10:53,0.08339800,0.03700000
2018-02-27 09:10:54,0.08341100,0.59400000
2018-02-27 09:10:54,0.08341100,0.03900000
2018-02-27 09:10:55,0.08341700,0.02200000
2018-02-27 09:10:55,0.08341800,1.63600000
2018-02-27 09:10:55,0.08341200,0.44400000
2018-02-27 09:10:57,0.08358100,0.17200000
2018-02-27 09:10:57,0.08343500,0.65500000
2018-02-27 09:10:57,0.08343000,0.64500000
2018-02-27 09:10:58,0.08353700,0.39900000
2018-02-27 09:10:58,0.08353700,0.00100000
2018-02-27 09:10:58,0.08358100,5.01900000
2018-02-27 09:10:58,0.08344000,0.03800000
2018-02-27 09:10:58,0.08344000,0.04800000
2018-02-27 09:10:59,0.08344000,0.02200000
2018-02-27 09:10:59,0.08344000,0.02300000
2018-02-27 09:10:59,0.08342900,0.12000000
2018-02-27 09:10:59,0.08342300,0.21100000
2018-02-27 09:10:59,0.08351800,0.03600000
2018-02-27 09:10:59,0.08342400,0.06100000
2018-02-27 09:11:00,0.08351800,0.31700000
2018-02-27 09:11:00,0.08351800,0.04900000
2018-02-27 09:11:01,0.08350500,0.12700000
2018-02-27 09:11:01,0.08350500,0.05000000
2018-02-27 09:11:02,0.08350500,0.01600000
2018-02-27 09:11:02,0.08350000,0.11000000
2018-02-27 09:11:02,0.08350500,0.62400000
2018-02-27 09:11:02,0.08350900,0.39100000
2018-02-27 09:11:02,0.08351000,0.02000000
2018-02-27 09:11:02,0.08351100,0.64800000
2018-02-27 09:11:02,0.08351100,0.17200000
2018-02-27 09:11:03,0.08342000,0.04000000
2018-02-27 09:11:03,0.08342600,0.02200000
2018-02-27 09:11:03,0.08342600,0.02200000
2018-02-27 09:11:03,0.08342000,0.14700000
2018-02-27 09:11:03,0.08342600,0.17500000
2018-02-27 09:11:03,0.08342600,0.17600000
2018-02-27 09:11:04,0.08342600,1.20000000
2018-02-27 09:11:04,0.08342600,0.02000000
2018-02-27 09:11:04,0.08342600,0.11900000
2018-02-27 09:11:04,0.08342600,2.31000000
2018-02-27 09:11:04,0.08342000,0.11800000
2018-02-27 09:11:04,0.08351000,0.02900000
2018-02-27 09:11:06,0.08342100,0.03700000
2018-02-27 09:11:06,0.08342100,0.03700000
2018-02-27 09:11:06,0.08350900,0.10700000
2018-02-27 09:11:07,0.08342200,0.04600000
2018-02-27 09:11:07,0.08350800,0.18900000
2018-02-27 09:11:07,0.08350800,1.38100000
2018-02-27 09:11:07,0.08350900,0.09800000
2018-02-27 09:11:07,0.08350800,0.01900000
2018-02-27 09:11:08,0.08342200,0.01800000
2018-02-27 09:11:08,0.08342200,0.00200000
2018-02-27 09:11:08,0.08342100,0.08000000
2018-02-27 09:11:09,0.08350600,0.01900000
2018-02-27 09:11:09,0.08342200,0.06600000
2018-02-27 09:11:09,0.08342200,0.00100000
2018-02-27 09:11:09,0.08342200,0.02200000
2018-02-27 09:11:09,0.08342200,0.00100000
2018-02-27 09:11:09,0.08350600,0.00100000
2018-02-27 09:11:09,0.08350800,0.00100000
2018-02-27 09:11:09,0.08350900,0.01900000
2018-02-27 09:11:09,0.08350800,0.02000000
2018-02-27 09:11:09,0.08350900,0.00200000
2018-02-27 09:11:10,0.08350800,0.01900000
2018-02-27 09:11:10,0.08342200,0.01900000
2018-02-27 09:11:11,0.08342200,0.00100000
2018-02-27 09:11:11,0.08342100,0.11700000
2018-02-27 09:11:12,0.08350800,0.05100000
2018-02-27 09:11:12,0.08350900,3.89200000
2018-02-27 09:11:12,0.08351000,0.18700000
2018-02-27 09:11:12,0.08351600,0.03000000
2018-02-27 09:11:12,0.08352300,0.50900000
2018-02-27 09:11:12,0.08352500,0.12000000
2018-02-27 09:11:12,0.08354900,0.61700000
2018-02-27 09:11:12,0.08359600,0.72300000
2018-02-27 09:11:12,0.08360700,0.14900000
2018-02-27 09:11:12,0.08362000,0.01200000
2018-02-27 09:11:12,0.08362600,0.46900000
2018-02-27 09:11:12,0.08362900,0.13100000
2018-02-27 09:11:12,0.08363000,0.50100000
2018-02-27 09:11:12,0.08350800,0.02000000
2018-02-27 09:11:12,0.08350800,0.02000000
2018-02-27 09:11:12,0.08350800,0.02000000
2018-02-27 09:11:12,0.08350800,0.02000000
2018-02-27 09:11:12,0.08350800,0.02000000
2018-02-27 09:11:12,0.08350800,0.02000000
2018-02-27 09:11:12,0.08350800,0.02000000
2018-02-27 09:11:12,0.08350800,0.02000000
2018-02-27 09:11:12,0.08350800,0.13000000
2018-02-27 09:11:12,0.08342300,0.05900000
2018-02-27 09:11:12,0.08342300,0.18900000
2018-02-27 09:11:12,0.08342300,0.10000000
2018-02-27 09:11:12,0.08342300,0.16900000
2018-02-27 09:11:12,0.08350800,0.02000000
2018-02-27 09:11:12,0.08351600,0.00700000
2018-02-27 09:11:12,0.08352500,0.01900000
2018-02-27 09:11:14,0.08342800,0.02000000
2018-02-27 09:11:14,0.08356800,0.33100000
2018-02-27 09:11:14,0.08356900,0.22900000
2018-02-27 09:11:14,0.08358300,0.61700000
2018-02-27 09:11:14,0.08358600,0.40000000
2018-02-27 09:11:14,0.08363100,1.09800000
2018-02-27 09:11:14,0.08343000,0.44000000
2018-02-27 09:11:15,0.08356800,0.09600000
2018-02-27 09:11:15,0.08357000,0.39300000
2018-02-27 09:11:15,0.08343100,0.70700000
2018-02-27 09:11:15,0.08343300,0.12500000
2018-02-27 09:11:15,0.08343300,0.80300000
2018-02-27 09:11:16,0.08343400,1.00600000
2018-02-27 09:11:16,0.08356700,0.33300000
2018-02-27 09:11:17,0.08345100,0.02300000
2018-02-27 09:11:17,0.08345100,0.91000000
2018-02-27 09:11:18,0.08345200,0.06900000
2018-02-27 09:11:18,0.08345200,0.12500000
2018-02-27 09:11:18,0.08356300,0.14300000
2018-02-27 09:11:19,0.08351000,0.19200000
2018-02-27 09:11:19,0.08351000,0.00100000
2018-02-27 09:11:19,0.08345400,0.19100000
2018-02-27 09:11:19,0.08345400,0.79100000
2018-02-27 09:11:20,0.08346100,0.38900000
2018-02-27 09:11:20,0.08346100,0.17700000
2018-02-27 09:11:20,0.08346200,0.01900000
2018-02-27 09:11:20,0.08346200,0.07700000
2018-02-27 09:11:21,0.08346200,1.20000000
2018-02-27 09:11:22,0.08355600,0.13800000
2018-02-27 09:11:22,0.08346500,0.02000000
2018-02-27 09:11:22,0.08346400,0.07900000
2018-02-27 09:11:23,0.08355500,0.02000000
2018-02-27 09:11:23,0.08346600,0.06600000
2018-02-27 09:11:23,0.08355500,0.02000000
2018-02-27 09:11:24,0.08355000,0.05000000
2018-02-27 09:11:24,0.08347200,0.04000000
2018-02-27 09:11:24,0.08347200,0.35400000
2018-02-27 09:11:26,0.08346600,0.05800000
2018-02-27 09:11:26,0.08346600,0.11900000
2018-02-27 09:11:27,0.08354500,0.53400000
2018-02-27 09:11:29,0.08354500,0.31500000
2018-02-27 09:11:29,0.08354500,0.38100000
2018-02-27 09:11:29,0.08354500,0.07800000
2018-02-27 09:11:29,0.08354600,0.56100000
2018-02-27 09:11:29,0.08354800,0.01300000
2018-02-27 09:11:29,0.08354800,0.10000000
2018-02-27 09:11:29,0.08354800,0.02200000
2018-02-27 09:11:29,0.08346600,0.12100000
2018-02-27 09:11:29,0.08354500,0.12700000
2018-02-27 09:11:29,0.08354500,0.05000000
2018-02-27 09:11:29,0.08346600,0.08400000
2018-02-27 09:11:30,0.08354500,0.05000000
2018-02-27 09:11:30,0.08355400,0.06900000
2018-02-27 09:11:30,0.08355400,0.01600000
2018-02-27 09:11:31,0.08346800,0.02400000
2018-02-27 09:11:31,0.08346800,0.04400000
2018-02-27 09:11:31,0.08355400,0.20300000
2018-02-27 09:11:31,0.08355400,0.09400000
2018-02-27 09:11:31,0.08346800,0.00100000
2018-02-27 09:11:31,0.08346700,0.12100000
2018-02-27 09:11:31,0.08346600,0.14100000
2018-02-27 09:11:32,0.08355400,0.09700000
2018-02-27 09:11:32,0.08355400,0.41800000
2018-02-27 09:11:32,0.08346700,0.94400000
2018-02-27 09:11:32,0.08346700,0.60500000
2018-02-27 09:11:32,0.08355300,0.18700000
2018-02-27 09:11:33,0.08346700,0.09900000
2018-02-27 09:11:33,0.08346700,0.53600000
2018-02-27 09:11:33,0.08346600,0.00100000
2018-02-27 09:11:33,0.08345400,0.09700000
2018-02-27 09:11:33,0.08346700,0.15000000
2018-02-27 09:11:33,0.08345400,0.04900000
2018-02-27 09:11:33,0.08346700,0.17000000
2018-02-27 09:11:33,0.08345400,3.73200000
2018-02-27 09:11:33,0.08346900,0.05100000
2018-02-27 09:11:33,0.08355300,0.13100000
2018-02-27 09:11:34,0.08355300,0.02500000
2018-02-27 09:11:34,0.08355300,1.04400000
2018-02-27 09:11:34,0.08346900,0.63300000
2018-02-27 09:11:34,0.08353000,4.99900000
2018-02-27 09:11:34,0.08346900,0.14100000
2018-02-27 09:11:35,0.08346900,0.15100000
2018-02-27 09:11:35,0.08346900,0.02400000
2018-02-27 09:11:35,0.08353000,0.01200000
2018-02-27 09:11:36,0.08353000,0.00100000
2018-02-27 09:11:36,0.08353000,0.04600000
2018-02-27 09:11:36,0.08347500,0.21200000
2018-02-27 09:11:36,0.08355400,0.08500000
2018-02-27 09:11:36,0.08358800,0.03400000
2018-02-27 09:11:36,0.08347500,0.04500000
2018-02-27 09:11:36,0.08347500,0.00200000
2018-02-27 09:11:36,0.08346900,0.01700000
2018-02-27 09:11:36,0.08345200,0.02700000
2018-02-27 09:11:36,0.08353000,0.03300000
2018-02-27 09:11:36,0.08353000,0.00200000
2018-02-27 09:11:36,0.08347600,0.01400000
2018-02-27 09:11:37,0.08348000,0.14200000
2018-02-27 09:11:38,0.08348000,0.29700000
2018-02-27 09:11:39,0.08348100,0.33400000
2018-02-27 09:11:39,0.08357900,0.11400000
2018-02-27 09:11:40,0.08348200,0.01300000
2018-02-27 09:11:40,0.08357800,0.04200000
2018-02-27 09:11:41,0.08357700,0.09100000
2018-02-27 09:11:41,0.08348500,0.01900000
2018-02-27 09:11:42,0.08348600,0.11400000
2018-02-27 09:11:42,0.08348500,0.00100000
2018-02-27 09:11:42,0.08348400,0.51800000
2018-02-27 09:11:42,0.08348600,0.18900000
2018-02-27 09:11:43,0.08348600,0.01900000
2018-02-27 09:11:44,0.08356900,0.17400000
2018-02-27 09:11:45,0.08356800,0.02000000
2018-02-27 09:11:45,0.08356800,0.02000000
2018-02-27 09:11:47,0.08356800,0.20500000
2018-02-27 09:11:47,0.08356800,0.02100000
2018-02-27 09:11:47,0.08348400,0.04100000
2018-02-27 09:11:47,0.08348400,0.04000000
2018-02-27 09:11:47,0.08348400,0.11800000
2018-02-27 09:11:48,0.08356800,0.01600000
2018-02-27 09:11:48,0.08348400,0.15000000
2018-02-27 09:11:48,0.08348400,0.35700000
2018-02-27 09:11:49,0.08356700,0.17300000
2018-02-27 09:11:49,0.08356700,0.18200000
2018-02-27 09:11:51,0.08356700,0.05300000
2018-02-27 09:11:52,0.08348500,0.11200000
2018-02-27 09:11:52,0.08356600,0.16300000
2018-02-27 09:11:53,0.08348500,0.00100000
2018-02-27 09:11:53,0.08348300,0.28200000
2018-02-27 09:11:53,0.08348500,0.01900000
2018-02-27 09:11:54,0.08348500,0.00100000
2018-02-27 09:11:54,0.08348300,0.02300000
2018-02-27 09:11:54,0.08356600,0.01200000
2018-02-27 09:11:55,0.08356700,1.64100000
2018-02-27 09:11:56,0.08356600,0.01200000
2018-02-27 09:11:56,0.08356700,0.02000000
2018-02-27 09:11:57,0.08356700,2.11000000
2018-02-27 09:11:58,0.08356800,0.24300000
2018-02-27 09:11:59,0.08356800,0.00100000
2018-02-27 09:11:59,0.08356800,0.05600000
2018-02-27 09:11:59,0.08356800,0.00200000
2018-02-27 09:11:59,0.08348800,0.01400000
2018-02-27 09:12:01,0.08348900,0.06600000
2018-02-27 09:12:01,0.08349000,0.02600000
2018-02-27 09:12:02,0.08356600,0.11300000
2018-02-27 09:12:02,0.08357000,0.44000000
2018-02-27 09:12:02,0.08357500,0.84500000
2018-02-27 09:12:02,0.08358400,0.02000000
2018-02-27 09:12:02,0.08359200,0.15000000
2018-02-27 09:12:02,0.08359600,0.22400000
2018-02-27 09:12:02,0.08358400,0.02000000
2018-02-27 09:12:02,0.08359200,0.03300000
2018-02-27 09:12:02,0.08349000,0.20000000
2018-02-27 09:12:02,0.08359200,0.01600000
2018-02-27 09:12:02,0.08349000,0.90100000
2018-02-27 09:12:02,0.08349000,0.40900000
2018-02-27 09:12:02,0.08359600,0.17500000
2018-02-27 09:12:03,0.08349200,0.03200000
2018-02-27 09:12:03,0.08349200,0.04000000
2018-02-27 09:12:03,0.08349200,0.03900000
2018-02-27 09:12:04,0.08349300,0.17000000
2018-02-27 09:12:04,0.08349200,0.36500000
2018-02-27 09:12:04,0.08359300,0.33300000
2018-02-27 09:12:04,0.08349200,0.06500000
2018-02-27 09:12:04,0.08359300,0.14200000
2018-02-27 09:12:04,0.08359200,0.15100000
2018-02-27 09:12:04,0.08349300,0.16900000
2018-02-27 09:12:04,0.08349300,0.07000000
2018-02-27 09:12:04,0.08359200,0.04000000
2018-02-27 09:12:05,0.08359300,0.04200000
2018-02-27 09:12:06,0.08349500,0.04000000
2018-02-27 09:12:07,0.08350000,0.44900000
2018-02-27 09:12:07,0.08358900,0.03000000
2018-02-27 09:12:07,0.08358900,0.05900000
2018-02-27 09:12:08,0.08349600,1.19900000
2018-02-27 09:12:08,0.08349600,0.79500000
2018-02-27 09:12:08,0.08349600,0.00100000
2018-02-27 09:12:08,0.08349500,0.02000000
2018-02-27 09:12:08,0.08349100,0.02100000
2018-02-27 09:12:08,0.08349000,0.18000000
2018-02-27 09:12:08,0.08349100,1.00900000
2018-02-27 09:12:09,0.08358800,0.05100000
2018-02-27 09:12:10,0.08349100,0.05000000
2018-02-27 09:12:11,0.08358600,0.81200000
2018-02-27 09:12:11,0.08349600,0.09700000
2018-02-27 09:12:11,0.08349600,0.02100000
2018-02-27 09:12:11,0.08349500,2.35300000
2018-02-27 09:12:12,0.08349300,0.39600000
2018-02-27 09:12:12,0.08349500,0.00100000
2018-02-27 09:12:12,0.08358500,0.10900000
2018-02-27 09:12:13,0.08358500,1.33800000
2018-02-27 09:12:13,0.08358600,1.20000000
2018-02-27 09:12:13,0.08359600,0.00100000
2018-02-27 09:12:13,0.08360000,0.61700000
2018-02-27 09:12:13,0.08361400,0.15000000
2018-02-27 09:12:13,0.08349100,0.25100000
2018-02-27 09:12:13,0.08349000,0.19900000
2018-02-27 09:12:13,0.08358500,0.02000000
2018-02-27 09:12:13,0.08361400,0.04000000
2018-02-27 09:12:14,0.08349300,0.05800000
2018-02-27 09:12:14,0.08349300,0.05600000
2018-02-27 09:12:15,0.08349500,0.29700000
2018-02-27 09:12:16,0.08350000,0.24300000
2018-02-27 09:12:17,0.08350200,0.01900000
2018-02-27 09:12:17,0.08350200,0.00100000
2018-02-27 09:12:17,0.08350100,0.01800000
2018-02-27 09:12:17,0.08350300,0.05600000
2018-02-27 09:12:17,0.08350300,0.01900000
2018-02-27 09:12:17,0.08350300,0.06000000
2018-02-27 09:12:18,0.08350300,0.04200000
2018-02-27 09:12:19,0.08350300,0.02000000
2018-02-27 09:12:19,0.08350200,0.02300000
2018-02-27 09:12:19,0.08358900,0.10000000
2018-02-27 09:12:20,0.08350300,0.09900000
2018-02-27 09:12:20,0.08350400,0.60000000
2018-02-27 09:12:21,0.08350400,0.14000000
2018-02-27 09:12:21,0.08350400,0.41100000
2018-02-27 09:12:23,0.08350500,0.90900000
2018-02-27 09:12:23,0.08350500,0.04200000
2018-02-27 09:12:23,0.08350600,0.04600000
2018-02-27 09:12:24,0.08358800,0.14400000
2018-02-27 09:12:25,0.08358700,0.04400000
2018-02-27 09:12:25,0.08358700,0.05800000
2018-02-27 09:12:26,0.08350900,0.40100000
2018-02-27 09:12:26,0.08349600,0.80000000
2018-02-27 09:12:26,0.08358500,0.07000000
2018-02-27 09:12:26,0.08358600,1.24300000
2018-02-27 09:12:26,0.08358700,1.89100000
2018-02-27 09:12:27,0.08349500,0.09400000
2018-02-27 09:12:27,0.08349600,0.29100000
2018-02-27 09:12:27,0.08358000,0.02900000
2018-02-27 09:12:28,0.08358000,0.11300000
2018-02-27 09:12:29,0.08349800,0.02600000
2018-02-27 09:12:29,0.08351400,0.39900000
2018-02-27 09:12:30,0.08357900,0.10700000
2018-02-27 09:12:31,0.08351400,0.02100000
2018-02-27 09:12:31,0.08350000,0.02000000
2018-02-27 09:12:31,0.08350000,0.97900000
2018-02-27 09:12:31,0.08350000,0.17900000
2018-02-27 09:12:31,0.08357900,0.11900000
2018-02-27 09:12:31,0.08350000,0.04000000
2018-02-27 09:12:32,0.08357900,1.79100000
2018-02-27 09:12:32,0.08350100,0.03400000
2018-02-27 09:12:32,0.08357900,0.01600000
2018-02-27 09:12:32,0.08350100,0.14800000
2018-02-27 09:12:32,0.08357800,0.91600000
2018-02-27 09:12:32,0.08350100,0.90400000
2018-02-27 09:12:32,0.08350100,0.03200000
2018-02-27 09:12:33,0.08349400,0.13300000
2018-02-27 09:12:33,0.08349300,0.01300000
2018-02-27 09:12:33,0.08349300,0.02100000
2018-02-27 09:12:33,0.08349300,0.00200000
2018-02-27 09:12:33,0.08357800,0.03300000
2018-02-27 09:12:33,0.08357800,0.03500000
2018-02-27 09:12:33,0.08357800,0.03500000
2018-02-27 09:12:34,0.08357600,0.02000000
2018-02-27 09:12:34,0.08357700,0.85700000
2018-02-27 09:12:36,0.08357000,0.09900000
2018-02-27 09:12:37,0.08357000,0.05000000
2018-02-27 09:12:37,0.08357000,0.00100000
2018-02-27 09:12:37,0.08357600,0.11900000
2018-02-27 09:12:37,0.08357000,0.02400000
2018-02-27 09:12:37,0.08357600,0.88600000
2018-02-27 09:12:38,0.08357500,0.01400000
2018-02-27 09:12:39,0.08357500,0.00600000
2018-02-27 09:12:39,0.08357600,0.35100000
2018-02-27 09:12:39,0.08357500,0.01800000
2018-02-27 09:12:39,0.08357500,0.00200000
2018-02-27 09:12:39,0.08357600,0.01700000
2018-02-27 09:12:39,0.08357500,0.02000000
2018-02-27 09:12:39,0.08357500,0.00900000
2018-02-27 09:12:40,0.08357500,0.01100000
2018-02-27 09:12:40,0.08357600,0.11500000
2018-02-27 09:12:40,0.08357500,0.01900000
2018-02-27 09:12:40,0.08357500,0.00100000
2018-02-27 09:12:40,0.08357600,0.01700000
2018-02-27 09:12:40,0.08357500,0.01900000
2018-02-27 09:12:41,0.08357000,0.00400000
2018-02-27 09:12:41,0.08349000,0.01500000
2018-02-27 09:12:41,0.08357400,0.02900000
2018-02-27 09:12:42,0.08349000,0.21400000
2018-02-27 09:12:42,0.08348400,0.11400000
2018-02-27 09:12:42,0.08357400,0.02000000
2018-02-27 09:12:42,0.08348400,0.65900000
2018-02-27 09:12:42,0.08348300,4.69500000
2018-02-27 09:12:42,0.08348000,1.49800000
2018-02-27 09:12:42,0.08347100,0.61700000
2018-02-27 09:12:42,0.08345100,0.02600000
2018-02-27 09:12:42,0.08357400,0.06400000
2018-02-27 09:12:42,0.08348600,2.59200000
2018-02-27 09:12:42,0.08348700,0.01900000
2018-02-27 09:12:43,0.08354800,0.02400000
2018-02-27 09:12:43,0.08357400,0.00100000
2018-02-27 09:12:43,0.08357500,0.02300000
2018-02-27 09:12:43,0.08357400,0.01200000
2018-02-27 09:12:43,0.08348800,0.48000000
2018-02-27 09:12:43,0.08348800,0.01200000
2018-02-27 09:12:43,0.08357200,0.02400000
2018-02-27 09:12:44,0.08348800,0.01400000
2018-02-27 09:12:44,0.08357200,0.02900000
2018-02-27 09:12:44,0.08357200,0.02100000
2018-02-27 09:12:45,0.08357100,0.05600000
2018-02-27 09:12:46,0.08356800,0.04900000
2018-02-27 09:12:46,0.08356800,0.04400000
2018-02-27 09:12:46,0.08356700,0.12700000
2018-02-27 09:12:46,0.08356800,0.03600000
2018-02-27 09:12:47,0.08345100,0.02000000
2018-02-27 09:12:47,0.08356600,0.03800000
2018-02-27 09:12:47,0.08356500,0.18600000
2018-02-27 09:12:47,0.08356400,0.02000000
2018-02-27 09:12:47,0.08356500,0.13200000
2018-02-27 09:12:48,0.08356300,0.10600000
2018-02-27 09:12:48,0.08345500,0.09900000
2018-02-27 09:12:48,0.08356100,0.06000000
2018-02-27 09:12:48,0.08356100,0.05500000
2018-02-27 09:12:48,0.08356200,0.84300000
2018-02-27 09:12:48,0.08356300,0.10200000
2018-02-27 09:12:49,0.08356200,0.02600000
2018-02-27 09:12:49,0.08353000,0.02600000
2018-02-27 09:12:49,0.08353000,0.04000000
2018-02-27 09:12:50,0.08352900,0.96100000
2018-02-27 09:12:50,0.08353000,0.74900000
2018-02-27 09:12:51,0.08352900,0.01600000
2018-02-27 09:12:52,0.08352900,0.01300000
2018-02-27 09:12:52,0.08346300,0.00200000
2018-02-27 09:12:52,0.08346300,0.06100000
2018-02-27 09:12:53,0.08352900,0.03000000
2018-02-27 09:12:53,0.08352900,0.00100000
2018-02-27 09:12:53,0.08352900,0.02900000
2018-02-27 09:12:53,0.08352900,0.00100000
2018-02-27 09:12:53,0.08349500,0.02800000
2018-02-27 09:12:53,0.08349500,0.02900000
2018-02-27 09:12:53,0.08353000,0.00100000
2018-02-27 09:12:54,0.08356000,0.14900000
2018-02-27 09:12:54,0.08353000,0.02700000
2018-02-27 09:12:54,0.08356000,0.13000000
2018-02-27 09:12:54,0.08353000,0.00100000
2018-02-27 09:12:54,0.08349500,0.02600000
2018-02-27 09:12:54,0.08349500,0.02700000
2018-02-27 09:12:54,0.08349500,0.08700000
2018-02-27 09:12:54,0.08356000,0.05000000
2018-02-27 09:12:54,0.08356000,0.13000000
2018-02-27 09:12:55,0.08356000,0.12000000
2018-02-27 09:12:55,0.08356000,0.02100000
2018-02-27 09:12:55,0.08356100,0.09900000
2018-02-27 09:12:55,0.08356000,0.11900000
2018-02-27 09:12:55,0.08356000,0.08700000
2018-02-27 09:12:56,0.08356000,0.03300000
2018-02-27 09:12:56,0.08356000,0.10000000
2018-02-27 09:12:56,0.08356000,0.02000000
2018-02-27 09:12:57,0.08356000,0.10000000
2018-02-27 09:12:57,0.08356000,0.02100000
2018-02-27 09:12:57,0.08356100,2.30800000
2018-02-27 09:12:57,0.08357100,0.61700000
2018-02-27 09:12:57,0.08357200,0.39000000
2018-02-27 09:12:57,0.08357500,0.24500000
2018-02-27 09:12:57,0.08359000,0.02300000
2018-02-27 09:12:57,0.08363200,0.19100000
2018-02-27 09:12:57,0.08364000,0.05300000
2018-02-27 09:12:57,0.08364300,0.40000000
2018-02-27 09:12:57,0.08364800,0.01500000
2018-02-27 09:12:57,0.08367200,2.64700000
2018-02-27 09:12:57,0.08368000,4.00000000
2018-02-27 09:12:57,0.08369600,0.54700000
2018-02-27 09:12:57,0.08369900,0.17800000
2018-02-27 09:12:57,0.08370000,3.49600000
2018-02-27 09:12:57,0.08370000,0.67000000
2018-02-27 09:12:57,0.08370000,13.80900000
2018-02-27 09:12:57,0.08356000,0.33700000
2018-02-27 09:12:57,0.08349500,0.00100000
2018-02-27 09:12:57,0.08349000,0.09400000
2018-02-27 09:12:57,0.08346300,0.10700000
2018-02-27 09:12:57,0.08344000,0.02000000
2018-02-27 09:12:57,0.08343200,1.13900000
2018-02-27 09:12:57,0.08343100,0.15000000
2018-02-27 09:12:57,0.08342900,0.61700000
2018-02-27 09:12:57,0.08341200,0.04700000
2018-02-27 09:12:57,0.08340000,0.20800000
2018-02-27 09:12:57,0.08339800,0.61500000
2018-02-27 09:12:57,0.08339700,0.05600000
2018-02-27 09:12:57,0.08338400,0.50000000
2018-02-27 09:12:57,0.08338300,0.05100000
2018-02-27 09:12:57,0.08337200,1.47100000
2018-02-27 09:12:57,0.08336200,0.17400000
2018-02-27 09:12:57,0.08336200,0.19700000
2018-02-27 09:12:57,0.08336100,0.25900000
2018-02-27 09:12:57,0.08336000,0.45600000
2018-02-27 09:12:57,0.08335600,0.51600000
2018-02-27 09:12:57,0.08335000,0.20600000
2018-02-27 09:12:57,0.08334900,0.10900000
2018-02-27 09:12:57,0.08334600,0.03600000
2018-02-27 09:12:57,0.08334000,0.69100000
2018-02-27 09:12:57,0.08333700,0.11700000
2018-02-27 09:12:57,0.08333100,0.77800000
2018-02-27 09:12:57,0.08355800,0.39900000
2018-02-27 09:12:58,0.08355800,0.29900000
2018-02-27 09:12:58,0.08355800,0.02900000
2018-02-27 09:12:58,0.08355800,0.13300000
2018-02-27 09:12:58,0.08355800,1.50400000
2018-02-27 09:12:58,0.08344000,0.45000000
2018-02-27 09:12:58,0.08343600,0.74700000
2018-02-27 09:12:59,0.08355700,0.19700000
2018-02-27 09:12:59,0.08355700,1.00800000
2018-02-27 09:12:59,0.08347700,0.02100000
2018-02-27 09:12:59,0.08347700,0.38500000
2018-02-27 09:13:00,0.08355000,0.08000000
2018-02-27 09:13:00,0.08355000,0.36900000
2018-02-27 09:13:00,0.08355000,0.02100000
2018-02-27 09:13:00,0.08355400,0.15000000
2018-02-27 09:13:00,0.08355500,0.19500000
2018-02-27 09:13:00,0.08355400,0.12000000
2018-02-27 09:13:00,0.08356500,0.01500000
2018-02-27 09:13:00,0.08362800,0.40000000
2018-02-27 09:13:00,0.08364400,0.27400000
2018-02-27 09:13:00,0.08370000,0.12000000
2018-02-27 09:13:00,0.08370500,2.13200000
2018-02-27 09:13:00,0.08371200,0.20000000
2018-02-27 09:13:00,0.08372700,0.16500000
2018-02-27 09:13:00,0.08375000,0.10000000
2018-02-27 09:13:00,0.08375500,0.56500000
2018-02-27 09:13:00,0.08377200,0.40000000
2018-02-27 09:13:00,0.08377300,0.11500000
2018-02-27 09:13:00,0.08379400,0.09800000
2018-02-27 09:13:01,0.08355400,0.10000000
2018-02-27 09:13:01,0.08375500,0.02000000
2018-02-27 09:13:01,0.08377100,0.13000000
2018-02-27 09:13:01,0.08377200,0.02000000
2018-02-27 09:13:01,0.08379400,1.47500000
2018-02-27 09:13:01,0.08380000,0.04600000
2018-02-27 09:13:01,0.08354500,0.19900000
2018-02-27 09:13:01,0.08377300,0.01300000
2018-02-27 09:13:01,0.08362200,0.49800000
2018-02-27 09:13:02,0.08360500,0.69600000
2018-02-27 09:13:02,0.08360500,0.30100000
2018-02-27 09:13:02,0.08360300,0.01800000
2018-02-27 09:13:02,0.08360300,0.00200000
2018-02-27 09:13:02,0.08360500,0.00300000
2018-02-27 09:13:02,0.08362800,0.40000000
2018-02-27 09:13:02,0.08366500,0.09400000
2018-02-27 09:13:02,0.08366500,0.03100000
2018-02-27 09:13:03,0.08354500,0.00100000
2018-02-27 09:13:03,0.08349300,0.00900000
2018-02-27 09:13:03,0.08367000,0.85300000
2018-02-27 09:13:03,0.08355000,0.12800000
2018-02-27 09:13:03,0.08355000,0.32200000
2018-02-27 09:13:03,0.08352800,0.05100000
2018-02-27 09:13:03,0.08352800,0.31200000
2018-02-27 09:13:03,0.08362800,0.04000000
2018-02-27 09:13:03,0.08362800,0.36000000
2018-02-27 09:13:03,0.08366400,0.07900000
2018-02-27 09:13:03,0.08352900,0.17000000
2018-02-27 09:13:03,0.08352800,0.25300000
2018-02-27 09:13:03,0.08352800,0.17000000
2018-02-27 09:13:04,0.08352800,0.04100000
2018-02-27 09:13:04,0.08352800,0.03100000
2018-02-27 09:13:04,0.08352800,0.09800000
2018-02-27 09:13:04,0.08364800,0.01400000
2018-02-27 09:13:04,0.08352800,0.15000000
2018-02-27 09:13:05,0.08364700,0.15000000
2018-02-27 09:13:05,0.08364800,0.02000000
2018-02-27 09:13:05,0.08364800,0.14900000
2018-02-27 09:13:05,0.08353000,0.27900000
2018-02-27 09:13:05,0.08352900,0.01200000
2018-02-27 09:13:05,0.08364800,0.15100000
2018-02-27 09:13:06,0.08364700,0.13600000
2018-02-27 09:13:06,0.08353300,0.14900000
2018-02-27 09:13:06,0.08364700,1.80100000
2018-02-27 09:13:06,0.08353200,0.02400000
2018-02-27 09:13:06,0.08353200,0.14300000
2018-02-27 09:13:06,0.08364500,0.14900000
2018-02-27 09:13:06,0.08364600,0.70000000
2018-02-27 09:13:07,0.08359900,0.09400000
2018-02-27 09:13:07,0.08364000,0.07500000
2018-02-27 09:13:07,0.08354500,0.64300000
2018-02-27 09:13:07,0.08354500,0.38900000
2018-02-27 09:13:07,0.08354500,0.40800000
2018-02-27 09:13:07,0.08364000,0.29300000
2018-02-27 09:13:07,0.08354500,0.05600000
2018-02-27 09:13:07,0.08355000,0.06200000
2018-02-27 09:13:08,0.08355000,0.02700000
2018-02-27 09:13:08,0.08363900,0.38600000
2018-02-27 09:13:08,0.08355200,0.01800000
2018-02-27 09:13:08,0.08355200,0.00200000
2018-02-27 09:13:08,0.08355100,0.01700000
2018-02-27 09:13:09,0.08355200,0.01800000
2018-02-27 09:13:10,0.08355000,0.01900000
2018-02-27 09:13:10,0.08355000,0.00100000
2018-02-27 09:13:10,0.08354600,0.01900000
2018-02-27 09:13:10,0.08355000,0.02000000
2018-02-27 09:13:10,0.08354600,0.18000000
2018-02-27 09:13:10,0.08355000,0.02000000
2018-02-27 09:13:10,0.08355000,0.01700000
2018-02-27 09:13:10,0.08354800,0.02000000
2018-02-27 09:13:10,0.08354600,0.17500000
2018-02-27 09:13:11,0.08354800,0.02000000
2018-02-27 09:13:11,0.08354600,0.01900000
2018-02-27 09:13:11,0.08354800,0.02000000
2018-02-27 09:13:11,0.08354500,0.13700000
2018-02-27 09:13:11,0.08354500,3.36400000
2018-02-27 09:13:11,0.08363000,0.03000000
2018-02-27 09:13:11,0.08354500,0.00300000
2018-02-27 09:13:11,0.08353200,0.13300000
2018-02-27 09:13:11,0.08352200,0.47600000
2018-02-27 09:13:11,0.08362800,0.04200000
2018-02-27 09:13:12,0.08362600,1.22500000
2018-02-27 09:13:13,0.08353900,0.97200000
2018-02-27 09:13:13,0.08353900,0.16100000
2018-02-27 09:13:13,0.08353800,0.11500000
2018-02-27 09:13:13,0.08353300,0.85600000
2018-02-27 09:13:13,0.08353300,0.32600000
2018-02-27 09:13:15,0.08362000,0.12000000
2018-02-27 09:13:15,0.08362100,0.41300000
2018-02-27 09:13:15,0.08362100,3.32500000
2018-02-27 09:13:17,0.08353300,0.64100000
2018-02-27 09:13:17,0.08353200,0.02000000
2018-02-27 09:13:17,0.08361900,0.02000000
