DATE,PRICE,VOLUME
2018-02-27 10:00:00,0.08302900,0.00200000
2018-02-27 10:00:00,0.08301700,0.13200000
2018-02-27 10:00:00,0.08301600,0.26600000
2018-02-27 10:00:00,0.08301700,0.18900000
2018-02-27 10:00:01,0.08311100,0.13200000
2018-02-27 10:00:01,0.08311200,0.37800000
2018-02-27 10:00:02,0.08311100,0.02200000
2018-02-27 10:00:02,0.08311100,0.49300000
2018-02-27 10:00:04,0.08302300,0.03100000
2018-02-27 10:00:04,0.08302300,0.02800000
2018-02-27 10:00:05,0.08311000,0.05800000
2018-02-27 10:00:05,0.08302500,0.40000000
2018-02-27 10:00:10,0.08302000,0.02600000
2018-02-27 10:00:10,0.08310900,0.26200000
2018-02-27 10:00:10,0.08310900,0.13800000
2018-02-27 10:00:10,0.08311000,0.00100000
2018-02-27 10:00:10,0.08311200,0.12200000
2018-02-27 10:00:11,0.08302200,0.22100000
2018-02-27 10:00:12,0.08302300,0.12000000
2018-02-27 10:00:14,0.08310400,0.01900000
2018-02-27 10:00:15,0.08310000,0.03000000
2018-02-27 10:00:15,0.08310600,0.03000000
2018-02-27 10:00:16,0.08310600,0.08900000
2018-02-27 10:00:21,0.08302000,0.01900000
2018-02-27 10:00:21,0.08310600,0.02000000
2018-02-27 10:00:22,0.08302000,0.00100000
2018-02-27 10:00:22,0.08301800,0.39900000
2018-02-27 10:00:22,0.08302000,0.01900000
2018-02-27 10:00:25,0.08310600,0.00100000
2018-02-27 10:00:25,0.08310900,0.09000000
2018-02-27 10:00:25,0.08310600,0.01900000
2018-02-27 10:00:26,0.08310500,0.04800000
2018-02-27 10:00:27,0.08310500,0.26800000
2018-02-27 10:00:27,0.08310500,1.26700000
2018-02-27 10:00:27,0.08302000,0.00100000
2018-02-27 10:00:27,0.08301800,0.05000000
2018-02-27 10:00:28,0.08302000,0.02000000
2018-02-27 10:00:28,0.08302000,0.01900000
2018-02-27 10:00:28,0.08302000,0.00100000
2018-02-27 10:00:28,0.08301800,0.34800000
2018-02-27 10:00:28,0.08310400,0.02000000
2018-02-27 10:00:28,0.08310500,1.06800000
2018-02-27 10:00:28,0.08302000,0.01600000
2018-02-27 10:00:28,0.08302000,0.00400000
2018-02-27 10:00:28,0.08301800,0.39600000
2018-02-27 10:00:28,0.08302000,0.02000000
2018-02-27 10:00:28,0.08301800,0.00700000
2018-02-27 10:00:29,0.08302000,0.02000000
2018-02-27 10:00:29,0.08302000,0.01900000
2018-02-27 10:00:29,0.08310400,0.01900000
2018-02-27 10:00:30,0.08310400,0.03600000
2018-02-27 10:00:30,0.08310400,0.01900000
2018-02-27 10:00:30,0.08301300,0.01900000
2018-02-27 10:00:31,0.08301400,0.89700000
2018-02-27 10:00:31,0.08301500,0.40000000
2018-02-27 10:00:31,0.08301500,0.72100000
2018-02-27 10:00:32,0.08308700,0.01900000
2018-02-27 10:00:32,0.08308600,0.06000000
2018-02-27 10:00:32,0.08308600,0.04700000
2018-02-27 10:00:32,0.08301400,0.39100000
2018-02-27 10:00:33,0.08300800,0.18000000
2018-02-27 10:00:33,0.08300800,0.82800000
2018-02-27 10:00:33,0.08300800,0.00100000
2018-02-27 10:00:33,0.08300600,0.21500000
2018-02-27 10:00:33,0.08300200,0.02000000
2018-02-27 10:00:33,0.08300100,0.12500000
2018-02-27 10:00:34,0.08300200,0.02000000
2018-02-27 10:00:34,0.08300200,0.02000000
2018-02-27 10:00:34,0.08300200,0.01900000
2018-02-27 10:00:34,0.08300200,0.00100000
2018-02-27 10:00:34,0.08300100,0.01800000
2018-02-27 10:00:34,0.08300200,0.01900000
2018-02-27 10:00:34,0.08300200,0.00100000
2018-02-27 10:00:34,0.08300100,0.01800000
2018-02-27 10:00:34,0.08308600,0.05800000
2018-02-27 10:00:34,0.08300200,0.02000000
2018-02-27 10:00:34,0.08300100,0.04900000
2018-02-27 10:00:34,0.08300200,0.01900000
2018-02-27 10:00:34,0.08300200,0.00100000
2018-02-27 10:00:34,0.08300100,0.02100000
2018-02-27 10:00:35,0.08300100,0.05400000
2018-02-27 10:00:35,0.08300100,1.20300000
2018-02-27 10:00:35,0.08300100,1.13300000
2018-02-27 10:00:35,0.08300000,0.08100000
2018-02-27 10:00:35,0.08302000,0.26400000
2018-02-27 10:00:35,0.08302000,0.10600000
2018-02-27 10:00:35,0.08302000,0.09300000
2018-02-27 10:00:35,0.08302000,0.04800000
2018-02-27 10:00:35,0.08302000,0.04600000
2018-02-27 10:00:35,0.08302000,0.01200000
2018-02-27 10:00:35,0.08308400,0.12300000
2018-02-27 10:00:35,0.08308400,0.16900000
2018-02-27 10:00:35,0.08308400,0.26400000
2018-02-27 10:00:36,0.08308400,0.30000000
2018-02-27 10:00:36,0.08300000,1.20300000
2018-02-27 10:00:36,0.08300000,7.64700000
2018-02-27 10:00:36,0.08308300,0.02900000
2018-02-27 10:00:37,0.08300200,0.03700000
2018-02-27 10:00:37,0.08300200,0.00100000
2018-02-27 10:00:37,0.08300000,0.03400000
2018-02-27 10:00:37,0.08300000,0.11000000
2018-02-27 10:00:38,0.08308300,0.03700000
2018-02-27 10:00:38,0.08300000,4.87300000
2018-02-27 10:00:38,0.08308300,0.01400000
2018-02-27 10:00:38,0.08300000,0.68800000
2018-02-27 10:00:38,0.08300000,1.12100000
2018-02-27 10:00:38,0.08300000,0.49500000
2018-02-27 10:00:39,0.08308300,0.08900000
2018-02-27 10:00:39,0.08308300,0.06400000
2018-02-27 10:00:39,0.08300000,1.78100000
2018-02-27 10:00:39,0.08300000,1.12100000
2018-02-27 10:00:40,0.08300000,1.12100000
2018-02-27 10:00:40,0.08300000,0.06900000
2018-02-27 10:00:40,0.08300000,0.12000000
2018-02-27 10:00:40,0.08300000,1.37700000
2018-02-27 10:00:40,0.08300800,0.04000000
2018-02-27 10:00:40,0.08300800,0.00100000
2018-02-27 10:00:40,0.08308300,0.03700000
2018-02-27 10:00:40,0.08308300,0.04000000
2018-02-27 10:00:40,0.08308300,0.04000000
2018-02-27 10:00:41,0.08300000,2.52500000
2018-02-27 10:00:41,0.08300000,3.39400000
2018-02-27 10:00:42,0.08308300,0.05800000
2018-02-27 10:00:46,0.08300000,0.02200000
2018-02-27 10:00:49,0.08308300,0.79700000
2018-02-27 10:00:50,0.08300000,0.57600000
2018-02-27 10:00:50,0.08300000,0.23900000
2018-02-27 10:00:50,0.08300000,1.59400000
2018-02-27 10:00:50,0.08300000,0.01500000
2018-02-27 10:00:50,0.08300000,0.01100000
2018-02-27 10:00:51,0.08308300,0.01800000
2018-02-27 10:00:51,0.08300000,0.05000000
2018-02-27 10:00:52,0.08300000,0.00100000
2018-02-27 10:00:52,0.08308300,0.11300000
2018-02-27 10:00:53,0.08308300,0.10000000
2018-02-27 10:00:53,0.08300000,0.05600000
2018-02-27 10:00:57,0.08300100,0.15600000
2018-02-27 10:00:57,0.08308300,0.01700000
2018-02-27 10:00:57,0.08308300,1.64900000
2018-02-27 10:00:57,0.08300100,0.40500000
2018-02-27 10:00:57,0.08300000,1.56700000
2018-02-27 10:00:57,0.08300000,0.48500000
2018-02-27 10:00:58,0.08303300,0.34000000
2018-02-27 10:00:58,0.08303300,0.04300000
2018-02-27 10:00:59,0.08303300,0.01400000
2018-02-27 10:00:59,0.08303300,0.20700000
2018-02-27 10:00:59,0.08303300,0.29300000
2018-02-27 10:00:59,0.08303300,1.43300000
2018-02-27 10:00:59,0.08303300,0.19100000
2018-02-27 10:00:59,0.08308300,0.00100000
2018-02-27 10:00:59,0.08308300,0.03100000
2018-02-27 10:00:59,0.08303300,1.17100000
2018-02-27 10:01:00,0.08303300,1.20600000
2018-02-27 10:01:00,0.08303300,0.48500000
2018-02-27 10:01:00,0.08303000,1.40000000
2018-02-27 10:01:00,0.08300000,3.11500000
2018-02-27 10:01:00,0.08300000,0.01400000
2018-02-27 10:01:01,0.08308400,0.26500000
2018-02-27 10:01:01,0.08308700,0.74200000
2018-02-27 10:01:01,0.08300000,5.77400000
2018-02-27 10:01:01,0.08300000,0.05900000
2018-02-27 10:01:01,0.08308700,1.80400000
2018-02-27 10:01:01,0.08300100,0.40000000
2018-02-27 10:01:01,0.08308600,0.04100000
2018-02-27 10:01:02,0.08300100,1.37100000
2018-02-27 10:01:02,0.08308600,0.24200000
2018-02-27 10:01:02,0.08308600,1.20200000
2018-02-27 10:01:02,0.08308600,0.07700000
2018-02-27 10:01:02,0.08308600,0.12500000
2018-02-27 10:01:03,0.08308700,0.36800000
2018-02-27 10:01:03,0.08308700,0.60200000
2018-02-27 10:01:03,0.08308700,0.12000000
2018-02-27 10:01:05,0.08308700,0.01700000
2018-02-27 10:01:05,0.08300100,0.48900000
2018-02-27 10:01:06,0.08308700,0.02800000
2018-02-27 10:01:06,0.08300100,0.00100000
2018-02-27 10:01:06,0.08300100,0.02600000
2018-02-27 10:01:06,0.08300100,0.36200000
2018-02-27 10:01:06,0.08300100,1.42000000
2018-02-27 10:01:07,0.08300100,0.73700000
2018-02-27 10:01:08,0.08308700,0.17200000
2018-02-27 10:01:08,0.08308700,0.12000000
2018-02-27 10:01:09,0.08300100,0.99700000
2018-02-27 10:01:10,0.08300100,0.43800000
2018-02-27 10:01:10,0.08308600,1.49200000
2018-02-27 10:01:11,0.08300100,0.01500000
2018-02-27 10:01:11,0.08308600,0.54400000
2018-02-27 10:01:12,0.08308600,1.96300000
2018-02-27 10:01:13,0.08308700,0.04000000
2018-02-27 10:01:13,0.08300200,0.05300000
2018-02-27 10:01:13,0.08308700,0.49700000
2018-02-27 10:01:13,0.08308700,0.97000000
2018-02-27 10:01:14,0.08308600,0.02400000
2018-02-27 10:01:15,0.08308600,0.05900000
2018-02-27 10:01:16,0.08308500,0.07100000
2018-02-27 10:01:17,0.08300700,0.09000000
2018-02-27 10:01:17,0.08308500,0.00100000
2018-02-27 10:01:17,0.08308600,0.00100000
2018-02-27 10:01:17,0.08308700,0.00100000
2018-02-27 10:01:17,0.08310100,0.61700000
2018-02-27 10:01:17,0.08310200,0.02000000
2018-02-27 10:01:17,0.08310600,0.11600000
2018-02-27 10:01:19,0.08301100,0.02900000
2018-02-27 10:01:19,0.08301100,0.02400000
2018-02-27 10:01:20,0.08310100,0.02900000
2018-02-27 10:01:20,0.08310100,0.25700000
2018-02-27 10:01:20,0.08310600,0.06400000
2018-02-27 10:01:20,0.08310700,0.25500000
2018-02-27 10:01:20,0.08311200,0.10400000
2018-02-27 10:01:20,0.08311400,0.40000000
2018-02-27 10:01:20,0.08311900,0.45100000
2018-02-27 10:01:20,0.08312800,0.05800000
2018-02-27 10:01:20,0.08313100,0.13100000
2018-02-27 10:01:20,0.08313200,0.11100000
2018-02-27 10:01:20,0.08313200,0.10200000
2018-02-27 10:01:21,0.08311600,0.01900000
2018-02-27 10:01:21,0.08311400,0.01400000
2018-02-27 10:01:21,0.08311400,0.22900000
2018-02-27 10:01:22,0.08311200,0.21600000
2018-02-27 10:01:22,0.08311300,0.08900000
2018-02-27 10:01:22,0.08311100,0.04600000
2018-02-27 10:01:23,0.08308600,0.10500000
2018-02-27 10:01:23,0.08302400,0.13100000
2018-02-27 10:01:23,0.08302300,0.12500000
2018-02-27 10:01:23,0.08302300,0.10400000
2018-02-27 10:01:23,0.08302300,0.10400000
2018-02-27 10:01:23,0.08302300,0.03400000
2018-02-27 10:01:23,0.08311100,0.01800000
2018-02-27 10:01:23,0.08302300,0.10400000
2018-02-27 10:01:23,0.08302300,0.04200000
2018-02-27 10:01:23,0.08302200,0.06200000
2018-02-27 10:01:23,0.08302400,0.00100000
2018-02-27 10:01:24,0.08311200,0.02800000
2018-02-27 10:01:24,0.08302600,0.03300000
2018-02-27 10:01:24,0.08311100,0.02400000
2018-02-27 10:01:24,0.08311100,0.21900000
2018-02-27 10:01:25,0.08311100,0.03700000
2018-02-27 10:01:25,0.08302700,0.14600000
2018-02-27 10:01:25,0.08311100,0.00700000
2018-02-27 10:01:25,0.08311200,0.00800000
2018-02-27 10:01:25,0.08311400,0.12900000
2018-02-27 10:01:27,0.08302800,0.08900000
2018-02-27 10:01:27,0.08302900,0.38200000
2018-02-27 10:01:27,0.08302800,0.01200000
2018-02-27 10:01:27,0.08302900,0.02000000
2018-02-27 10:01:29,0.08302900,0.13300000
2018-02-27 10:01:29,0.08302700,0.00600000
2018-02-27 10:01:29,0.08311200,0.25500000
2018-02-27 10:01:29,0.08303000,0.36100000
2018-02-27 10:01:29,0.08311200,0.09000000
2018-02-27 10:01:29,0.08311100,0.38100000
2018-02-27 10:01:29,0.08301900,0.26400000
2018-02-27 10:01:29,0.08311100,0.22000000
2018-02-27 10:01:30,0.08301900,0.05400000
2018-02-27 10:01:30,0.08302100,0.02000000
2018-02-27 10:01:33,0.08311200,0.02100000
2018-02-27 10:01:33,0.08311400,0.19000000
2018-02-27 10:01:33,0.08311500,0.12900000
2018-02-27 10:01:34,0.08302600,0.02000000
2018-02-27 10:01:34,0.08302500,0.00900000
2018-02-27 10:01:35,0.08311400,0.13200000
2018-02-27 10:01:35,0.08302600,0.01900000
2018-02-27 10:01:36,0.08302800,0.02000000
2018-02-27 10:01:36,0.08302700,0.00400000
2018-02-27 10:01:36,0.08302800,0.01900000
2018-02-27 10:01:36,0.08302800,0.00100000
2018-02-27 10:01:36,0.08302700,0.01800000
2018-02-27 10:01:36,0.08302800,0.01900000
2018-02-27 10:01:36,0.08302800,0.00100000
2018-02-27 10:01:36,0.08302700,0.01800000
2018-02-27 10:01:36,0.08302800,0.01900000
2018-02-27 10:01:36,0.08302800,0.00100000
2018-02-27 10:01:36,0.08302700,0.01800000
2018-02-27 10:01:36,0.08302700,0.61000000
2018-02-27 10:01:37,0.08302700,0.10600000
2018-02-27 10:01:38,0.08311300,0.00300000
2018-02-27 10:01:39,0.08311300,0.52400000
2018-02-27 10:01:40,0.08311300,0.11300000
2018-02-27 10:01:41,0.08311300,0.26000000
2018-02-27 10:01:41,0.08302800,0.02100000
2018-02-27 10:01:41,0.08302200,0.00300000
2018-02-27 10:01:43,0.08302500,0.13000000
2018-02-27 10:01:43,0.08311200,0.03700000
2018-02-27 10:01:43,0.08302500,0.00100000
2018-02-27 10:01:43,0.08302400,0.01800000
2018-02-27 10:01:43,0.08302500,0.02100000
2018-02-27 10:01:44,0.08302600,0.02400000
2018-02-27 10:01:45,0.08311100,0.03700000
2018-02-27 10:01:45,0.08302600,0.54100000
2018-02-27 10:01:46,0.08311000,0.06000000
2018-02-27 10:01:46,0.08302400,0.02000000
2018-02-27 10:01:46,0.08302300,0.00400000
2018-02-27 10:01:47,0.08311000,0.39600000
2018-02-27 10:01:47,0.08311000,0.12200000
2018-02-27 10:01:48,0.08311100,0.01800000
2018-02-27 10:01:48,0.08302500,0.02000000
2018-02-27 10:01:48,0.08302500,0.02000000
2018-02-27 10:01:49,0.08302600,0.02000000
2018-02-27 10:01:49,0.08302500,1.92100000
2018-02-27 10:01:49,0.08302200,0.69500000
2018-02-27 10:01:49,0.08300900,0.56700000
2018-02-27 10:01:50,0.08310900,0.13100000
2018-02-27 10:01:50,0.08311000,0.15100000
2018-02-27 10:01:50,0.08311000,0.13200000
2018-02-27 10:01:51,0.08310900,0.55600000
2018-02-27 10:01:51,0.08301300,0.02400000
2018-02-27 10:01:53,0.08310700,0.04400000
2018-02-27 10:01:53,0.08310800,0.03700000
2018-02-27 10:01:53,0.08302500,0.02600000
2018-02-27 10:01:53,0.08310700,0.02000000
2018-02-27 10:01:53,0.08310800,0.32400000
2018-02-27 10:01:54,0.08302500,0.13000000
2018-02-27 10:01:56,0.08310800,0.15000000
2018-02-27 10:01:56,0.08310800,1.43300000
2018-02-27 10:01:56,0.08311000,0.42100000
2018-02-27 10:01:57,0.08302600,0.02000000
2018-02-27 10:01:57,0.08302600,0.02000000
2018-02-27 10:01:57,0.08302600,0.02000000
2018-02-27 10:01:57,0.08302500,0.32800000
2018-02-27 10:01:58,0.08302600,1.00600000
2018-02-27 10:01:58,0.08310900,0.41300000
2018-02-27 10:01:58,0.08302500,0.05700000
2018-02-27 10:01:59,0.08302500,1.22600000
2018-02-27 10:01:59,0.08310900,0.04100000
2018-02-27 10:02:00,0.08302500,0.03900000
2018-02-27 10:02:00,0.08310900,0.02200000
2018-02-27 10:02:00,0.08302600,0.17400000
2018-02-27 10:02:00,0.08302600,0.09900000
2018-02-27 10:02:01,0.08302800,0.02000000
2018-02-27 10:02:02,0.08302700,0.02600000
2018-02-27 10:02:03,0.08302700,0.02400000
2018-02-27 10:02:03,0.08310700,0.01800000
2018-02-27 10:02:03,0.08310700,0.47700000
2018-02-27 10:02:04,0.08302500,0.01500000
2018-02-27 10:02:05,0.08302500,0.04900000
2018-02-27 10:02:06,0.08302500,0.08100000
2018-02-27 10:02:08,0.08310700,0.10300000
2018-02-27 10:02:09,0.08310700,0.14900000
2018-02-27 10:02:11,0.08302500,1.20300000
2018-02-27 10:02:11,0.08302500,1.04000000
2018-02-27 10:02:12,0.08302500,1.48700000
2018-02-27 10:02:14,0.08302700,0.02000000
2018-02-27 10:02:16,0.08302600,0.75800000
2018-02-27 10:02:16,0.08309700,0.02600000
2018-02-27 10:02:16,0.08309700,0.16900000
2018-02-27 10:02:17,0.08309700,0.01900000
2018-02-27 10:02:18,0.08302500,0.00100000
2018-02-27 10:02:18,0.08309800,0.03400000
2018-02-27 10:02:18,0.08302500,0.00100000
2018-02-27 10:02:19,0.08309800,0.97700000
2018-02-27 10:02:19,0.08301800,0.07900000
2018-02-27 10:02:19,0.08302500,0.03500000
2018-02-27 10:02:21,0.08309800,0.00100000
2018-02-27 10:02:21,0.08310400,0.01200000
2018-02-27 10:02:21,0.08302500,0.00100000
2018-02-27 10:02:21,0.08301800,1.13100000
2018-02-27 10:02:21,0.08310400,0.04200000
2018-02-27 10:02:21,0.08301900,0.02000000
2018-02-27 10:02:21,0.08301800,0.00200000
2018-02-27 10:02:21,0.08301800,0.01900000
2018-02-27 10:02:22,0.08301800,0.03000000
2018-02-27 10:02:22,0.08301800,0.83600000
2018-02-27 10:02:23,0.08309400,0.08400000
2018-02-27 10:02:24,0.08309400,0.01800000
2018-02-27 10:02:24,0.08300600,0.01500000
2018-02-27 10:02:25,0.08300300,0.14900000
2018-02-27 10:02:25,0.08300300,0.10400000
2018-02-27 10:02:25,0.08300400,1.26900000
2018-02-27 10:02:26,0.08300400,0.14900000
2018-02-27 10:02:26,0.08300400,0.13100000
2018-02-27 10:02:26,0.08309300,0.02000000
2018-02-27 10:02:26,0.08300400,0.15000000
2018-02-27 10:02:26,0.08300400,0.15000000
2018-02-27 10:02:26,0.08300400,0.12000000
2018-02-27 10:02:26,0.08300200,4.83400000
2018-02-27 10:02:27,0.08300500,0.02600000
2018-02-27 10:02:28,0.08309100,0.01400000
2018-02-27 10:02:28,0.08309100,0.12000000
2018-02-27 10:02:28,0.08309100,0.03100000
2018-02-27 10:02:29,0.08309000,0.01500000
2018-02-27 10:02:31,0.08301000,0.02400000
2018-02-27 10:02:31,0.08301000,0.17600000
2018-02-27 10:02:31,0.08301000,0.66700000
2018-02-27 10:02:32,0.08300100,0.42700000
2018-02-27 10:02:32,0.08301000,0.09600000
2018-02-27 10:02:33,0.08301000,0.05000000
2018-02-27 10:02:33,0.08301000,0.16800000
2018-02-27 10:02:33,0.08301000,0.09400000
2018-02-27 10:02:33,0.08301000,0.00100000
2018-02-27 10:02:33,0.08308800,0.09300000
2018-02-27 10:02:33,0.08308800,0.09400000
2018-02-27 10:02:33,0.08301000,0.02500000
2018-02-27 10:02:33,0.08301000,0.23700000
2018-02-27 10:02:33,0.08301000,0.26000000
2018-02-27 10:02:34,0.08301000,0.13200000
2018-02-27 10:02:34,0.08301000,0.17300000
2018-02-27 10:02:34,0.08301000,0.71600000
2018-02-27 10:02:34,0.08301000,0.16400000
2018-02-27 10:02:34,0.08301000,0.03500000
2018-02-27 10:02:34,0.08301000,0.05200000
2018-02-27 10:02:34,0.08301000,0.31600000
2018-02-27 10:02:34,0.08301000,0.70900000
2018-02-27 10:02:35,0.08308000,0.29200000
2018-02-27 10:02:35,0.08308000,0.01800000
2018-02-27 10:02:35,0.08308000,0.51700000
2018-02-27 10:02:36,0.08308000,0.32000000
2018-02-27 10:02:36,0.08308000,0.95100000
2018-02-27 10:02:36,0.08308000,0.39100000
2018-02-27 10:02:37,0.08308000,0.06200000
2018-02-27 10:02:38,0.08308000,0.97000000
2018-02-27 10:02:38,0.08300100,0.12400000
2018-02-27 10:02:38,0.08300100,0.92300000
2018-02-27 10:02:39,0.08308000,0.00200000
2018-02-27 10:02:39,0.08308000,0.03300000
2018-02-27 10:02:39,0.08308000,0.00100000
2018-02-27 10:02:39,0.08300100,0.03300000
2018-02-27 10:02:39,0.08300100,0.03300000
2018-02-27 10:02:39,0.08300100,0.03300000
2018-02-27 10:02:39,0.08300100,0.03300000
2018-02-27 10:02:41,0.08308400,0.06600000
2018-02-27 10:02:42,0.08300100,0.50300000
2018-02-27 10:02:42,0.08308400,0.02600000
2018-02-27 10:02:42,0.08300100,1.79100000
2018-02-27 10:02:43,0.08308300,0.01200000
2018-02-27 10:02:44,0.08308300,0.02000000
2018-02-27 10:02:45,0.08300100,1.60900000
2018-02-27 10:02:45,0.08300100,0.01200000
2018-02-27 10:02:45,0.08300100,5.55200000
2018-02-27 10:02:46,0.08300100,1.44500000
2018-02-27 10:02:46,0.08308300,0.03400000
2018-02-27 10:02:46,0.08308300,0.64600000
2018-02-27 10:02:46,0.08308300,0.03400000
2018-02-27 10:02:47,0.08300100,0.32700000
2018-02-27 10:02:47,0.08308300,0.17900000
2018-02-27 10:02:48,0.08300200,0.12000000
2018-02-27 10:02:49,0.08300200,2.19700000
2018-02-27 10:02:51,0.08300100,0.24200000
2018-02-27 10:02:55,0.08307400,0.96100000
2018-02-27 10:02:55,0.08307400,0.16100000
2018-02-27 10:02:55,0.08308300,0.11900000
2018-02-27 10:02:55,0.08308300,0.16000000
2018-02-27 10:02:55,0.08308300,0.06800000
2018-02-27 10:02:55,0.08300200,0.02100000
2018-02-27 10:02:55,0.08308300,1.73000000
2018-02-27 10:02:55,0.08308400,0.89200000
2018-02-27 10:02:55,0.08308800,0.01400000
2018-02-27 10:02:55,0.08308800,0.04800000
2018-02-27 10:02:56,0.08308900,0.37500000
2018-02-27 10:02:56,0.08308800,0.14000000
2018-02-27 10:02:56,0.08308800,1.20700000
2018-02-27 10:02:56,0.08308800,1.20400000
2018-02-27 10:02:56,0.08308800,0.01500000
2018-02-27 10:02:56,0.08300200,0.52700000
2018-02-27 10:02:56,0.08300100,0.35300000
2018-02-27 10:02:56,0.08300100,0.15000000
2018-02-27 10:02:56,0.08300100,0.06900000
2018-02-27 10:02:56,0.08310000,0.11600000
2018-02-27 10:02:58,0.08308800,0.24300000
2018-02-27 10:02:58,0.08308800,0.53900000
2018-02-27 10:02:58,0.08309900,0.02400000
2018-02-27 10:02:58,0.08310000,1.42900000
2018-02-27 10:03:01,0.08301300,0.04600000
2018-02-27 10:03:01,0.08309800,0.08200000
2018-02-27 10:03:02,0.08309800,0.00100000
2018-02-27 10:03:02,0.08310000,0.17500000
2018-02-27 10:03:03,0.08310000,0.27900000
2018-02-27 10:03:03,0.08310000,0.00100000
2018-02-27 10:03:03,0.08310200,0.02600000
2018-02-27 10:03:03,0.08310200,0.02900000
2018-02-27 10:03:03,0.08310400,0.02000000
2018-02-27 10:03:03,0.08310500,0.00400000
2018-02-27 10:03:03,0.08310500,0.02800000
2018-02-27 10:03:03,0.08310500,0.06300000
2018-02-27 10:03:04,0.08310500,0.03100000
2018-02-27 10:03:04,0.08310500,0.00100000
2018-02-27 10:03:04,0.08310600,0.07000000
2018-02-27 10:03:04,0.08310600,1.64700000
2018-02-27 10:03:04,0.08301700,0.04800000
2018-02-27 10:03:04,0.08301900,0.02000000
2018-02-27 10:03:04,0.08301800,0.02900000
2018-02-27 10:03:05,0.08310600,0.01700000
2018-02-27 10:03:05,0.08310600,0.00300000
2018-02-27 10:03:05,0.08310600,0.02000000
2018-02-27 10:03:05,0.08302000,0.04900000
2018-02-27 10:03:05,0.08302100,0.03900000
2018-02-27 10:03:05,0.08302100,0.04900000
2018-02-27 10:03:05,0.08302100,0.09900000
2018-02-27 10:03:06,0.08310700,0.02000000
2018-02-27 10:03:06,0.08310700,0.02000000
2018-02-27 10:03:06,0.08310000,0.21700000
2018-02-27 10:03:07,0.08310700,0.02000000
2018-02-27 10:03:07,0.08310700,0.06800000
2018-02-27 10:03:07,0.08310000,0.00100000
2018-02-27 10:03:08,0.08302100,0.01900000
2018-02-27 10:03:08,0.08302100,0.00100000
2018-02-27 10:03:08,0.08302000,0.03500000
2018-02-27 10:03:08,0.08301900,0.07900000
2018-02-27 10:03:09,0.08302100,0.26200000
2018-02-27 10:03:09,0.08302100,0.01700000
2018-02-27 10:03:09,0.08310000,0.02300000
2018-02-27 10:03:09,0.08310400,0.10200000
2018-02-27 10:03:10,0.08310400,0.01500000
2018-02-27 10:03:10,0.08310700,0.07900000
2018-02-27 10:03:10,0.08310800,0.10500000
2018-02-27 10:03:13,0.08310800,0.05200000
2018-02-27 10:03:13,0.08310800,0.05200000
2018-02-27 10:03:14,0.08302800,0.04700000
2018-02-27 10:03:14,0.08302800,0.11100000
2018-02-27 10:03:16,0.08303000,0.04600000
2018-02-27 10:03:18,0.08303000,0.00200000
2018-02-27 10:03:18,0.08302900,1.01100000
2018-02-27 10:03:18,0.08302900,0.14600000
2018-02-27 10:03:19,0.08302900,0.78900000
2018-02-27 10:03:20,0.08310500,0.03500000
2018-02-27 10:03:20,0.08302900,0.47900000
2018-02-27 10:03:21,0.08310500,0.39900000
2018-02-27 10:03:21,0.08302900,0.09900000
2018-02-27 10:03:21,0.08310500,0.09700000
2018-02-27 10:03:22,0.08310500,0.09900000
2018-02-27 10:03:22,0.08310500,0.09900000
2018-02-27 10:03:22,0.08310500,0.26800000
2018-02-27 10:03:22,0.08310500,0.09900000
2018-02-27 10:03:23,0.08310500,0.61900000
2018-02-27 10:03:24,0.08303000,0.01500000
2018-02-27 10:03:25,0.08303000,0.01600000
2018-02-27 10:03:26,0.08303000,0.02500000
2018-02-27 10:03:26,0.08303000,0.09400000
2018-02-27 10:03:27,0.08303200,0.02600000
2018-02-27 10:03:27,0.08301400,0.02000000
2018-02-27 10:03:27,0.08301200,0.53200000
2018-02-27 10:03:28,0.08310500,0.02000000
2018-02-27 10:03:28,0.08310500,0.00100000
2018-02-27 10:03:28,0.08310500,0.02000000
2018-02-27 10:03:28,0.08310500,0.02000000
2018-02-27 10:03:28,0.08310500,0.02000000
2018-02-27 10:03:28,0.08310700,0.09700000
2018-02-27 10:03:28,0.08310800,0.36600000
2018-02-27 10:03:28,0.08310800,0.48300000
2018-02-27 10:03:28,0.08310500,0.02000000
2018-02-27 10:03:28,0.08310800,0.07600000
2018-02-27 10:03:28,0.08310800,0.48300000
2018-02-27 10:03:29,0.08309100,0.34600000
2018-02-27 10:03:29,0.08303500,0.02500000
2018-02-27 10:03:29,0.08303500,0.07200000
2018-02-27 10:03:29,0.08303400,0.02000000
2018-02-27 10:03:29,0.08303300,0.03000000
2018-02-27 10:03:29,0.08310400,0.06500000
2018-02-27 10:03:29,0.08303400,0.01600000
2018-02-27 10:03:29,0.08303400,0.00400000
2018-02-27 10:03:29,0.08303300,0.13000000
2018-02-27 10:03:29,0.08310400,0.55200000
2018-02-27 10:03:29,0.08310800,0.02900000
2018-02-27 10:03:29,0.08310800,0.00200000
2018-02-27 10:03:29,0.08302900,0.01400000
2018-02-27 10:03:30,0.08303500,0.34500000
2018-02-27 10:03:31,0.08303500,0.74800000
2018-02-27 10:03:31,0.08310800,0.65400000
2018-02-27 10:03:31,0.08303500,0.08600000
2018-02-27 10:03:31,0.08311300,0.10700000
2018-02-27 10:03:31,0.08303600,0.03300000
2018-02-27 10:03:32,0.08303600,0.02500000
2018-02-27 10:03:32,0.08303600,0.03900000
2018-02-27 10:03:32,0.08303600,0.79700000
2018-02-27 10:03:33,0.08303700,0.57800000
2018-02-27 10:03:34,0.08311300,0.27800000
2018-02-27 10:03:34,0.08311400,0.38300000
2018-02-27 10:03:35,0.08311500,0.87000000
2018-02-27 10:03:35,0.08303900,0.02500000
2018-02-27 10:03:35,0.08303900,0.00100000
2018-02-27 10:03:35,0.08303800,0.02000000
2018-02-27 10:03:35,0.08303700,0.00400000
2018-02-27 10:03:35,0.08311500,0.00100000
2018-02-27 10:03:35,0.08312900,0.02000000
2018-02-27 10:03:35,0.08313100,0.02800000
2018-02-27 10:03:35,0.08303800,0.02000000
2018-02-27 10:03:35,0.08303700,0.00500000
2018-02-27 10:03:36,0.08312900,0.02000000
2018-02-27 10:03:36,0.08304000,0.02700000
2018-02-27 10:03:36,0.08304000,0.00100000
2018-02-27 10:03:36,0.08303900,0.02600000
2018-02-27 10:03:36,0.08312900,0.02000000
2018-02-27 10:03:36,0.08303900,0.56000000
2018-02-27 10:03:36,0.08304000,0.57600000
2018-02-27 10:03:36,0.08304000,0.01600000
2018-02-27 10:03:37,0.08313000,0.02000000
2018-02-27 10:03:37,0.08313000,0.02000000
2018-02-27 10:03:37,0.08304100,0.01900000
2018-02-27 10:03:37,0.08312800,0.46100000
2018-02-27 10:03:37,0.08312800,0.05000000
2018-02-27 10:03:37,0.08312800,0.25900000
2018-02-27 10:03:37,0.08312800,0.16800000
2018-02-27 10:03:37,0.08312800,0.21500000
2018-02-27 10:03:38,0.08304200,0.01900000
2018-02-27 10:03:38,0.08304300,0.02600000
2018-02-27 10:03:38,0.08304200,0.11300000
2018-02-27 10:03:39,0.08304300,0.01900000
2018-02-27 10:03:39,0.08304300,0.20700000
2018-02-27 10:03:40,0.08309200,0.39900000
2018-02-27 10:03:40,0.08304400,0.02500000
2018-02-27 10:03:40,0.08309200,0.00100000
2018-02-27 10:03:40,0.08312800,0.00500000
2018-02-27 10:03:40,0.08313000,0.01000000
2018-02-27 10:03:41,0.08313000,0.02500000
2018-02-27 10:03:41,0.08313100,0.02400000
2018-02-27 10:03:41,0.08313100,0.27900000
2018-02-27 10:03:41,0.08313200,0.03100000
2018-02-27 10:03:41,0.08313200,3.39500000
2018-02-27 10:03:41,0.08309200,0.40000000
2018-02-27 10:03:42,0.08313200,1.20300000
2018-02-27 10:03:42,0.08304600,0.15700000
2018-02-27 10:03:42,0.08313200,1.18300000
2018-02-27 10:03:43,0.08313400,0.02000000
2018-02-27 10:03:43,0.08304600,0.02100000
2018-02-27 10:03:43,0.08304500,0.00400000
2018-02-27 10:03:43,0.08304500,0.02500000
2018-02-27 10:03:43,0.08313400,0.02000000
2018-02-27 10:03:43,0.08304600,0.02000000
2018-02-27 10:03:43,0.08304500,0.26300000
2018-02-27 10:03:43,0.08304500,0.17100000
2018-02-27 10:03:43,0.08304700,0.01700000
2018-02-27 10:03:43,0.08313400,0.01800000
2018-02-27 10:03:43,0.08313400,0.00200000
2018-02-27 10:03:43,0.08313500,0.01700000
2018-02-27 10:03:43,0.08312800,0.09200000
2018-02-27 10:03:43,0.08312800,0.10800000
2018-02-27 10:03:43,0.08312800,0.01800000
2018-02-27 10:03:43,0.08312800,0.01900000
2018-02-27 10:03:43,0.08312800,0.07000000
2018-02-27 10:03:43,0.08312800,0.00100000
2018-02-27 10:03:43,0.08313400,0.01900000
2018-02-27 10:03:44,0.08304800,0.01900000
2018-02-27 10:03:44,0.08304900,0.02500000
2018-02-27 10:03:45,0.08311200,0.11200000
2018-02-27 10:03:45,0.08311200,0.61000000
2018-02-27 10:03:45,0.08304900,0.01900000
2018-02-27 10:03:46,0.08304900,0.00100000
2018-02-27 10:03:46,0.08304500,0.02400000
2018-02-27 10:03:46,0.08304900,0.01900000
2018-02-27 10:03:47,0.08311200,0.18500000
2018-02-27 10:03:47,0.08308000,0.03700000
2018-02-27 10:03:47,0.08308000,0.00700000
2018-02-27 10:03:47,0.08304900,0.00100000
2018-02-27 10:03:47,0.08304600,0.03500000
2018-02-27 10:03:47,0.08304900,0.01900000
2018-02-27 10:03:47,0.08311200,0.00100000
2018-02-27 10:03:47,0.08311200,0.04400000
2018-02-27 10:03:47,0.08313400,0.13600000
2018-02-27 10:03:47,0.08313400,0.35200000
2018-02-27 10:03:47,0.08313500,0.13500000
2018-02-27 10:03:47,0.08313500,0.48700000
2018-02-27 10:03:47,0.08311200,0.00100000
2018-02-27 10:03:47,0.08304900,0.00100000
2018-02-27 10:03:47,0.08304600,0.04200000
2018-02-27 10:03:47,0.08313400,0.02000000
2018-02-27 10:03:47,0.08313500,0.08400000
2018-02-27 10:03:47,0.08304900,0.01900000
2018-02-27 10:03:47,0.08313500,1.00200000
2018-02-27 10:03:48,0.08313500,0.00100000
2018-02-27 10:03:48,0.08313600,0.24600000
2018-02-27 10:03:48,0.08314600,0.05600000
2018-02-27 10:03:48,0.08314600,0.00100000
2018-02-27 10:03:48,0.08314700,0.61700000
2018-02-27 10:03:48,0.08315000,0.26700000
2018-02-27 10:03:48,0.08316100,0.18400000
2018-02-27 10:03:48,0.08316400,0.47500000
2018-02-27 10:03:48,0.08316500,0.92700000
2018-02-27 10:03:49,0.08313500,0.02000000
2018-02-27 10:03:49,0.08316300,0.13200000
2018-02-27 10:03:49,0.08305300,0.02500000
2018-02-27 10:03:49,0.08305600,0.02000000
2018-02-27 10:03:49,0.08305500,0.55600000
2018-02-27 10:03:49,0.08316300,0.07500000
2018-02-27 10:03:50,0.08316300,0.05000000
2018-02-27 10:03:50,0.08316300,0.02000000
2018-02-27 10:03:50,0.08316200,0.23400000
2018-02-27 10:03:51,0.08316300,0.05000000
2018-02-27 10:03:51,0.08306100,0.06900000
2018-02-27 10:03:51,0.08316300,0.05000000
2018-02-27 10:03:51,0.08306100,0.06300000
2018-02-27 10:03:51,0.08306000,0.06800000
2018-02-27 10:03:51,0.08306000,0.32700000
2018-02-27 10:03:52,0.08316200,0.13100000
2018-02-27 10:03:52,0.08306200,0.76100000
2018-02-27 10:03:52,0.08306200,1.11600000
2018-02-27 10:03:53,0.08316200,0.14300000
2018-02-27 10:03:53,0.08306500,0.13100000
2018-02-27 10:03:53,0.08306400,0.45000000
2018-02-27 10:03:54,0.08316000,0.15000000
2018-02-27 10:03:54,0.08316000,0.02100000
2018-02-27 10:03:54,0.08316000,0.01800000
2018-02-27 10:03:54,0.08307000,0.21400000
2018-02-27 10:03:54,0.08316000,0.43000000
2018-02-27 10:03:55,0.08316000,0.21100000
2018-02-27 10:03:55,0.08307100,0.02100000
2018-02-27 10:03:55,0.08316000,0.00100000
2018-02-27 10:03:55,0.08316100,0.09000000
2018-02-27 10:03:55,0.08307200,0.06500000
2018-02-27 10:03:56,0.08315900,0.02100000
2018-02-27 10:03:56,0.08316100,1.02600000
2018-02-27 10:03:57,0.08316400,0.06500000
2018-02-27 10:03:57,0.08316500,0.06400000
2018-02-27 10:03:57,0.08316000,0.04800000
2018-02-27 10:03:57,0.08316500,0.01600000
2018-02-27 10:03:57,0.08316500,3.75200000
2018-02-27 10:03:57,0.08316800,0.01500000
2018-02-27 10:03:57,0.08316800,3.95600000
2018-02-27 10:03:57,0.08308000,0.44000000
2018-02-27 10:03:58,0.08316800,1.20200000
2018-02-27 10:03:59,0.08307700,0.01500000
2018-02-27 10:03:59,0.08316700,0.14900000
2018-02-27 10:03:59,0.08316700,0.13100000
2018-02-27 10:03:59,0.08307700,0.16700000
2018-02-27 10:03:59,0.08316700,0.05000000
2018-02-27 10:04:00,0.08307800,1.20400000
2018-02-27 10:04:00,0.08307700,1.33100000
2018-02-27 10:04:00,0.08306900,0.02000000
2018-02-27 10:04:00,0.08306100,0.15000000
2018-02-27 10:04:00,0.08305600,0.61700000
2018-02-27 10:04:00,0.08302900,0.21000000
2018-02-27 10:04:01,0.08312800,0.09900000
2018-02-27 10:04:01,0.08312800,0.00100000
2018-02-27 10:04:01,0.08303800,0.09800000
2018-02-27 10:04:01,0.08316400,1.20300000
2018-02-27 10:04:01,0.08316500,0.06300000
2018-02-27 10:04:01,0.08316500,0.55400000
2018-02-27 10:04:02,0.08316600,0.24000000
2018-02-27 10:04:02,0.08316500,0.09800000
2018-02-27 10:04:02,0.08316600,0.01300000
2018-02-27 10:04:02,0.08316000,0.44000000
2018-02-27 10:04:02,0.08316600,0.09900000
2018-02-27 10:04:02,0.08316500,0.05600000
2018-02-27 10:04:03,0.08316400,0.09400000
2018-02-27 10:04:03,0.08304200,0.26400000
2018-02-27 10:04:03,0.08304200,0.13100000
2018-02-27 10:04:04,0.08316300,0.22800000
2018-02-27 10:04:04,0.08316400,0.00600000
2018-02-27 10:04:04,0.08316500,0.22100000
2018-02-27 10:04:04,0.08316400,0.10000000
2018-02-27 10:04:04,0.08316500,0.85800000
2018-02-27 10:04:04,0.08316400,0.10000000
2018-02-27 10:04:04,0.08316500,0.02700000
2018-02-27 10:04:04,0.08316400,0.02000000
2018-02-27 10:04:04,0.08316500,0.14400000
2018-02-27 10:04:04,0.08316400,0.11300000
2018-02-27 10:04:04,0.08316400,0.10100000
2018-02-27 10:04:04,0.08316400,0.02500000
2018-02-27 10:04:05,0.08316400,0.02500000
2018-02-27 10:04:05,0.08316400,0.00600000
2018-02-27 10:04:05,0.08316500,0.02500000
2018-02-27 10:04:05,0.08316800,12.24500000
2018-02-27 10:04:06,0.08316700,0.02000000
2018-02-27 10:04:07,0.08306000,0.06000000
2018-02-27 10:04:07,0.08306000,0.07000000
2018-02-27 10:04:08,0.08306200,0.14600000
2018-02-27 10:04:08,0.08306300,0.08800000
2018-02-27 10:04:08,0.08316500,0.13000000
2018-02-27 10:04:10,0.08307100,0.13100000
2018-02-27 10:04:10,0.08307000,0.06300000
2018-02-27 10:04:10,0.08316500,0.03800000
2018-02-27 10:04:10,0.08307100,0.06700000
2018-02-27 10:04:10,0.08307100,0.06700000
2018-02-27 10:04:11,0.08307300,0.01900000
2018-02-27 10:04:11,0.08315400,0.02500000
2018-02-27 10:04:11,0.08315400,0.04300000
2018-02-27 10:04:11,0.08316400,0.13100000
2018-02-27 10:04:11,0.08316700,0.76300000
2018-02-27 10:04:11,0.08315000,0.07000000
2018-02-27 10:04:11,0.08316400,0.04200000
2018-02-27 10:04:12,0.08307500,0.13000000
2018-02-27 10:04:12,0.08316300,0.03500000
2018-02-27 10:04:12,0.08316300,0.05900000
2018-02-27 10:04:13,0.08316300,0.52300000
2018-02-27 10:04:13,0.08307600,0.04000000
2018-02-27 10:04:13,0.08316400,0.02000000
2018-02-27 10:04:13,0.08316600,0.06700000
2018-02-27 10:04:14,0.08316500,0.04000000
2018-02-27 10:04:14,0.08316600,0.10900000
2018-02-27 10:04:14,0.08316700,0.06300000
2018-02-27 10:04:14,0.08316700,5.69800000
2018-02-27 10:04:15,0.08316700,1.20300000
2018-02-27 10:04:15,0.08316700,0.72200000
2018-02-27 10:04:16,0.08315900,0.36200000
2018-02-27 10:04:16,0.08308000,1.20400000
2018-02-27 10:04:16,0.08315900,0.00100000
2018-02-27 10:04:16,0.08316700,0.00100000
2018-02-27 10:04:16,0.08316800,0.09700000
2018-02-27 10:04:16,0.08316800,14.48700000
2018-02-27 10:04:16,0.08308000,0.44000000
2018-02-27 10:04:16,0.08310700,0.04900000
2018-02-27 10:04:16,0.08310700,0.05300000
2018-02-27 10:04:16,0.08310700,0.01300000
2018-02-27 10:04:16,0.08310700,0.18900000
2018-02-27 10:04:16,0.08310700,0.03100000
2018-02-27 10:04:16,0.08310700,0.03200000
2018-02-27 10:04:17,0.08310700,0.21500000
2018-02-27 10:04:17,0.08310700,0.05800000
2018-02-27 10:04:18,0.08310700,1.83100000
2018-02-27 10:04:18,0.08310700,1.53300000
2018-02-27 10:04:18,0.08316800,0.29400000
2018-02-27 10:04:18,0.08308100,0.00100000
2018-02-27 10:04:19,0.08316600,0.11400000
2018-02-27 10:04:19,0.08308100,0.22300000
2018-02-27 10:04:19,0.08306200,0.04800000
2018-02-27 10:04:20,0.08316600,0.10600000
2018-02-27 10:04:20,0.08316600,0.02800000
2018-02-27 10:04:20,0.08306200,0.54000000
2018-02-27 10:04:20,0.08306200,0.02600000
2018-02-27 10:04:20,0.08306200,0.00300000
2018-02-27 10:04:20,0.08306000,0.02400000
2018-02-27 10:04:20,0.08306000,0.02700000
2018-02-27 10:04:20,0.08306000,0.02700000
2018-02-27 10:04:20,0.08306000,0.38100000
2018-02-27 10:04:21,0.08306300,0.10300000
2018-02-27 10:04:22,0.08306300,0.02900000
2018-02-27 10:04:22,0.08306000,0.00100000
2018-02-27 10:04:22,0.08305600,0.11100000
2018-02-27 10:04:22,0.08306400,0.27500000
2018-02-27 10:04:25,0.08306500,0.01900000
2018-02-27 10:04:26,0.08306400,0.08500000
2018-02-27 10:04:27,0.08314700,0.01300000
2018-02-27 10:04:28,0.08314700,6.91300000
2018-02-27 10:04:29,0.08307800,0.04700000
2018-02-27 10:04:31,0.08314000,0.07900000
2018-02-27 10:04:32,0.08314000,0.38000000
2018-02-27 10:04:32,0.08307900,0.01900000
2018-02-27 10:04:33,0.08307800,0.03900000
2018-02-27 10:04:33,0.08307800,0.19800000
2018-02-27 10:04:34,0.08308000,0.05500000
2018-02-27 10:04:34,0.08307800,0.27400000
2018-02-27 10:04:35,0.08307800,0.53500000
2018-02-27 10:04:35,0.08307800,0.04600000
2018-02-27 10:04:35,0.08307800,0.45000000
2018-02-27 10:04:35,0.08307800,0.57700000
2018-02-27 10:04:35,0.08307800,2.83400000
2018-02-27 10:04:35,0.08306400,1.23500000
2018-02-27 10:04:36,0.08305600,0.02200000
2018-02-27 10:04:36,0.08303900,0.02000000
2018-02-27 10:04:36,0.08303200,0.61700000
2018-02-27 10:04:36,0.08303100,0.15000000
2018-02-27 10:04:36,0.08302900,0.40300000
2018-02-27 10:04:38,0.08306000,0.12300000
2018-02-27 10:04:38,0.08306000,0.00100000
2018-02-27 10:04:38,0.08313500,0.12200000
2018-02-27 10:04:38,0.08313500,0.01200000
2018-02-27 10:04:38,0.08313600,0.11100000
2018-02-27 10:04:38,0.08313600,0.12200000
2018-02-27 10:04:38,0.08313600,0.12300000
2018-02-27 10:04:39,0.08314500,0.05500000
2018-02-27 10:04:40,0.08306000,0.19900000
2018-02-27 10:04:40,0.08305700,0.02900000
2018-02-27 10:04:40,0.08305600,0.66600000
2018-02-27 10:04:41,0.08314500,0.02000000
2018-02-27 10:04:41,0.08314600,0.50500000
2018-02-27 10:04:42,0.08314500,0.02000000
2018-02-27 10:04:42,0.08314600,0.14800000
2018-02-27 10:04:44,0.08306000,0.01900000
2018-02-27 10:04:44,0.08306000,0.00100000
2018-02-27 10:04:44,0.08305600,0.04900000
2018-02-27 10:04:45,0.08306000,0.01900000
2018-02-27 10:04:45,0.08306000,0.00100000
2018-02-27 10:04:45,0.08305600,0.01800000
2018-02-27 10:04:45,0.08306000,0.02000000
2018-02-27 10:04:45,0.08305600,0.03900000
2018-02-27 10:04:45,0.08306000,0.02000000
2018-02-27 10:04:45,0.08305600,0.60300000
2018-02-27 10:04:45,0.08314500,0.02000000
2018-02-27 10:04:46,0.08305900,0.01800000
2018-02-27 10:04:46,0.08314500,0.01900000
2018-02-27 10:04:46,0.08314400,0.18100000
2018-02-27 10:04:46,0.08314400,0.43500000
2018-02-27 10:04:47,0.08314300,0.00800000
2018-02-27 10:04:47,0.08314300,0.03900000
2018-02-27 10:04:48,0.08314300,0.02000000
2018-02-27 10:04:48,0.08314200,0.04700000
2018-02-27 10:04:49,0.08314200,2.69700000
2018-02-27 10:04:49,0.08314200,0.30400000
2018-02-27 10:04:50,0.08305700,0.02000000
2018-02-27 10:04:50,0.08305600,0.01300000
2018-02-27 10:04:51,0.08314000,0.15100000
2018-02-27 10:04:51,0.08305600,0.85200000
2018-02-27 10:04:51,0.08314000,0.02000000
2018-02-27 10:04:55,0.08305600,0.19100000
2018-02-27 10:04:55,0.08314000,0.00100000
2018-02-27 10:04:55,0.08314100,0.12600000
2018-02-27 10:04:55,0.08314000,0.02000000
2018-02-27 10:04:55,0.08314100,0.41700000
2018-02-27 10:04:55,0.08314000,0.01900000
2018-02-27 10:04:55,0.08314000,0.00100000
2018-02-27 10:04:55,0.08314100,0.01800000
2018-02-27 10:04:56,0.08314100,0.01300000
2018-02-27 10:04:56,0.08305600,0.07600000
2018-02-27 10:04:56,0.08314100,0.26300000
2018-02-27 10:04:56,0.08314100,0.91500000
2018-02-27 10:04:56,0.08314100,0.06400000
2018-02-27 10:04:57,0.08305600,0.49000000
2018-02-27 10:04:57,0.08314100,0.47500000
2018-02-27 10:04:57,0.08314100,0.02500000
2018-02-27 10:04:57,0.08314100,0.36100000
2018-02-27 10:04:57,0.08314100,0.11200000
2018-02-27 10:04:58,0.08305600,0.31600000
2018-02-27 10:04:58,0.08314000,0.12500000
2018-02-27 10:04:58,0.08314000,1.77100000
2018-02-27 10:04:58,0.08314000,0.79300000
2018-02-27 10:04:58,0.08314000,0.56300000
2018-02-27 10:04:59,0.08314000,0.96600000
2018-02-27 10:04:59,0.08314000,0.03200000
2018-02-27 10:05:00,0.08314000,0.59500000
2018-02-27 10:05:00,0.08314000,0.02700000
2018-02-27 10:05:01,0.08314000,0.12700000
2018-02-27 10:05:04,0.08306200,0.50900000
2018-02-27 10:05:04,0.08305600,2.60900000
2018-02-27 10:05:04,0.08305600,3.15800000
2018-02-27 10:05:04,0.08304700,0.10000000
2018-02-27 10:05:04,0.08303100,0.05000000
2018-02-27 10:05:04,0.08302900,0.33700000
2018-02-27 10:05:04,0.08300200,0.13200000
2018-02-27 10:05:04,0.08300100,1.67300000
2018-02-27 10:05:04,0.08300000,0.58500000
2018-02-27 10:05:04,0.08305600,0.02000000
2018-02-27 10:05:04,0.08305600,0.02000000
2018-02-27 10:05:04,0.08305600,0.02000000
2018-02-27 10:05:04,0.08305600,0.02000000
2018-02-27 10:05:04,0.08305600,3.08300000
2018-02-27 10:05:04,0.08306200,0.05500000
2018-02-27 10:05:04,0.08306200,0.03700000
2018-02-27 10:05:04,0.08306200,0.20000000
2018-02-27 10:05:04,0.08306200,0.10000000
2018-02-27 10:05:04,0.08306200,0.11600000
2018-02-27 10:05:04,0.08314000,0.39200000
2018-02-27 10:05:04,0.08314000,0.11500000
2018-02-27 10:05:05,0.08313900,0.30200000
2018-02-27 10:05:05,0.08314000,0.01300000
2018-02-27 10:05:06,0.08313800,0.13100000
2018-02-27 10:05:06,0.08313800,0.35900000
2018-02-27 10:05:07,0.08313800,0.13900000
2018-02-27 10:05:07,0.08313800,0.07400000
2018-02-27 10:05:07,0.08313800,0.04600000
2018-02-27 10:05:07,0.08313800,0.04000000
2018-02-27 10:05:08,0.08307800,0.17700000
2018-02-27 10:05:08,0.08307800,0.00400000
2018-02-27 10:05:08,0.08313800,0.00100000
2018-02-27 10:05:08,0.08314500,0.01500000
2018-02-27 10:05:08,0.08314900,0.16000000
2018-02-27 10:05:08,0.08313800,0.01900000
2018-02-27 10:05:10,0.08306000,0.35500000
2018-02-27 10:05:10,0.08313800,0.00100000
2018-02-27 10:05:11,0.08313800,0.50800000
2018-02-27 10:05:11,0.08306000,0.00100000
2018-02-27 10:05:11,0.08305800,0.06000000
2018-02-27 10:05:11,0.08304000,0.29000000
2018-02-27 10:05:11,0.08304000,0.05200000
2018-02-27 10:05:11,0.08304000,0.25300000
2018-02-27 10:05:11,0.08304000,0.02200000
2018-02-27 10:05:11,0.08302200,0.15000000
2018-02-27 10:05:11,0.08300200,0.13200000
2018-02-27 10:05:11,0.08300100,0.10100000
2018-02-27 10:05:11,0.08300000,0.10200000
2018-02-27 10:05:11,0.08300000,0.03500000
2018-02-27 10:05:11,0.08300000,0.03900000
2018-02-27 10:05:11,0.08300000,0.07200000
2018-02-27 10:05:11,0.08314700,0.03800000
2018-02-27 10:05:12,0.08313700,0.01600000
2018-02-27 10:05:12,0.08313700,0.74000000
2018-02-27 10:05:12,0.08313800,0.02300000
2018-02-27 10:05:13,0.08305900,0.04200000
2018-02-27 10:05:14,0.08305900,0.03900000
2018-02-27 10:05:14,0.08313600,0.21200000
2018-02-27 10:05:14,0.08313600,0.02300000
2018-02-27 10:05:15,0.08313700,1.20100000
2018-02-27 10:05:15,0.08306100,0.22600000
2018-02-27 10:05:15,0.08306000,1.50000000
2018-02-27 10:05:15,0.08305900,0.00100000
2018-02-27 10:05:15,0.08313800,0.00100000
2018-02-27 10:05:15,0.08313800,0.15500000
2018-02-27 10:05:15,0.08313800,0.65900000
2018-02-27 10:05:15,0.08313800,0.10000000
2018-02-27 10:05:15,0.08313800,0.75900000
2018-02-27 10:05:16,0.08313800,1.00000000
2018-02-27 10:05:16,0.08313800,0.69000000
2018-02-27 10:05:16,0.08313800,0.38400000
2018-02-27 10:05:16,0.08313800,3.55100000
2018-02-27 10:05:16,0.08313800,0.42500000
2018-02-27 10:05:16,0.08305900,0.27400000
2018-02-27 10:05:16,0.08300200,0.13100000
2018-02-27 10:05:16,0.08300100,0.17000000
2018-02-27 10:05:16,0.08300000,2.98100000
2018-02-27 10:05:16,0.08300100,0.17000000
2018-02-27 10:05:16,0.08300000,1.99500000
2018-02-27 10:05:16,0.08314600,0.01600000
2018-02-27 10:05:16,0.08314600,0.25800000
2018-02-27 10:05:17,0.08314300,0.18100000
2018-02-27 10:05:17,0.08314400,1.05000000
2018-02-27 10:05:17,0.08314600,0.00100000
2018-02-27 10:05:17,0.08315000,1.01900000
2018-02-27 10:05:17,0.08314300,0.17000000
2018-02-27 10:05:17,0.08315000,0.01000000
2018-02-27 10:05:17,0.08314200,0.13200000
2018-02-27 10:05:18,0.08305400,0.02000000
2018-02-27 10:05:18,0.08305300,0.97800000
2018-02-27 10:05:18,0.08314200,0.05100000
2018-02-27 10:05:19,0.08305500,0.02600000
2018-02-27 10:05:20,0.08314200,0.06400000
2018-02-27 10:05:20,0.08314900,0.18400000
2018-02-27 10:05:20,0.08314100,0.02200000
2018-02-27 10:05:21,0.08305400,1.12400000
2018-02-27 10:05:21,0.08305300,0.00100000
2018-02-27 10:05:22,0.08305400,0.02800000
2018-02-27 10:05:23,0.08305400,0.08400000
2018-02-27 10:05:25,0.08306000,0.07100000
2018-02-27 10:05:25,0.08313800,0.08400000
2018-02-27 10:05:25,0.08306000,0.32400000
2018-02-27 10:05:25,0.08306000,0.02000000
2018-02-27 10:05:25,0.08306000,0.10100000
2018-02-27 10:05:25,0.08306000,0.55100000
2018-02-27 10:05:26,0.08313700,0.16600000
2018-02-27 10:05:26,0.08313800,1.04000000
2018-02-27 10:05:26,0.08314000,0.07400000
2018-02-27 10:05:26,0.08314100,2.95100000
2018-02-27 10:05:26,0.08314100,0.49500000
2018-02-27 10:05:27,0.08314100,0.80200000
2018-02-27 10:05:31,0.08314100,1.26600000
2018-02-27 10:05:32,0.08306000,0.00100000
2018-02-27 10:05:32,0.08305500,0.02800000
2018-02-27 10:05:33,0.08314100,1.01400000
2018-02-27 10:05:33,0.08305500,0.04100000
2018-02-27 10:05:34,0.08314100,0.01700000
2018-02-27 10:05:34,0.08314100,3.72300000
2018-02-27 10:05:34,0.08314900,0.02800000
2018-02-27 10:05:34,0.08315000,0.47900000
2018-02-27 10:05:34,0.08305500,0.01700000
2018-02-27 10:05:35,0.08314200,0.02000000
2018-02-27 10:05:35,0.08315000,0.78100000
2018-02-27 10:05:36,0.08306200,0.08900000
2018-02-27 10:05:36,0.08314800,0.04100000
2018-02-27 10:05:36,0.08314900,3.97900000
2018-02-27 10:05:36,0.08306300,0.61700000
2018-02-27 10:05:36,0.08306200,0.50800000
2018-02-27 10:05:37,0.08306200,0.61700000
2018-02-27 10:05:37,0.08306200,0.00100000
2018-02-27 10:05:37,0.08306000,0.18000000
2018-02-27 10:05:37,0.08305600,0.04100000
2018-02-27 10:05:37,0.08305500,0.00300000
2018-02-27 10:05:37,0.08305400,0.39200000
2018-02-27 10:05:37,0.08305400,0.36400000
2018-02-27 10:05:37,0.08305400,0.88000000
2018-02-27 10:05:38,0.08314700,0.02500000
2018-02-27 10:05:38,0.08314700,0.01600000
2018-02-27 10:05:38,0.08314800,0.08400000
2018-02-27 10:05:38,0.08305600,0.01700000
2018-02-27 10:05:40,0.08305900,0.06000000
2018-02-27 10:05:41,0.08305800,0.01900000
2018-02-27 10:05:41,0.08305900,0.14800000
2018-02-27 10:05:42,0.08305900,0.48600000
2018-02-27 10:05:42,0.08314400,0.02500000
2018-02-27 10:05:43,0.08305900,0.02000000
2018-02-27 10:05:43,0.08305900,0.02000000
2018-02-27 10:05:43,0.08305800,0.02000000
2018-02-27 10:05:43,0.08305500,0.07700000
2018-02-27 10:05:44,0.08305800,0.01900000
2018-02-27 10:05:44,0.08314400,0.01900000
2018-02-27 10:05:45,0.08314300,0.01400000
2018-02-27 10:05:45,0.08314300,0.63800000
2018-02-27 10:05:46,0.08314200,0.19900000
2018-02-27 10:05:47,0.08314200,0.36400000
2018-02-27 10:05:47,0.08314300,0.02000000
2018-02-27 10:05:48,0.08314300,0.01900000
2018-02-27 10:05:50,0.08305800,0.00100000
2018-02-27 10:05:50,0.08305500,2.36900000
2018-02-27 10:05:50,0.08305800,0.02000000
2018-02-27 10:05:50,0.08305800,0.01600000
2018-02-27 10:05:50,0.08314300,0.00100000
2018-02-27 10:05:50,0.08314400,0.02000000
2018-02-27 10:05:50,0.08314400,0.02000000
2018-02-27 10:05:50,0.08314400,0.02000000
2018-02-27 10:05:50,0.08314400,0.02000000
2018-02-27 10:05:50,0.08314400,0.02000000
2018-02-27 10:05:50,0.08314400,0.01500000
2018-02-27 10:05:51,0.08314300,0.00500000
2018-02-27 10:05:51,0.08314900,2.44600000
2018-02-27 10:05:51,0.08314400,0.36500000
2018-02-27 10:05:51,0.08314400,0.48600000
2018-02-27 10:05:51,0.08314400,0.36500000
2018-02-27 10:05:51,0.08314400,0.36500000
2018-02-27 10:05:51,0.08314400,0.03500000
2018-02-27 10:05:52,0.08314400,0.40000000
2018-02-27 10:05:52,0.08314400,0.03400000
2018-02-27 10:05:52,0.08314400,1.00500000
2018-02-27 10:05:52,0.08314400,1.20600000
2018-02-27 10:05:52,0.08314900,0.13100000
2018-02-27 10:05:52,0.08315000,0.56500000
2018-02-27 10:05:52,0.08314400,0.01300000
2018-02-27 10:05:52,0.08314400,0.03300000
2018-02-27 10:05:52,0.08305800,0.00400000
2018-02-27 10:05:52,0.08305400,0.04100000
2018-02-27 10:05:52,0.08305800,0.02000000
2018-02-27 10:05:52,0.08305400,0.92200000
2018-02-27 10:05:52,0.08314400,0.00500000
2018-02-27 10:05:53,0.08314400,0.10800000
2018-02-27 10:05:53,0.08306100,0.13000000
2018-02-27 10:05:53,0.08306100,0.02100000
2018-02-27 10:05:53,0.08306000,0.58100000
2018-02-27 10:05:53,0.08306100,0.01900000
2018-02-27 10:05:54,0.08305800,0.02000000
2018-02-27 10:05:54,0.08305800,0.02000000
2018-02-27 10:05:54,0.08305500,0.14500000
2018-02-27 10:05:55,0.08305800,0.02000000
2018-02-27 10:05:55,0.08305800,0.02000000
2018-02-27 10:05:55,0.08305800,0.01700000
2018-02-27 10:05:57,0.08305800,0.00300000
2018-02-27 10:05:57,0.08305500,0.15400000
2018-02-27 10:05:57,0.08305800,0.01900000
2018-02-27 10:05:57,0.08314300,0.02000000
2018-02-27 10:05:57,0.08314800,0.13100000
2018-02-27 10:05:57,0.08314900,0.56300000
2018-02-27 10:05:57,0.08314300,0.02000000
2018-02-27 10:05:57,0.08314900,0.07100000
2018-02-27 10:05:57,0.08315000,0.30800000
2018-02-27 10:05:57,0.08314300,0.02000000
2018-02-27 10:05:57,0.08315000,0.27900000
2018-02-27 10:05:57,0.08305800,0.00100000
2018-02-27 10:05:57,0.08305500,0.26900000
2018-02-27 10:05:58,0.08305800,0.01700000
2018-02-27 10:05:58,0.08314200,0.05100000
2018-02-27 10:05:59,0.08314200,0.19900000
2018-02-27 10:06:06,0.08305700,0.01900000
2018-02-27 10:06:06,0.08305700,0.00100000
2018-02-27 10:06:06,0.08305600,0.01600000
2018-02-27 10:06:06,0.08305700,0.00100000
2018-02-27 10:06:06,0.08305700,0.01700000
2018-02-27 10:06:06,0.08313900,0.56800000
2018-02-27 10:06:07,0.08314000,0.23800000
2018-02-27 10:06:08,0.08305800,0.13100000
2018-02-27 10:06:08,0.08305800,0.02100000
2018-02-27 10:06:08,0.08305600,0.04200000
2018-02-27 10:06:08,0.08305800,0.01900000
2018-02-27 10:06:08,0.08314000,0.09400000
2018-02-27 10:06:08,0.08314300,0.22400000
2018-02-27 10:06:08,0.08305800,0.00100000
2018-02-27 10:06:08,0.08305600,0.02300000
2018-02-27 10:06:08,0.08305800,0.02000000
2018-02-27 10:06:08,0.08305800,0.26800000
2018-02-27 10:06:09,0.08305600,0.10900000
2018-02-27 10:06:09,0.08305600,0.00400000
2018-02-27 10:06:09,0.08305500,0.02700000
2018-02-27 10:06:09,0.08314200,0.13100000
2018-02-27 10:06:09,0.08305500,0.64100000
2018-02-27 10:06:09,0.08314200,0.00100000
2018-02-27 10:06:09,0.08314300,0.20300000
2018-02-27 10:06:09,0.08305500,1.75200000
2018-02-27 10:06:09,0.08305500,0.31800000
2018-02-27 10:06:10,0.08314300,1.51200000
2018-02-27 10:06:10,0.08314200,0.11600000
2018-02-27 10:06:10,0.08314200,0.11600000
2018-02-27 10:06:10,0.08314200,0.56400000
2018-02-27 10:06:11,0.08314200,1.37600000
2018-02-27 10:06:11,0.08314100,0.01800000
2018-02-27 10:06:12,0.08314100,0.00200000
2018-02-27 10:06:12,0.08314200,0.02000000
2018-02-27 10:06:12,0.08314200,0.02100000
2018-02-27 10:06:13,0.08314200,0.01400000
2018-02-27 10:06:16,0.08314100,0.02100000
2018-02-27 10:06:17,0.08314100,0.02000000
2018-02-27 10:06:18,0.08305700,0.02000000
2018-02-27 10:06:18,0.08305500,0.13200000
2018-02-27 10:06:18,0.08305400,0.04700000
2018-02-27 10:06:19,0.08314200,0.02900000
2018-02-27 10:06:20,0.08314200,0.48100000
2018-02-27 10:06:20,0.08305900,0.02000000
2018-02-27 10:06:20,0.08305800,1.00200000
2018-02-27 10:06:20,0.08314300,0.01900000
2018-02-27 10:06:21,0.08306000,0.01900000
2018-02-27 10:06:21,0.08314400,0.03300000
2018-02-27 10:06:21,0.08314400,0.00100000
2018-02-27 10:06:21,0.08314800,0.01700000
2018-02-27 10:06:22,0.08314400,0.01900000
2018-02-27 10:06:23,0.08314400,0.00100000
2018-02-27 10:06:23,0.08314800,0.47400000
2018-02-27 10:06:23,0.08314400,0.01900000
2018-02-27 10:06:23,0.08314400,0.00100000
2018-02-27 10:06:23,0.08314800,0.01800000
2018-02-27 10:06:23,0.08314400,0.01900000
2018-02-27 10:06:25,0.08314400,0.00100000
2018-02-27 10:06:25,0.08314400,0.01900000
2018-02-27 10:06:25,0.08314400,0.00100000
2018-02-27 10:06:25,0.08314900,0.13900000
2018-02-27 10:06:25,0.08306200,0.06700000
2018-02-27 10:06:26,0.08314400,0.02000000
2018-02-27 10:06:26,0.08314900,0.04000000
2018-02-27 10:06:26,0.08314900,0.01900000
2018-02-27 10:06:26,0.08306300,0.13200000
2018-02-27 10:06:26,0.08306200,0.36800000
2018-02-27 10:06:26,0.08314400,0.02000000
2018-02-27 10:06:26,0.08314900,0.03100000
2018-02-27 10:06:26,0.08314400,0.01900000
2018-02-27 10:06:26,0.08306200,0.13200000
2018-02-27 10:06:26,0.08314500,0.01900000
2018-02-27 10:06:26,0.08306200,0.48200000
2018-02-27 10:06:26,0.08314500,0.00100000
2018-02-27 10:06:26,0.08314900,0.24900000
2018-02-27 10:06:26,0.08314500,0.02000000
2018-02-27 10:06:26,0.08314900,0.12000000
2018-02-27 10:06:26,0.08314900,0.62300000
2018-02-27 10:06:26,0.08306200,0.50000000
2018-02-27 10:06:26,0.08306200,0.46000000
2018-02-27 10:06:27,0.08314900,0.25000000
2018-02-27 10:06:27,0.08314800,0.04500000
2018-02-27 10:06:27,0.08314800,0.08700000
2018-02-27 10:06:27,0.08314900,0.04400000
2018-02-27 10:06:27,0.08314900,0.13100000
2018-02-27 10:06:27,0.08306200,0.01800000
2018-02-27 10:06:27,0.08306000,0.00100000
2018-02-27 10:06:27,0.08305900,0.18100000
2018-02-27 10:06:27,0.08314900,0.06800000
2018-02-27 10:06:27,0.08314900,0.25000000
2018-02-27 10:06:27,0.08314900,0.64700000
2018-02-27 10:06:27,0.08314900,0.14000000
2018-02-27 10:06:27,0.08314900,0.25000000
2018-02-27 10:06:28,0.08314900,0.80400000
2018-02-27 10:06:28,0.08306100,0.13200000
2018-02-27 10:06:28,0.08306000,0.02000000
2018-02-27 10:06:28,0.08305900,1.42600000
2018-02-27 10:06:28,0.08306000,0.01700000
2018-02-27 10:06:29,0.08314800,0.15100000
2018-02-27 10:06:29,0.08314900,1.12900000
2018-02-27 10:06:29,0.08306100,0.06300000
2018-02-27 10:06:29,0.08306100,0.20300000
2018-02-27 10:06:31,0.08314600,0.12000000
2018-02-27 10:06:32,0.08305900,0.06300000
2018-02-27 10:06:32,0.08307000,0.34200000
2018-02-27 10:06:33,0.08307000,0.32200000
2018-02-27 10:06:35,0.08307000,1.23300000
2018-02-27 10:06:38,0.08307000,0.31400000
2018-02-27 10:06:38,0.08307000,0.01700000
2018-02-27 10:06:39,0.08307000,0.01500000
2018-02-27 10:06:39,0.08307000,1.39200000
2018-02-27 10:06:40,0.08307000,0.03700000
2018-02-27 10:06:40,0.08305900,0.83300000
2018-02-27 10:06:40,0.08305700,0.02000000
2018-02-27 10:06:40,0.08305500,0.06800000
2018-02-27 10:06:40,0.08305400,0.13300000
2018-02-27 10:06:41,0.08305800,0.95500000
2018-02-27 10:06:41,0.08314500,0.09400000
2018-02-27 10:06:42,0.08305800,1.20300000
2018-02-27 10:06:42,0.08305800,0.28200000
2018-02-27 10:06:42,0.08314400,0.37400000
2018-02-27 10:06:42,0.08314300,1.48700000
2018-02-27 10:06:43,0.08305700,0.02000000
2018-02-27 10:06:43,0.08305500,0.07400000
2018-02-27 10:06:43,0.08305400,0.39600000
2018-02-27 10:06:43,0.08305700,0.02000000
2018-02-27 10:06:43,0.08305700,0.02000000
2018-02-27 10:06:43,0.08305700,0.02000000
2018-02-27 10:06:43,0.08305700,0.00400000
2018-02-27 10:06:44,0.08305900,0.02000000
2018-02-27 10:06:44,0.08305700,0.01600000
2018-02-27 10:06:44,0.08305500,0.00300000
2018-02-27 10:06:44,0.08307000,0.09800000
2018-02-27 10:06:44,0.08305700,0.02000000
2018-02-27 10:06:44,0.08305500,0.07700000
2018-02-27 10:06:44,0.08314300,0.04600000
2018-02-27 10:06:45,0.08305700,0.02000000
2018-02-27 10:06:45,0.08305600,0.01900000
2018-02-27 10:06:45,0.08305700,0.02000000
2018-02-27 10:06:45,0.08305600,0.00600000
2018-02-27 10:06:46,0.08305700,0.02000000
2018-02-27 10:06:46,0.08305800,0.01900000
2018-02-27 10:06:46,0.08305800,0.00200000
2018-02-27 10:06:46,0.08305700,0.01700000
2018-02-27 10:06:47,0.08305800,0.71500000
2018-02-27 10:06:47,0.08305800,0.00100000
2018-02-27 10:06:47,0.08305700,0.00300000
2018-02-27 10:06:47,0.08305600,0.02100000
2018-02-27 10:06:47,0.08305500,0.69000000
2018-02-27 10:06:47,0.08305500,0.44600000
2018-02-27 10:06:47,0.08305500,0.26000000
2018-02-27 10:06:47,0.08305400,0.05000000
2018-02-27 10:06:48,0.08305400,0.06300000
2018-02-27 10:06:48,0.08305400,0.42300000
2018-02-27 10:06:48,0.08305600,0.06200000
2018-02-27 10:06:49,0.08305600,4.19900000
2018-02-27 10:06:49,0.08313800,0.15100000
2018-02-27 10:06:50,0.08305600,0.02600000
2018-02-27 10:06:50,0.08305600,0.40000000
2018-02-27 10:06:50,0.08305600,0.60200000
2018-02-27 10:06:51,0.08305600,0.05000000
2018-02-27 10:06:52,0.08305600,1.20300000
2018-02-27 10:06:52,0.08305600,1.37900000
2018-02-27 10:06:52,0.08305600,0.71300000
2018-02-27 10:06:53,0.08305600,0.40000000
2018-02-27 10:06:54,0.08305600,0.02600000
2018-02-27 10:06:55,0.08305600,0.40000000
2018-02-27 10:06:57,0.08305600,0.56000000
2018-02-27 10:06:57,0.08305600,0.55900000
2018-02-27 10:06:57,0.08305600,0.24000000
2018-02-27 10:06:57,0.08305600,0.24200000
2018-02-27 10:06:57,0.08305600,0.01000000
2018-02-27 10:06:57,0.08305600,0.10200000
2018-02-27 10:06:58,0.08309000,0.34300000
2018-02-27 10:06:58,0.08309000,0.05600000
2018-02-27 10:06:58,0.08309000,0.00100000
2018-02-27 10:06:58,0.08309000,0.02300000
2018-02-27 10:06:58,0.08309000,0.00100000
2018-02-27 10:06:58,0.08309000,0.02500000
2018-02-27 10:06:58,0.08309000,0.02400000
2018-02-27 10:06:58,0.08309000,0.77100000
2018-02-27 10:06:58,0.08309000,0.09000000
2018-02-27 10:06:58,0.08309000,0.04700000
2018-02-27 10:06:59,0.08309000,0.33400000
2018-02-27 10:06:59,0.08309000,0.05000000
2018-02-27 10:06:59,0.08305600,0.01400000
2018-02-27 10:06:59,0.08305600,2.25600000
2018-02-27 10:06:59,0.08305600,0.60200000
2018-02-27 10:07:00,0.08305600,0.14900000
2018-02-27 10:07:01,0.08305600,1.20300000
2018-02-27 10:07:01,0.08305600,0.30600000
2018-02-27 10:07:01,0.08309000,0.01300000
2018-02-27 10:07:01,0.08305600,0.60200000
2018-02-27 10:07:02,0.08305600,0.02600000
2018-02-27 10:07:02,0.08309000,3.64500000
2018-02-27 10:07:03,0.08305600,0.45800000
2018-02-27 10:07:03,0.08305600,0.60200000
2018-02-27 10:07:04,0.08305600,0.14000000
2018-02-27 10:07:06,0.08305600,0.01400000
2018-02-27 10:07:06,0.08305600,5.20800000
2018-02-27 10:07:06,0.08305600,0.01100000
2018-02-27 10:07:06,0.08305600,0.80600000
2018-02-27 10:07:07,0.08312800,1.20200000
2018-02-27 10:07:07,0.08312800,0.27300000
2018-02-27 10:07:07,0.08305600,4.86600000
2018-02-27 10:07:07,0.08312800,0.02100000
2018-02-27 10:07:07,0.08312800,0.00300000
2018-02-27 10:07:07,0.08305700,0.02000000
2018-02-27 10:07:08,0.08312900,0.23900000
2018-02-27 10:07:09,0.08305600,0.13000000
2018-02-27 10:07:09,0.08311200,0.99900000
2018-02-27 10:07:09,0.08311200,0.00100000
2018-02-27 10:07:09,0.08312900,0.00100000
2018-02-27 10:07:09,0.08313800,0.90000000
2018-02-27 10:07:09,0.08313800,0.34200000
2018-02-27 10:07:09,0.08314400,0.86700000
2018-02-27 10:07:09,0.08314900,0.09500000
2018-02-27 10:07:09,0.08315000,4.91800000
2018-02-27 10:07:10,0.08313800,0.12800000
2018-02-27 10:07:10,0.08313800,0.27100000
2018-02-27 10:07:10,0.08305900,0.09400000
2018-02-27 10:07:10,0.08305800,0.00700000
2018-02-27 10:07:11,0.08312900,1.20200000
2018-02-27 10:07:11,0.08312900,1.37100000
2018-02-27 10:07:11,0.08305600,0.10100000
2018-02-27 10:07:12,0.08305600,0.01900000
2018-02-27 10:07:13,0.08312900,0.23100000
2018-02-27 10:07:13,0.08305600,0.05000000
2018-02-27 10:07:13,0.08312900,2.40300000
2018-02-27 10:07:13,0.08305600,0.40000000
2018-02-27 10:07:14,0.08305700,0.21800000
2018-02-27 10:07:15,0.08305600,0.40000000
2018-02-27 10:07:18,0.08312900,0.00800000
2018-02-27 10:07:19,0.08305600,0.04100000
2018-02-27 10:07:19,0.08305600,0.04100000
2018-02-27 10:07:19,0.08312900,2.30200000
2018-02-27 10:07:19,0.08312900,12.54900000
2018-02-27 10:07:20,0.08305600,0.02600000
2018-02-27 10:07:21,0.08305700,0.61600000
2018-02-27 10:07:21,0.08305700,0.35000000
2018-02-27 10:07:22,0.08305700,0.65300000
2018-02-27 10:07:22,0.08305600,0.13500000
2018-02-27 10:07:22,0.08313800,0.00100000
2018-02-27 10:07:22,0.08314400,0.00200000
2018-02-27 10:07:22,0.08314400,0.01700000
2018-02-27 10:07:23,0.08314300,0.26000000
2018-02-27 10:07:24,0.08305800,1.20300000
2018-02-27 10:07:24,0.08305800,0.01800000
2018-02-27 10:07:24,0.08305800,0.00100000
2018-02-27 10:07:24,0.08305700,0.02000000
2018-02-27 10:07:24,0.08305600,0.00900000
2018-02-27 10:07:25,0.08305700,0.11200000
2018-02-27 10:07:25,0.08305600,0.10500000
2018-02-27 10:07:26,0.08314100,0.01600000
2018-02-27 10:07:27,0.08305600,0.12000000
2018-02-27 10:07:28,0.08305600,0.10100000
2018-02-27 10:07:29,0.08313100,0.02400000
2018-02-27 10:07:29,0.08313100,0.14700000
2018-02-27 10:07:29,0.08305600,0.92400000
2018-02-27 10:07:31,0.08305600,1.24000000
2018-02-27 10:07:31,0.08313100,0.10000000
2018-02-27 10:07:32,0.08313100,0.71600000
2018-02-27 10:07:32,0.08313200,0.40300000
2018-02-27 10:07:33,0.08313200,1.13700000
2018-02-27 10:07:33,0.08313200,0.04800000
2018-02-27 10:07:33,0.08313200,1.20100000
2018-02-27 10:07:33,0.08313200,0.59400000
2018-02-27 10:07:33,0.08305600,0.61200000
2018-02-27 10:07:33,0.08305600,0.29700000
2018-02-27 10:07:33,0.08305600,0.01700000
2018-02-27 10:07:33,0.08313200,0.02800000
2018-02-27 10:07:34,0.08313200,0.00100000
2018-02-27 10:07:34,0.08314200,0.08900000
2018-02-27 10:07:34,0.08314200,0.28100000
2018-02-27 10:07:35,0.08305700,0.78000000
2018-02-27 10:07:35,0.08314200,0.02300000
2018-02-27 10:07:38,0.08313300,0.05000000
2018-02-27 10:07:38,0.08314200,0.82900000
2018-02-27 10:07:38,0.08314300,0.10000000
2018-02-27 10:07:38,0.08314500,0.02100000
2018-02-27 10:07:38,0.08314500,0.39900000
2018-02-27 10:07:39,0.08305900,0.04400000
2018-02-27 10:07:40,0.08314200,0.04700000
2018-02-27 10:07:41,0.08314200,0.01800000
2018-02-27 10:07:41,0.08314200,0.14500000
2018-02-27 10:07:42,0.08314500,0.01800000
2018-02-27 10:07:42,0.08306000,0.02000000
2018-02-27 10:07:42,0.08305900,0.02500000
2018-02-27 10:07:42,0.08306000,0.01900000
2018-02-27 10:07:43,0.08306000,0.06400000
2018-02-27 10:07:43,0.08314600,0.13100000
2018-02-27 10:07:44,0.08306100,0.08500000
2018-02-27 10:07:44,0.08306100,0.15400000
2018-02-27 10:07:46,0.08314500,0.22200000
2018-02-27 10:07:46,0.08306200,0.02900000
2018-02-27 10:07:46,0.08314500,0.41400000
2018-02-27 10:07:47,0.08306200,0.32600000
2018-02-27 10:07:47,0.08314700,0.79900000
2018-02-27 10:07:49,0.08306400,0.11400000
2018-02-27 10:07:50,0.08306200,0.00200000
2018-02-27 10:07:50,0.08306000,0.02000000
2018-02-27 10:07:50,0.08305900,0.15500000
2018-02-27 10:07:50,0.08305700,1.95400000
2018-02-27 10:07:51,0.08313800,0.05000000
2018-02-27 10:07:51,0.08314700,0.00100000
2018-02-27 10:07:51,0.08314800,0.05700000
2018-02-27 10:07:51,0.08314900,0.11400000
2018-02-27 10:07:51,0.08305900,0.02000000
2018-02-27 10:07:51,0.08305600,0.03300000
2018-02-27 10:07:52,0.08306100,0.60600000
2018-02-27 10:07:55,0.08314600,0.06300000
2018-02-27 10:07:56,0.08306000,0.03000000
2018-02-27 10:07:57,0.08314500,0.04900000
2018-02-27 10:07:57,0.08306000,0.02400000
2018-02-27 10:07:57,0.08314500,0.07800000
2018-02-27 10:07:58,0.08314400,0.01800000
2018-02-27 10:07:59,0.08306000,0.02000000
2018-02-27 10:08:00,0.08306200,0.07700000
2018-02-27 10:08:00,0.08306100,0.02800000
2018-02-27 10:08:01,0.08314400,0.19600000
2018-02-27 10:08:01,0.08306300,0.08400000
2018-02-27 10:08:02,0.08306300,2.18700000
2018-02-27 10:08:02,0.08306300,0.29400000
2018-02-27 10:08:02,0.08306300,0.80500000
2018-02-27 10:08:02,0.08306300,1.89200000
2018-02-27 10:08:02,0.08306300,0.04300000
2018-02-27 10:08:02,0.08306300,0.08000000
2018-02-27 10:08:03,0.08306300,0.03500000
2018-02-27 10:08:04,0.08306400,0.74900000
2018-02-27 10:08:06,0.08305800,0.35900000
2018-02-27 10:08:07,0.08305900,0.02400000
2018-02-27 10:08:07,0.08312700,0.02300000
2018-02-27 10:08:07,0.08305900,0.36100000
2018-02-27 10:08:07,0.08312700,0.14100000
2018-02-27 10:08:07,0.08305900,0.14500000
2018-02-27 10:08:07,0.08312600,0.04700000
2018-02-27 10:08:07,0.08312600,0.09900000
2018-02-27 10:08:08,0.08305900,0.05300000
2018-02-27 10:08:08,0.08312600,1.38000000
2018-02-27 10:08:09,0.08312700,0.83600000
2018-02-27 10:08:09,0.08313900,0.61700000
2018-02-27 10:08:09,0.08314400,1.74400000
2018-02-27 10:08:09,0.08305900,0.91000000
2018-02-27 10:08:09,0.08305900,0.78500000
2018-02-27 10:08:09,0.08305900,0.10200000
2018-02-27 10:08:09,0.08305900,0.31100000
2018-02-27 10:08:09,0.08305900,0.00600000
2018-02-27 10:08:09,0.08305900,2.18700000
2018-02-27 10:08:09,0.08305900,0.06000000
2018-02-27 10:08:09,0.08305900,0.36500000
2018-02-27 10:08:09,0.08305900,0.32100000
2018-02-27 10:08:09,0.08305900,1.53000000
2018-02-27 10:08:09,0.08305800,1.36800000
2018-02-27 10:08:09,0.08305800,0.05700000
2018-02-27 10:08:09,0.08305800,0.26500000
2018-02-27 10:08:09,0.08305800,0.77600000
2018-02-27 10:08:09,0.08305800,0.26500000
2018-02-27 10:08:09,0.08305800,0.34200000
2018-02-27 10:08:09,0.08306000,0.10000000
2018-02-27 10:08:10,0.08305800,0.08300000
2018-02-27 10:08:10,0.08314200,0.36600000
2018-02-27 10:08:10,0.08314400,0.43500000
2018-02-27 10:08:10,0.08305800,0.15600000
2018-02-27 10:08:10,0.08305800,1.23000000
2018-02-27 10:08:10,0.08314400,0.03700000
2018-02-27 10:08:12,0.08314300,0.02400000
2018-02-27 10:08:12,0.08314300,0.07500000
2018-02-27 10:08:12,0.08314400,2.80700000
2018-02-27 10:08:13,0.08306600,0.01500000
2018-02-27 10:08:13,0.08306600,0.01900000
2018-02-27 10:08:13,0.08306700,0.02500000
2018-02-27 10:08:14,0.08306600,0.04900000
2018-02-27 10:08:15,0.08306600,0.37100000
2018-02-27 10:08:15,0.08314500,0.47800000
2018-02-27 10:08:15,0.08306600,0.26100000
2018-02-27 10:08:16,0.08306700,0.23600000
2018-02-27 10:08:16,0.08306700,2.13100000
2018-02-27 10:08:17,0.08306700,0.02400000
2018-02-27 10:08:17,0.08306700,0.08500000
2018-02-27 10:08:17,0.08314400,0.09900000
2018-02-27 10:08:19,0.08314400,0.00100000
2018-02-27 10:08:19,0.08306600,0.13000000
2018-02-27 10:08:20,0.08306600,1.20300000
2018-02-27 10:08:20,0.08306600,4.83800000
2018-02-27 10:08:20,0.08306700,0.02900000
2018-02-27 10:08:20,0.08306700,0.03600000
2018-02-27 10:08:20,0.08306700,0.20400000
2018-02-27 10:08:20,0.08306700,0.06600000
2018-02-27 10:08:21,0.08313600,0.01300000
2018-02-27 10:08:21,0.08313600,0.00700000
2018-02-27 10:08:21,0.08314400,0.01100000
2018-02-27 10:08:22,0.08313600,0.02400000
2018-02-27 10:08:22,0.08306700,0.02300000
2018-02-27 10:08:22,0.08314400,0.02700000
2018-02-27 10:08:22,0.08306700,0.02200000
2018-02-27 10:08:22,0.08314400,0.00100000
2018-02-27 10:08:22,0.08314500,0.00100000
2018-02-27 10:08:22,0.08314500,0.02400000
2018-02-27 10:08:22,0.08314600,0.12700000
2018-02-27 10:08:22,0.08314600,0.13800000
2018-02-27 10:08:22,0.08314600,0.33400000
2018-02-27 10:08:22,0.08314600,0.02400000
2018-02-27 10:08:22,0.08314900,0.02000000
2018-02-27 10:08:22,0.08315000,0.31300000
2018-02-27 10:08:22,0.08306700,0.40000000
2018-02-27 10:08:22,0.08314900,0.01900000
2018-02-27 10:08:23,0.08306600,0.08500000
2018-02-27 10:08:23,0.08306600,0.12000000
2018-02-27 10:08:23,0.08314900,0.00100000
2018-02-27 10:08:23,0.08314900,0.02000000
2018-02-27 10:08:23,0.08314900,0.00400000
2018-02-27 10:08:23,0.08314900,0.01500000
2018-02-27 10:08:23,0.08306700,0.04000000
2018-02-27 10:08:24,0.08314400,0.03900000
2018-02-27 10:08:24,0.08314900,0.13200000
2018-02-27 10:08:24,0.08315000,26.88500000
2018-02-27 10:08:24,0.08315600,0.40000000
2018-02-27 10:08:24,0.08315900,0.04800000
2018-02-27 10:08:24,0.08316000,0.84700000
2018-02-27 10:08:24,0.08316200,0.06400000
2018-02-27 10:08:24,0.08316500,0.05000000
2018-02-27 10:08:24,0.08316700,0.29700000
2018-02-27 10:08:24,0.08316800,2.05900000
2018-02-27 10:08:24,0.08316800,0.03800000
2018-02-27 10:08:24,0.08314900,0.02000000
2018-02-27 10:08:24,0.08314900,0.02000000
2018-02-27 10:08:24,0.08314900,0.12900000
2018-02-27 10:08:24,0.08306600,0.05700000
2018-02-27 10:08:24,0.08306600,0.09700000
2018-02-27 10:08:24,0.08306600,0.14800000
2018-02-27 10:08:24,0.08314900,0.56400000
2018-02-27 10:08:24,0.08314900,5.80600000
2018-02-27 10:08:24,0.08316700,0.01900000
2018-02-27 10:08:24,0.08315700,0.02000000
2018-02-27 10:08:24,0.08316700,0.09300000
2018-02-27 10:08:24,0.08316800,0.28600000
2018-02-27 10:08:25,0.08314600,0.12000000
2018-02-27 10:08:25,0.08314600,0.62500000
2018-02-27 10:08:25,0.08314500,0.02400000
2018-02-27 10:08:25,0.08306900,0.09500000
2018-02-27 10:08:25,0.08306900,0.03600000
2018-02-27 10:08:25,0.08306800,0.01400000
2018-02-27 10:08:25,0.08306800,0.01600000
2018-02-27 10:08:25,0.08306800,0.46800000
2018-02-27 10:08:25,0.08315700,0.01900000
2018-02-27 10:08:25,0.08306800,0.13900000
2018-02-27 10:08:26,0.08315600,0.05300000
2018-02-27 10:08:26,0.08307000,0.02000000
2018-02-27 10:08:26,0.08315600,0.00100000
2018-02-27 10:08:26,0.08315800,0.03900000
2018-02-27 10:08:26,0.08307100,0.12100000
2018-02-27 10:08:26,0.08315800,0.36000000
2018-02-27 10:08:26,0.08307100,0.40000000
2018-02-27 10:08:27,0.08307100,0.11700000
2018-02-27 10:08:28,0.08307200,1.53000000
2018-02-27 10:08:28,0.08307100,0.30300000
2018-02-27 10:08:28,0.08307000,0.16700000
2018-02-27 10:08:28,0.08307100,0.02000000
2018-02-27 10:08:28,0.08307000,0.09900000
2018-02-27 10:08:28,0.08307100,0.02000000
2018-02-27 10:08:28,0.08307000,0.59600000
2018-02-27 10:08:28,0.08314000,0.07900000
2018-02-27 10:08:29,0.08314000,0.03600000
2018-02-27 10:08:31,0.08307300,0.01800000
2018-02-27 10:08:31,0.08314000,0.00100000
2018-02-27 10:08:32,0.08314000,0.02300000
2018-02-27 10:08:32,0.08307400,0.02200000
2018-02-27 10:08:32,0.08307400,0.01700000
2018-02-27 10:08:32,0.08307400,0.02000000
2018-02-27 10:08:33,0.08307600,0.44800000
2018-02-27 10:08:34,0.08315600,0.41300000
2018-02-27 10:08:34,0.08315600,0.44900000
2018-02-27 10:08:34,0.08315700,0.16700000
2018-02-27 10:08:34,0.08315700,0.44900000
2018-02-27 10:08:35,0.08307800,0.02600000
2018-02-27 10:08:36,0.08307800,0.66600000
2018-02-27 10:08:36,0.08307800,0.01400000
2018-02-27 10:08:36,0.08315800,0.00100000
2018-02-27 10:08:36,0.08315900,0.04500000
2018-02-27 10:08:36,0.08315900,0.00100000
2018-02-27 10:08:36,0.08316200,0.03500000
2018-02-27 10:08:36,0.08316400,0.02000000
2018-02-27 10:08:36,0.08316400,0.02000000
2018-02-27 10:08:36,0.08316700,0.13100000
2018-02-27 10:08:37,0.08316400,0.02000000
2018-02-27 10:08:37,0.08316800,8.65000000
2018-02-27 10:08:37,0.08308100,0.01900000
2018-02-27 10:08:37,0.08315900,0.03300000
2018-02-27 10:08:37,0.08308100,0.03400000
2018-02-27 10:08:37,0.08315900,0.05000000
2018-02-27 10:08:39,0.08308000,0.07800000
2018-02-27 10:08:39,0.08315900,0.31700000
2018-02-27 10:08:39,0.08308000,0.00100000
2018-02-27 10:08:39,0.08307800,0.15300000
2018-02-27 10:08:40,0.08307800,0.10600000
2018-02-27 10:08:40,0.08307800,0.63100000
2018-02-27 10:08:40,0.08307700,0.02000000
2018-02-27 10:08:40,0.08307500,0.61700000
2018-02-27 10:08:40,0.08307400,0.32200000
2018-02-27 10:08:40,0.08306800,0.56200000
2018-02-27 10:08:40,0.08306700,0.61900000
2018-02-27 10:08:40,0.08316400,0.02000000
2018-02-27 10:08:40,0.08316500,0.02000000
2018-02-27 10:08:40,0.08316500,0.02000000
2018-02-27 10:08:40,0.08316500,1.00000000
2018-02-27 10:08:40,0.08316500,0.02000000
2018-02-27 10:08:40,0.08316500,0.84900000
2018-02-27 10:08:40,0.08316500,0.02000000
2018-02-27 10:08:41,0.08316500,0.02000000
2018-02-27 10:08:41,0.08316500,0.61700000
2018-02-27 10:08:41,0.08316500,0.66500000
2018-02-27 10:08:41,0.08316500,0.02300000
2018-02-27 10:08:41,0.08316700,0.03700000
2018-02-27 10:08:41,0.08316500,0.04200000
2018-02-27 10:08:41,0.08316500,0.08100000
2018-02-27 10:08:41,0.08316500,0.03500000
2018-02-27 10:08:41,0.08316500,0.02100000
2018-02-27 10:08:41,0.08316500,0.40000000
2018-02-27 10:08:41,0.08316500,0.56000000
2018-02-27 10:08:41,0.08316500,4.31500000
2018-02-27 10:08:41,0.08316500,0.00100000
2018-02-27 10:08:41,0.08307700,0.02000000
2018-02-27 10:08:41,0.08306600,0.27200000
2018-02-27 10:08:41,0.08306600,0.21300000
2018-02-27 10:08:42,0.08307400,1.05700000
2018-02-27 10:08:43,0.08307400,0.02900000
2018-02-27 10:08:43,0.08316100,0.01600000
2018-02-27 10:08:43,0.08316200,0.61400000
2018-02-27 10:08:44,0.08316200,0.02000000
2018-02-27 10:08:44,0.08316300,0.04600000
2018-02-27 10:08:44,0.08307500,0.03400000
2018-02-27 10:08:44,0.08307400,0.02000000
2018-02-27 10:08:44,0.08306800,0.07900000
2018-02-27 10:08:45,0.08316000,0.01900000
2018-02-27 10:08:46,0.08316000,0.07900000
2018-02-27 10:08:46,0.08307400,0.02000000
2018-02-27 10:08:46,0.08307000,0.61700000
2018-02-27 10:08:46,0.08306800,0.05300000
2018-02-27 10:08:46,0.08306700,0.31000000
2018-02-27 10:08:46,0.08307100,0.02000000
2018-02-27 10:08:46,0.08307100,0.02000000
2018-02-27 10:08:46,0.08306700,0.06600000
2018-02-27 10:08:46,0.08307100,0.36000000
2018-02-27 10:08:46,0.08307400,0.02000000
2018-02-27 10:08:47,0.08306700,1.01000000
2018-02-27 10:08:47,0.08306600,4.87100000
2018-02-27 10:08:47,0.08306400,0.01600000
2018-02-27 10:08:47,0.08305800,0.09900000
2018-02-27 10:08:47,0.08305600,2.67400000
2018-02-27 10:08:47,0.08305700,0.07800000
2018-02-27 10:08:47,0.08305600,0.08300000
2018-02-27 10:08:47,0.08305700,0.03400000
2018-02-27 10:08:47,0.08305700,0.58300000
2018-02-27 10:08:47,0.08305600,0.05400000
2018-02-27 10:08:47,0.08307400,0.02000000
2018-02-27 10:08:47,0.08306000,0.00400000
2018-02-27 10:08:48,0.08306900,0.16300000
2018-02-27 10:08:48,0.08306900,0.23700000
2018-02-27 10:08:48,0.08315700,0.16200000
2018-02-27 10:08:48,0.08315700,0.39700000
2018-02-27 10:08:48,0.08306100,0.23700000
2018-02-27 10:08:49,0.08306200,0.02000000
2018-02-27 10:08:49,0.08306000,0.13600000
2018-02-27 10:08:49,0.08306300,0.04500000
2018-02-27 10:08:50,0.08307100,0.39700000
2018-02-27 10:08:50,0.08307100,0.00300000
2018-02-27 10:08:50,0.08315000,0.03100000
2018-02-27 10:08:50,0.08306300,0.02100000
2018-02-27 10:08:50,0.08305600,0.04500000
2018-02-27 10:08:50,0.08307000,0.02000000
2018-02-27 10:08:50,0.08314800,0.02000000
2018-02-27 10:08:50,0.08314900,1.20400000
2018-02-27 10:08:51,0.08307000,0.13500000
2018-02-27 10:08:51,0.08306200,0.01900000
2018-02-27 10:08:51,0.08314800,0.01700000
2018-02-27 10:08:51,0.08314800,0.31000000
2018-02-27 10:08:52,0.08314700,0.02400000
2018-02-27 10:08:53,0.08306900,0.39900000
2018-02-27 10:08:53,0.08306900,0.00100000
2018-02-27 10:08:53,0.08314700,0.10000000
2018-02-27 10:08:53,0.08306900,0.02500000
2018-02-27 10:08:53,0.08306200,0.00100000
2018-02-27 10:08:53,0.08305700,0.02400000
2018-02-27 10:08:53,0.08305600,0.16100000
2018-02-27 10:08:54,0.08306200,0.01900000
2018-02-27 10:08:54,0.08306200,0.00100000
2018-02-27 10:08:54,0.08305700,0.01800000
2018-02-27 10:08:54,0.08306200,0.01900000
2018-02-27 10:08:54,0.08306100,0.01900000
2018-02-27 10:08:57,0.08314000,0.11000000
2018-02-27 10:08:57,0.08306000,0.01900000
2018-02-27 10:08:58,0.08314000,0.02400000
2018-02-27 10:08:58,0.08306000,0.00100000
2018-02-27 10:08:58,0.08305700,0.02200000
2018-02-27 10:08:58,0.08305700,0.01500000
2018-02-27 10:08:58,0.08305600,0.00800000
2018-02-27 10:08:58,0.08305600,0.02300000
2018-02-27 10:08:58,0.08306000,0.01900000
2018-02-27 10:09:01,0.08314300,0.02700000
2018-02-27 10:09:01,0.08314200,0.53200000
2018-02-27 10:09:01,0.08314300,0.46500000
2018-02-27 10:09:01,0.08314400,1.08200000
2018-02-27 10:09:01,0.08314600,0.02000000
2018-02-27 10:09:01,0.08314800,0.02000000
2018-02-27 10:09:01,0.08315700,0.61700000
2018-02-27 10:09:01,0.08316000,0.02300000
2018-02-27 10:09:01,0.08316500,0.02700000
2018-02-27 10:09:01,0.08316700,0.05300000
2018-02-27 10:09:01,0.08316800,7.05100000
2018-02-27 10:09:02,0.08314800,0.01900000
2018-02-27 10:09:02,0.08314800,0.00100000
2018-02-27 10:09:02,0.08316700,0.07900000
2018-02-27 10:09:02,0.08316800,2.20200000
2018-02-27 10:09:02,0.08314800,0.02000000
2018-02-27 10:09:02,0.08316800,0.27900000
2018-02-27 10:09:02,0.08314800,0.01900000
2018-02-27 10:09:02,0.08306200,0.06000000
2018-02-27 10:09:03,0.08314700,0.02500000
2018-02-27 10:09:03,0.08306200,0.16000000
2018-02-27 10:09:03,0.08314700,0.21000000
2018-02-27 10:09:03,0.08306200,0.17000000
2018-02-27 10:09:03,0.08306200,0.17000000
2018-02-27 10:09:03,0.08306200,0.17000000
2018-02-27 10:09:03,0.08306400,0.40000000
2018-02-27 10:09:03,0.08313300,0.39900000
2018-02-27 10:09:04,0.08306500,0.02000000
2018-02-27 10:09:04,0.08306600,0.13200000
2018-02-27 10:09:04,0.08306500,0.02000000
2018-02-27 10:09:04,0.08306400,0.38000000
2018-02-27 10:09:05,0.08306500,0.12600000
2018-02-27 10:09:06,0.08306000,0.04800000
2018-02-27 10:09:06,0.08306000,0.00200000
2018-02-27 10:09:06,0.08305700,0.39800000
2018-02-27 10:09:07,0.08305700,0.02400000
2018-02-27 10:09:08,0.08306000,0.10000000
2018-02-27 10:09:09,0.08313300,0.00100000
2018-02-27 10:09:09,0.08314600,0.12600000
2018-02-27 10:09:09,0.08314700,1.34700000
2018-02-27 10:09:09,0.08314700,0.00200000
2018-02-27 10:09:09,0.08314800,0.02400000
2018-02-27 10:09:09,0.08315400,0.02000000
2018-02-27 10:09:09,0.08316100,0.13600000
2018-02-27 10:09:11,0.08306300,0.02300000
2018-02-27 10:09:11,0.08313200,0.01000000
2018-02-27 10:09:12,0.08312500,0.95000000
2018-02-27 10:09:12,0.08313200,0.11600000
2018-02-27 10:09:12,0.08313200,0.07500000
2018-02-27 10:09:12,0.08306400,0.32000000
2018-02-27 10:09:13,0.08306200,0.02900000
2018-02-27 10:09:13,0.08306100,0.01700000
2018-02-27 10:09:14,0.08306000,1.20300000
2018-02-27 10:09:14,0.08306000,0.90400000
2018-02-27 10:09:14,0.08313200,0.02400000
2018-02-27 10:09:14,0.08313200,0.38500000
2018-02-27 10:09:14,0.08315600,0.02300000
2018-02-27 10:09:14,0.08313200,0.00100000
2018-02-27 10:09:14,0.08310000,0.22900000
2018-02-27 10:09:14,0.08310000,0.04000000
2018-02-27 10:09:15,0.08310000,0.24000000
2018-02-27 10:09:15,0.08310000,0.02300000
2018-02-27 10:09:15,0.08310100,0.02300000
2018-02-27 10:09:15,0.08310000,1.61300000
2018-02-27 10:09:15,0.08310000,0.07800000
2018-02-27 10:09:15,0.08310000,1.23100000
2018-02-27 10:09:15,0.08310000,1.02800000
2018-02-27 10:09:15,0.08310000,0.17300000
2018-02-27 10:09:15,0.08310000,0.39900000
2018-02-27 10:09:15,0.08310000,0.90900000
2018-02-27 10:09:15,0.08310100,0.07200000
2018-02-27 10:09:15,0.08310100,0.02300000
2018-02-27 10:09:16,0.08310100,0.08900000
2018-02-27 10:09:17,0.08310100,0.01900000
2018-02-27 10:09:18,0.08310100,0.03900000
2018-02-27 10:09:18,0.08310100,0.02600000
2018-02-27 10:09:18,0.08310100,0.15300000
2018-02-27 10:09:19,0.08315700,0.04000000
2018-02-27 10:09:19,0.08315700,0.38100000
2018-02-27 10:09:20,0.08310100,0.29300000
2018-02-27 10:09:20,0.08315700,0.13500000
2018-02-27 10:09:20,0.08310100,0.18000000
2018-02-27 10:09:20,0.08315700,1.19400000
2018-02-27 10:09:20,0.08310100,0.18300000
2018-02-27 10:09:21,0.08310100,0.34100000
2018-02-27 10:09:22,0.08310600,0.09000000
2018-02-27 10:09:22,0.08310100,0.01700000
2018-02-27 10:09:22,0.08310600,0.30900000
2018-02-27 10:09:23,0.08310600,0.02400000
2018-02-27 10:09:23,0.08310100,0.44700000
2018-02-27 10:09:23,0.08316100,0.07000000
2018-02-27 10:09:24,0.08316100,0.00100000
2018-02-27 10:09:24,0.08316800,0.12700000
2018-02-27 10:09:25,0.08310100,0.54100000
2018-02-27 10:09:25,0.08316800,0.03800000
2018-02-27 10:09:27,0.08310100,0.05700000
2018-02-27 10:09:29,0.08310100,0.21600000
2018-02-27 10:09:29,0.08310100,0.18900000
2018-02-27 10:09:30,0.08310100,0.19300000
2018-02-27 10:09:31,0.08310100,0.17800000
2018-02-27 10:09:32,0.08310100,0.15900000
2018-02-27 10:09:32,0.08310100,0.17800000
2018-02-27 10:09:32,0.08313100,0.01600000
2018-02-27 10:09:32,0.08313100,0.05700000
2018-02-27 10:09:32,0.08313100,0.10800000
2018-02-27 10:09:32,0.08310200,0.01600000
2018-02-27 10:09:32,0.08310100,0.40000000
2018-02-27 10:09:33,0.08310100,0.12000000
2018-02-27 10:09:33,0.08312800,0.01300000
2018-02-27 10:09:33,0.08310100,0.19000000
2018-02-27 10:09:33,0.08310100,0.41600000
2018-02-27 10:09:34,0.08312800,0.02400000
2018-02-27 10:09:35,0.08312800,0.38100000
2018-02-27 10:09:36,0.08310100,0.02200000
2018-02-27 10:09:36,0.08310100,0.52600000
2018-02-27 10:09:38,0.08313100,0.08300000
2018-02-27 10:09:38,0.08313100,0.06000000
2018-02-27 10:09:38,0.08310100,0.10800000
2018-02-27 10:09:38,0.08310100,0.17200000
2018-02-27 10:09:40,0.08313100,0.01800000
2018-02-27 10:09:43,0.08310100,0.05000000
2018-02-27 10:09:44,0.08311200,0.01500000
2018-02-27 10:09:44,0.08310100,0.13400000
2018-02-27 10:09:45,0.08310100,0.17600000
2018-02-27 10:09:45,0.08310100,0.50800000
2018-02-27 10:09:45,0.08310100,0.13400000
2018-02-27 10:09:46,0.08310100,0.13400000
2018-02-27 10:09:46,0.08310100,0.50000000
2018-02-27 10:09:47,0.08310100,0.23400000
2018-02-27 10:09:50,0.08311200,0.04300000
2018-02-27 10:09:51,0.08310100,0.02100000
2018-02-27 10:09:52,0.08310100,1.20300000
2018-02-27 10:09:52,0.08310100,1.11200000
2018-02-27 10:09:52,0.08310100,0.08000000
2018-02-27 10:09:52,0.08310100,0.03700000
2018-02-27 10:09:52,0.08310100,0.50000000
2018-02-27 10:09:52,0.08310100,0.01100000
2018-02-27 10:09:53,0.08310100,0.51400000
2018-02-27 10:09:53,0.08311100,0.09700000
2018-02-27 10:09:54,0.08313900,0.55600000
2018-02-27 10:09:54,0.08310100,0.07200000
2018-02-27 10:09:56,0.08310100,0.10100000
2018-02-27 10:09:56,0.08310100,0.14200000
2018-02-27 10:09:57,0.08310100,0.06400000
2018-02-27 10:09:58,0.08310100,0.88500000
2018-02-27 10:09:58,0.08313900,0.14800000
2018-02-27 10:09:59,0.08313900,0.10800000
2018-02-27 10:10:00,0.08313900,0.16500000
2018-02-27 10:10:01,0.08310100,0.15800000
2018-02-27 10:10:01,0.08313900,0.05900000
2018-02-27 10:10:02,0.08313900,1.04900000
2018-02-27 10:10:02,0.08313900,0.12200000
2018-02-27 10:10:02,0.08313900,0.13200000
2018-02-27 10:10:02,0.08313900,0.07800000
2018-02-27 10:10:03,0.08310100,0.01600000
2018-02-27 10:10:04,0.08310100,2.07200000
2018-02-27 10:10:04,0.08310100,0.90400000
2018-02-27 10:10:05,0.08311100,0.06700000
2018-02-27 10:10:05,0.08310100,0.68300000
2018-02-27 10:10:05,0.08310100,0.39600000
2018-02-27 10:10:06,0.08310100,0.71200000
2018-02-27 10:10:06,0.08311100,0.23800000
2018-02-27 10:10:07,0.08310100,0.06200000
2018-02-27 10:10:07,0.08310100,0.06300000
2018-02-27 10:10:08,0.08310100,0.07000000
2018-02-27 10:10:08,0.08311100,0.25200000
2018-02-27 10:10:08,0.08310100,0.12400000
2018-02-27 10:10:08,0.08310100,0.16900000
2018-02-27 10:10:08,0.08310100,0.01100000
2018-02-27 10:10:08,0.08310100,1.04400000
2018-02-27 10:10:08,0.08310100,1.05800000
2018-02-27 10:10:08,0.08310100,0.09800000
2018-02-27 10:10:08,0.08310100,0.02400000
2018-02-27 10:10:09,0.08310100,0.02800000
2018-02-27 10:10:09,0.08310100,0.02400000
2018-02-27 10:10:10,0.08310100,0.55200000
2018-02-27 10:10:10,0.08311100,5.14600000
2018-02-27 10:10:11,0.08311100,0.01500000
2018-02-27 10:10:11,0.08311100,0.00900000
2018-02-27 10:10:11,0.08310100,0.34400000
2018-02-27 10:10:12,0.08310100,0.50700000
2018-02-27 10:10:12,0.08313100,0.01800000
2018-02-27 10:10:12,0.08310100,3.21400000
2018-02-27 10:10:13,0.08310100,0.01100000
2018-02-27 10:10:17,0.08310100,0.33700000
2018-02-27 10:10:17,0.08310100,0.50000000
2018-02-27 10:10:17,0.08310100,0.79600000
2018-02-27 10:10:17,0.08310100,0.00200000
2018-02-27 10:10:17,0.08310100,1.70000000
2018-02-27 10:10:18,0.08310100,0.29900000
2018-02-27 10:10:18,0.08310100,0.07700000
2018-02-27 10:10:18,0.08310100,1.04300000
2018-02-27 10:10:18,0.08310100,3.22300000
2018-02-27 10:10:18,0.08310100,0.25600000
2018-02-27 10:10:18,0.08310100,0.04900000
2018-02-27 10:10:19,0.08310100,0.07600000
2018-02-27 10:10:19,0.08310100,0.03500000
2018-02-27 10:10:19,0.08310100,0.19700000
2018-02-27 10:10:19,0.08310100,0.13000000
2018-02-27 10:10:21,0.08310100,0.01900000
2018-02-27 10:10:21,0.08310100,0.19900000
2018-02-27 10:10:22,0.08310100,0.02400000
2018-02-27 10:10:23,0.08310100,0.02400000
2018-02-27 10:10:23,0.08310100,0.02400000
2018-02-27 10:10:23,0.08310100,0.01100000
2018-02-27 10:10:24,0.08310100,0.02400000
2018-02-27 10:10:24,0.08310100,0.03100000
2018-02-27 10:10:24,0.08310100,0.03400000
2018-02-27 10:10:24,0.08310100,0.10900000
2018-02-27 10:10:24,0.08310100,0.02400000
2018-02-27 10:10:24,0.08310100,0.21000000
2018-02-27 10:10:24,0.08310100,0.21700000
2018-02-27 10:10:25,0.08310100,0.02400000
2018-02-27 10:10:25,0.08310100,0.02800000
2018-02-27 10:10:25,0.08313100,0.00400000
2018-02-27 10:10:25,0.08314400,0.09100000
2018-02-27 10:10:25,0.08316800,0.30800000
2018-02-27 10:10:25,0.08316800,0.32800000
2018-02-27 10:10:26,0.08316800,0.02500000
2018-02-27 10:10:26,0.08316800,0.42700000
2018-02-27 10:10:26,0.08316800,0.31700000
2018-02-27 10:10:26,0.08316800,0.55900000
2018-02-27 10:10:26,0.08310100,0.98600000
2018-02-27 10:10:27,0.08316800,0.05900000
2018-02-27 10:10:27,0.08316800,0.30100000
2018-02-27 10:10:27,0.08316800,0.32300000
2018-02-27 10:10:28,0.08316800,0.17900000
2018-02-27 10:10:28,0.08316800,0.32000000
2018-02-27 10:10:28,0.08310900,0.03500000
2018-02-27 10:10:28,0.08310100,0.07500000
2018-02-27 10:10:28,0.08310900,0.03300000
2018-02-27 10:10:28,0.08310900,0.03700000
2018-02-27 10:10:28,0.08316800,2.41100000
2018-02-27 10:10:29,0.08316800,1.20000000
2018-02-27 10:10:29,0.08316800,1.47700000
2018-02-27 10:10:29,0.08310100,0.94500000
2018-02-27 10:10:30,0.08310100,0.01600000
2018-02-27 10:10:31,0.08316800,0.31400000
2018-02-27 10:10:31,0.08316800,2.55200000
2018-02-27 10:10:31,0.08316800,0.00300000
2018-02-27 10:10:31,0.08316800,2.87000000
2018-02-27 10:10:32,0.08316800,0.71600000
2018-02-27 10:10:32,0.08310100,0.26000000
2018-02-27 10:10:32,0.08310100,0.23500000
2018-02-27 10:10:32,0.08310100,0.36100000
2018-02-27 10:10:33,0.08310300,0.01900000
2018-02-27 10:10:33,0.08311100,0.12400000
2018-02-27 10:10:33,0.08311100,0.27600000
2018-02-27 10:10:33,0.08316800,0.00100000
2018-02-27 10:10:33,0.08317700,0.12000000
2018-02-27 10:10:33,0.08310300,0.00100000
2018-02-27 10:10:33,0.08310200,0.26200000
2018-02-27 10:10:33,0.08310200,0.02400000
2018-02-27 10:10:34,0.08317700,0.15000000
2018-02-27 10:10:34,0.08310200,0.33000000
2018-02-27 10:10:34,0.08317700,0.74500000
2018-02-27 10:10:34,0.08310100,0.02300000
2018-02-27 10:10:34,0.08310100,0.61800000
2018-02-27 10:10:34,0.08310100,0.02400000
2018-02-27 10:10:35,0.08310100,0.23200000
2018-02-27 10:10:35,0.08311100,0.39900000
2018-02-27 10:10:35,0.08311100,0.00100000
2018-02-27 10:10:35,0.08316800,0.36000000
2018-02-27 10:10:35,0.08310100,0.17100000
2018-02-27 10:10:35,0.08310100,0.07800000
2018-02-27 10:10:36,0.08310100,0.02600000
2018-02-27 10:10:36,0.08316800,1.20000000
2018-02-27 10:10:36,0.08316800,0.67500000
2018-02-27 10:10:36,0.08310100,0.10500000
2018-02-27 10:10:36,0.08310100,0.50000000
2018-02-27 10:10:37,0.08316100,0.93000000
2018-02-27 10:10:37,0.08311200,0.00300000
2018-02-27 10:10:37,0.08311200,0.11400000
2018-02-27 10:10:37,0.08310100,1.00000000
2018-02-27 10:10:37,0.08310200,0.69500000
2018-02-27 10:10:37,0.08310200,0.02400000
2018-02-27 10:10:38,0.08310200,0.41800000
2018-02-27 10:10:38,0.08311200,0.12600000
2018-02-27 10:10:38,0.08311200,0.05800000
2018-02-27 10:10:38,0.08311200,0.02500000
2018-02-27 10:10:39,0.08310200,0.12900000
2018-02-27 10:10:39,0.08311200,0.02000000
2018-02-27 10:10:40,0.08311200,0.00400000
2018-02-27 10:10:41,0.08310200,0.03500000
2018-02-27 10:10:41,0.08310200,0.13900000
2018-02-27 10:10:42,0.08310200,0.02000000
2018-02-27 10:10:42,0.08311300,0.07200000
2018-02-27 10:10:42,0.08310200,0.91700000
2018-02-27 10:10:44,0.08310200,0.15000000
2018-02-27 10:10:45,0.08316100,0.19300000
2018-02-27 10:10:45,0.08310200,0.12800000
2018-02-27 10:10:46,0.08310200,0.22000000
2018-02-27 10:10:46,0.08310200,0.02400000
2018-02-27 10:10:46,0.08316800,0.07800000
2018-02-27 10:10:46,0.08317700,0.00300000
2018-02-27 10:10:46,0.08318300,0.36500000
2018-02-27 10:10:46,0.08318400,0.51500000
2018-02-27 10:10:47,0.08318400,0.07300000
2018-02-27 10:10:47,0.08318400,0.02000000
2018-02-27 10:10:48,0.08318400,0.06500000
2018-02-27 10:10:48,0.08310300,0.24000000
2018-02-27 10:10:49,0.08310400,0.61600000
2018-02-27 10:10:50,0.08310300,0.04000000
2018-02-27 10:10:50,0.08310300,0.31500000
2018-02-27 10:10:50,0.08318400,0.00100000
2018-02-27 10:10:50,0.08319200,0.02000000
2018-02-27 10:10:50,0.08319500,0.10000000
2018-02-27 10:10:50,0.08319600,0.10800000
2018-02-27 10:10:50,0.08319700,0.67800000
2018-02-27 10:10:51,0.08318400,0.02200000
2018-02-27 10:10:51,0.08310500,0.06100000
2018-02-27 10:10:53,0.08318300,0.05800000
2018-02-27 10:10:53,0.08318300,0.05800000
2018-02-27 10:10:54,0.08310500,0.04700000
2018-02-27 10:10:54,0.08318200,0.19500000
2018-02-27 10:10:54,0.08310500,0.04600000
2018-02-27 10:10:54,0.08310500,0.33500000
2018-02-27 10:10:55,0.08318100,0.08000000
2018-02-27 10:10:55,0.08310400,0.24900000
2018-02-27 10:10:55,0.08318000,0.02400000
2018-02-27 10:10:55,0.08318000,0.37600000
2018-02-27 10:10:55,0.08310400,0.00100000
2018-02-27 10:10:55,0.08310300,0.04700000
2018-02-27 10:10:55,0.08310200,0.20300000
2018-02-27 10:10:55,0.08318000,0.02400000
2018-02-27 10:10:56,0.08310200,0.16800000
2018-02-27 10:10:56,0.08310200,0.09600000
2018-02-27 10:10:56,0.08310100,0.47900000
2018-02-27 10:10:57,0.08310200,0.02000000
2018-02-27 10:10:57,0.08310200,0.00400000
2018-02-27 10:10:57,0.08310100,0.20000000
2018-02-27 10:10:58,0.08310200,0.18900000
2018-02-27 10:11:00,0.08318400,0.00100000
2018-02-27 10:11:00,0.08319100,0.00900000
2018-02-27 10:11:01,0.08310300,0.70200000
2018-02-27 10:11:01,0.08310300,0.01300000
2018-02-27 10:11:02,0.08319000,0.70000000
2018-02-27 10:11:02,0.08319000,0.00200000
2018-02-27 10:11:02,0.08319200,0.02000000
2018-02-27 10:11:02,0.08319600,0.10800000
2018-02-27 10:11:02,0.08319700,0.44800000
2018-02-27 10:11:02,0.08310400,0.02000000
2018-02-27 10:11:02,0.08310300,0.21400000
2018-02-27 10:11:02,0.08318900,0.17900000
2018-02-27 10:11:03,0.08310600,0.01800000
2018-02-27 10:11:04,0.08310700,0.03800000
2018-02-27 10:11:04,0.08319300,0.01800000
2018-02-27 10:11:04,0.08310700,0.05200000
2018-02-27 10:11:04,0.08310600,0.03700000
2018-02-27 10:11:04,0.08310700,0.01900000
2018-02-27 10:11:05,0.08310700,0.00100000
2018-02-27 10:11:05,0.08310700,0.02000000
2018-02-27 10:11:06,0.08310600,0.34000000
2018-02-27 10:11:06,0.08310700,0.00300000
2018-02-27 10:11:06,0.08310700,0.02100000
2018-02-27 10:11:06,0.08310700,0.05000000
2018-02-27 10:11:06,0.08310600,0.63700000
2018-02-27 10:11:07,0.08310600,0.41300000
2018-02-27 10:11:07,0.08310600,1.00000000
2018-02-27 10:11:07,0.08310700,0.02300000
2018-02-27 10:11:07,0.08310700,0.00100000
2018-02-27 10:11:07,0.08319100,0.01700000
2018-02-27 10:11:07,0.08319100,0.00300000
2018-02-27 10:11:07,0.08319200,0.02000000
2018-02-27 10:11:07,0.08319100,0.02300000
2018-02-27 10:11:07,0.08310600,0.02000000
2018-02-27 10:11:07,0.08310200,0.11400000
2018-02-27 10:11:07,0.08310200,0.06000000
2018-02-27 10:11:08,0.08310300,0.52600000
2018-02-27 10:11:08,0.08310300,1.19900000
2018-02-27 10:11:09,0.08310300,0.36700000
2018-02-27 10:11:09,0.08312200,0.39900000
2018-02-27 10:11:09,0.08312200,0.00100000
2018-02-27 10:11:09,0.08318900,0.06000000
2018-02-27 10:11:09,0.08319000,0.01600000
2018-02-27 10:11:10,0.08310400,0.01900000
2018-02-27 10:11:10,0.08318800,0.13200000
2018-02-27 10:11:11,0.08310500,0.03400000
2018-02-27 10:11:12,0.08318600,0.73900000
2018-02-27 10:11:12,0.08310700,0.02000000
2018-02-27 10:11:12,0.08310500,0.00400000
2018-02-27 10:11:12,0.08310500,0.12100000
2018-02-27 10:11:12,0.08310300,0.00400000
2018-02-27 10:11:13,0.08310400,0.05900000
2018-02-27 10:11:13,0.08310400,0.00200000
2018-02-27 10:11:13,0.08310300,0.02200000
2018-02-27 10:11:13,0.08313000,0.02400000
2018-02-27 10:11:13,0.08313000,0.07200000
2018-02-27 10:11:13,0.08310300,0.02600000
2018-02-27 10:11:13,0.08310200,0.11900000
2018-02-27 10:11:13,0.08310200,0.18600000
2018-02-27 10:11:14,0.08310200,0.18300000
2018-02-27 10:11:14,0.08313000,0.30300000
2018-02-27 10:11:14,0.08310200,1.29800000
2018-02-27 10:11:14,0.08310200,0.37500000
2018-02-27 10:11:15,0.08310200,0.08100000
2018-02-27 10:11:15,0.08310400,0.19800000
2018-02-27 10:11:18,0.08318300,0.61600000
2018-02-27 10:11:19,0.08310400,0.05100000
2018-02-27 10:11:19,0.08318200,1.20100000
2018-02-27 10:11:19,0.08318400,0.33600000
2018-02-27 10:11:20,0.08313000,0.33600000
2018-02-27 10:11:20,0.08313000,0.58100000
2018-02-27 10:11:20,0.08313000,0.06700000
2018-02-27 10:11:20,0.08313000,0.93300000
2018-02-27 10:11:22,0.08310400,0.11500000
2018-02-27 10:11:25,0.08310400,0.04700000
2018-02-27 10:11:25,0.08310400,0.20200000
2018-02-27 10:11:25,0.08313000,0.00400000
2018-02-27 10:11:26,0.08310200,0.21600000
2018-02-27 10:11:26,0.08318400,0.33700000
2018-02-27 10:11:26,0.08318500,0.81700000
2018-02-27 10:11:26,0.08318500,0.12000000
2018-02-27 10:11:27,0.08318500,0.03900000
2018-02-27 10:11:28,0.08310200,0.11800000
2018-02-27 10:11:28,0.08310200,0.03100000
2018-02-27 10:11:28,0.08318500,0.06400000
2018-02-27 10:11:28,0.08318500,0.06700000
2018-02-27 10:11:28,0.08310100,1.86400000
2018-02-27 10:11:29,0.08318400,0.02700000
2018-02-27 10:11:29,0.08318400,0.02800000
2018-02-27 10:11:29,0.08318300,0.04700000
2018-02-27 10:11:30,0.08310100,0.03000000
2018-02-27 10:11:32,0.08310100,0.05000000
2018-02-27 10:11:32,0.08318200,0.09200000
2018-02-27 10:11:32,0.08318200,0.00100000
2018-02-27 10:11:32,0.08318300,0.04700000
2018-02-27 10:11:33,0.08318300,0.07400000
2018-02-27 10:11:35,0.08310100,0.50000000
2018-02-27 10:11:36,0.08313800,0.03700000
2018-02-27 10:11:36,0.08310100,0.68000000
2018-02-27 10:11:37,0.08310100,0.25800000
2018-02-27 10:11:37,0.08313800,0.08800000
2018-02-27 10:11:37,0.08313800,0.27500000
2018-02-27 10:11:39,0.08314000,0.15200000
2018-02-27 10:11:39,0.08314000,0.14700000
2018-02-27 10:11:39,0.08314000,1.20200000
2018-02-27 10:11:39,0.08314000,0.31100000
2018-02-27 10:11:39,0.08314000,0.75000000
2018-02-27 10:11:39,0.08314000,0.17600000
2018-02-27 10:11:39,0.08314000,0.40800000
2018-02-27 10:11:39,0.08314000,0.08800000
2018-02-27 10:11:39,0.08318300,0.05200000
2018-02-27 10:11:39,0.08318300,0.34600000
2018-02-27 10:11:40,0.08314000,0.21200000
2018-02-27 10:11:41,0.08314000,0.67000000
2018-02-27 10:11:41,0.08314000,0.21700000
2018-02-27 10:11:42,0.08314000,0.05000000
2018-02-27 10:11:42,0.08314000,0.14400000
2018-02-27 10:11:42,0.08314000,0.00100000
2018-02-27 10:11:42,0.08310100,0.14300000
2018-02-27 10:11:43,0.08310100,0.02100000
2018-02-27 10:11:43,0.08318300,0.22200000
2018-02-27 10:11:44,0.08310300,0.01700000
2018-02-27 10:11:45,0.08318200,0.02400000
2018-02-27 10:11:45,0.08310100,0.67100000
2018-02-27 10:11:46,0.08310100,0.34400000
2018-02-27 10:11:46,0.08310000,0.78800000
2018-02-27 10:11:47,0.08318100,0.04800000
2018-02-27 10:11:47,0.08310000,0.03700000
2018-02-27 10:11:49,0.08310000,0.94800000
2018-02-27 10:11:49,0.08317900,0.04800000
2018-02-27 10:11:49,0.08317900,0.29300000
2018-02-27 10:11:51,0.08310000,0.38000000
2018-02-27 10:11:51,0.08317800,0.04800000
2018-02-27 10:11:52,0.08310000,0.71200000
2018-02-27 10:11:53,0.08310100,0.03200000
2018-02-27 10:11:53,0.08310100,0.08300000
2018-02-27 10:11:53,0.08310100,0.87200000
2018-02-27 10:11:53,0.08317700,0.08200000
2018-02-27 10:11:54,0.08317700,0.01600000
2018-02-27 10:11:55,0.08312000,0.08400000
2018-02-27 10:11:55,0.08312000,0.08500000
2018-02-27 10:11:55,0.08312000,0.39900000
2018-02-27 10:11:55,0.08312000,2.36800000
2018-02-27 10:11:56,0.08312000,0.86600000
2018-02-27 10:11:57,0.08312000,0.36300000
2018-02-27 10:11:57,0.08312000,0.01400000
2018-02-27 10:11:57,0.08312000,0.50000000
2018-02-27 10:11:57,0.08312000,1.18800000
2018-02-27 10:11:57,0.08312000,0.07800000
2018-02-27 10:11:57,0.08312000,0.07800000
2018-02-27 10:11:58,0.08312000,0.04100000
2018-02-27 10:11:59,0.08312000,0.07900000
2018-02-27 10:12:00,0.08312000,0.70400000
2018-02-27 10:12:00,0.08312000,0.54200000
2018-02-27 10:12:00,0.08312000,0.11500000
2018-02-27 10:12:00,0.08317700,0.10600000
2018-02-27 10:12:01,0.08312000,1.05700000
2018-02-27 10:12:01,0.08312000,0.49200000
2018-02-27 10:12:01,0.08312000,0.53100000
2018-02-27 10:12:02,0.08312000,0.05000000
2018-02-27 10:12:03,0.08312000,0.10000000
2018-02-27 10:12:03,0.08312000,0.01500000
2018-02-27 10:12:03,0.08312000,1.12800000
2018-02-27 10:12:04,0.08313000,1.20600000
2018-02-27 10:12:04,0.08313000,1.43000000
2018-02-27 10:12:04,0.08317700,0.06000000
2018-02-27 10:12:04,0.08313000,1.33100000
2018-02-27 10:12:05,0.08313000,0.26400000
2018-02-27 10:12:05,0.08313000,0.53000000
2018-02-27 10:12:06,0.08313000,0.48100000
2018-02-27 10:12:07,0.08313000,0.42900000
2018-02-27 10:12:09,0.08317700,0.07100000
2018-02-27 10:12:09,0.08313000,1.21800000
2018-02-27 10:12:09,0.08313000,0.49700000
2018-02-27 10:12:09,0.08313000,0.02700000
2018-02-27 10:12:09,0.08313000,0.03500000
2018-02-27 10:12:10,0.08313000,0.52300000
2018-02-27 10:12:12,0.08313000,1.96800000
2018-02-27 10:12:12,0.08313000,0.03500000
2018-02-27 10:12:12,0.08313000,0.52000000
2018-02-27 10:12:12,0.08313000,0.81400000
2018-02-27 10:12:12,0.08313000,0.34600000
2018-02-27 10:12:13,0.08313000,0.41700000
2018-02-27 10:12:13,0.08313000,0.29300000
2018-02-27 10:12:13,0.08313000,0.73600000
2018-02-27 10:12:13,0.08313000,1.85700000
2018-02-27 10:12:13,0.08312000,0.75100000
2018-02-27 10:12:13,0.08312000,0.54100000
2018-02-27 10:12:13,0.08310400,0.24200000
2018-02-27 10:12:13,0.08310000,0.66000000
2018-02-27 10:12:13,0.08310000,0.10000000
2018-02-27 10:12:13,0.08310000,0.42700000
2018-02-27 10:12:14,0.08310000,0.67600000
2018-02-27 10:12:14,0.08310000,0.42700000
2018-02-27 10:12:14,0.08310000,0.00700000
2018-02-27 10:12:14,0.08310600,0.11500000
2018-02-27 10:12:15,0.08310000,0.19000000
2018-02-27 10:12:15,0.08310000,0.15200000
2018-02-27 10:12:15,0.08310600,0.28400000
2018-02-27 10:12:15,0.08310600,0.00100000
2018-02-27 10:12:15,0.08317500,0.02800000
2018-02-27 10:12:15,0.08310600,0.02500000
2018-02-27 10:12:15,0.08310000,0.09900000
2018-02-27 10:12:16,0.08310000,0.40000000
2018-02-27 10:12:16,0.08310000,0.53400000
2018-02-27 10:12:17,0.08310000,1.20300000
2018-02-27 10:12:17,0.08310000,0.06000000
2018-02-27 10:12:17,0.08317500,0.58900000
2018-02-27 10:12:17,0.08310000,2.82200000
2018-02-27 10:12:17,0.08310000,0.00600000
2018-02-27 10:12:18,0.08310000,0.04600000
2018-02-27 10:12:18,0.08310000,0.50000000
2018-02-27 10:12:18,0.08310000,0.23400000
2018-02-27 10:12:19,0.08310000,5.01000000
2018-02-27 10:12:20,0.08310000,0.10800000
2018-02-27 10:12:20,0.08310000,5.09600000
2018-02-27 10:12:21,0.08317600,0.14400000
2018-02-27 10:12:21,0.08310000,5.01000000
2018-02-27 10:12:23,0.08316800,0.38400000
2018-02-27 10:12:23,0.08310000,0.50000000
2018-02-27 10:12:23,0.08310000,0.00100000
2018-02-27 10:12:23,0.08310000,4.20300000
2018-02-27 10:12:24,0.08310000,0.50000000
2018-02-27 10:12:24,0.08310400,0.50000000
2018-02-27 10:12:24,0.08310400,0.83500000
2018-02-27 10:12:24,0.08310000,2.30600000
2018-02-27 10:12:26,0.08310000,0.08000000
2018-02-27 10:12:26,0.08310000,0.00400000
2018-02-27 10:12:27,0.08310000,0.40000000
2018-02-27 10:12:27,0.08310000,1.00000000
2018-02-27 10:12:27,0.08310000,0.49800000
2018-02-27 10:12:28,0.08310000,0.15800000
2018-02-27 10:12:28,0.08310000,0.07000000
2018-02-27 10:12:28,0.08310000,0.37000000
2018-02-27 10:12:28,0.08310000,0.80800000
2018-02-27 10:12:28,0.08310000,0.40000000
2018-02-27 10:12:29,0.08316700,0.08100000
2018-02-27 10:12:29,0.08310000,0.72600000
2018-02-27 10:12:29,0.08310000,0.01600000
2018-02-27 10:12:29,0.08310000,0.12100000
2018-02-27 10:12:30,0.08310000,0.07200000
2018-02-27 10:12:30,0.08310000,0.51800000
2018-02-27 10:12:30,0.08310000,0.05000000
2018-02-27 10:12:31,0.08310000,0.21300000
2018-02-27 10:12:31,0.08310000,0.03300000
2018-02-27 10:12:32,0.08310000,0.59700000
2018-02-27 10:12:32,0.08310000,0.44200000
2018-02-27 10:12:33,0.08310000,0.82600000
2018-02-27 10:12:34,0.08315900,0.10000000
2018-02-27 10:12:34,0.08310000,0.64700000
2018-02-27 10:12:35,0.08315900,0.03900000
2018-02-27 10:12:35,0.08315900,0.44300000
2018-02-27 10:12:35,0.08310000,0.73700000
2018-02-27 10:12:35,0.08315900,0.19900000
2018-02-27 10:12:35,0.08310000,0.19900000
2018-02-27 10:12:36,0.08310000,0.03500000
2018-02-27 10:12:36,0.08315900,0.55100000
2018-02-27 10:12:36,0.08315900,3.28800000
2018-02-27 10:12:37,0.08310000,0.04600000
2018-02-27 10:12:38,0.08310000,0.96300000
2018-02-27 10:12:38,0.08310000,0.59800000
2018-02-27 10:12:38,0.08310000,0.29600000
2018-02-27 10:12:39,0.08316000,0.33500000
2018-02-27 10:12:39,0.08310000,0.07000000
2018-02-27 10:12:39,0.08308200,0.93000000
2018-02-27 10:12:39,0.08308200,0.29500000
2018-02-27 10:12:39,0.08308200,0.41000000
2018-02-27 10:12:39,0.08308000,0.59000000
2018-02-27 10:12:39,0.08305800,0.07000000
2018-02-27 10:12:39,0.08305800,0.40000000
2018-02-27 10:12:39,0.08310000,0.11800000
2018-02-27 10:12:39,0.08305800,0.26700000
2018-02-27 10:12:39,0.08305700,1.59300000
2018-02-27 10:12:40,0.08306000,0.02700000
2018-02-27 10:12:40,0.08310000,0.01100000
2018-02-27 10:12:40,0.08310000,0.16900000
2018-02-27 10:12:40,0.08310000,0.16900000
2018-02-27 10:12:40,0.08305800,0.12000000
2018-02-27 10:12:40,0.08305600,0.12000000
2018-02-27 10:12:40,0.08305800,0.12000000
2018-02-27 10:12:40,0.08305800,0.12000000
2018-02-27 10:12:40,0.08305600,0.88000000
2018-02-27 10:12:40,0.08305600,1.00000000
2018-02-27 10:12:41,0.08310000,0.52700000
2018-02-27 10:12:41,0.08305600,0.03200000
2018-02-27 10:12:42,0.08310000,0.06100000
2018-02-27 10:12:42,0.08305600,1.00000000
2018-02-27 10:12:43,0.08305600,0.39000000
2018-02-27 10:12:43,0.08310000,0.08800000
2018-02-27 10:12:43,0.08305600,0.23600000
2018-02-27 10:12:44,0.08305600,0.57300000
2018-02-27 10:12:44,0.08305600,0.00100000
2018-02-27 10:12:45,0.08305600,0.09000000
2018-02-27 10:12:45,0.08305600,0.01700000
2018-02-27 10:12:46,0.08305600,1.00000000
2018-02-27 10:12:46,0.08305600,0.52200000
2018-02-27 10:12:47,0.08305600,0.06200000
2018-02-27 10:12:49,0.08310000,0.12100000
2018-02-27 10:12:49,0.08310000,0.09900000
2018-02-27 10:12:50,0.08305600,0.01400000
2018-02-27 10:12:50,0.08305600,0.04600000
2018-02-27 10:12:50,0.08305600,0.43700000
2018-02-27 10:12:50,0.08305400,0.06000000
2018-02-27 10:12:51,0.08305400,0.02600000
2018-02-27 10:12:51,0.08305400,0.07400000
2018-02-27 10:12:52,0.08309900,0.02000000
2018-02-27 10:12:52,0.08310000,0.17200000
2018-02-27 10:12:52,0.08305500,0.20600000
2018-02-27 10:12:53,0.08305500,0.00100000
2018-02-27 10:12:53,0.08305400,0.00100000
2018-02-27 10:12:53,0.08305300,0.05500000
2018-02-27 10:12:53,0.08303100,0.05800000
2018-02-27 10:12:53,0.08302200,0.09200000
2018-02-27 10:12:53,0.08302200,0.26800000
2018-02-27 10:12:55,0.08308300,0.99900000
2018-02-27 10:12:55,0.08308300,0.00100000
2018-02-27 10:12:55,0.08309800,0.09500000
2018-02-27 10:12:57,0.08302200,0.04600000
2018-02-27 10:12:57,0.08302200,0.02600000
2018-02-27 10:12:57,0.08301600,0.02400000
2018-02-27 10:12:57,0.08300100,0.95000000
2018-02-27 10:12:58,0.08300100,0.43100000
2018-02-27 10:12:58,0.08301600,0.59600000
2018-02-27 10:12:58,0.08301600,0.55100000
2018-02-27 10:12:59,0.08301600,1.92600000
2018-02-27 10:12:59,0.08301600,1.00000000
