DATE,PRICE,VOLUME
2018-02-24 18:00:00,0.08545600,0.00100000
2018-02-24 18:00:00,0.08545700,0.04000000
2018-02-24 18:00:00,0.08545800,0.02000000
2018-02-24 18:00:00,0.08545900,0.04000000
2018-02-24 18:00:00,0.08546200,0.02000000
2018-02-24 18:00:00,0.08546300,0.02000000
2018-02-24 18:00:00,0.08546500,0.02000000
2018-02-24 18:00:00,0.08546600,0.02000000
2018-02-24 18:00:00,0.08546700,0.02000000
2018-02-24 18:00:00,0.08546800,0.02000000
2018-02-24 18:00:00,0.08546900,0.02000000
2018-02-24 18:00:00,0.08547000,0.20000000
2018-02-24 18:00:00,0.08547300,0.02000000
2018-02-24 18:00:00,0.08547500,0.02000000
2018-02-24 18:00:00,0.08547700,0.02000000
2018-02-24 18:00:00,0.08547800,0.02000000
2018-02-24 18:00:00,0.08547900,0.02000000
2018-02-24 18:00:00,0.08548000,0.04000000
2018-02-24 18:00:00,0.08548100,0.06000000
2018-02-24 18:00:00,0.08548400,0.12800000
2018-02-24 18:00:00,0.08548500,0.26300000
2018-02-24 18:00:00,0.08548600,1.24800000
2018-02-24 18:00:00,0.08548900,0.01200000
2018-02-24 18:00:00,0.08549000,0.01400000
2018-02-24 18:00:00,0.08549100,0.01400000
2018-02-24 18:00:00,0.08549200,0.01700000
2018-02-24 18:00:00,0.08549300,0.01200000
2018-02-24 18:00:00,0.08549400,0.03300000
2018-02-24 18:00:00,0.08549500,0.01200000
2018-02-24 18:00:00,0.08549600,0.02000000
2018-02-24 18:00:00,0.08549700,0.10000000
2018-02-24 18:00:00,0.08549800,0.08700000
2018-02-24 18:00:00,0.08550000,6.46600000
2018-02-24 18:00:01,0.08549900,0.50900000
2018-02-24 18:00:02,0.08549900,0.02000000
2018-02-24 18:00:02,0.08550000,0.00700000
2018-02-24 18:00:02,0.08550000,0.24700000
2018-02-24 18:00:02,0.08550000,8.47800000
2018-02-24 18:00:03,0.08549800,0.38800000
2018-02-24 18:00:04,0.08549800,0.02000000
2018-02-24 18:00:05,0.08541900,0.00300000
2018-02-24 18:00:05,0.08541900,0.12500000
2018-02-24 18:00:06,0.08549700,0.03100000
2018-02-24 18:00:06,0.08549700,0.01600000
2018-02-24 18:00:07,0.08549700,0.01900000
2018-02-24 18:00:09,0.08541900,0.01200000
2018-02-24 18:00:09,0.08541900,0.01200000
2018-02-24 18:00:09,0.08541900,0.00100000
2018-02-24 18:00:09,0.08549700,0.00100000
2018-02-24 18:00:09,0.08549800,0.00100000
2018-02-24 18:00:09,0.08549900,0.00900000
2018-02-24 18:00:09,0.08541800,0.03100000
2018-02-24 18:00:10,0.08549800,0.01900000
2018-02-24 18:00:10,0.08541800,0.06600000
2018-02-24 18:00:10,0.08549800,0.02000000
2018-02-24 18:00:11,0.08549700,0.04200000
2018-02-24 18:00:11,0.08549700,0.01900000
2018-02-24 18:00:11,0.08549700,0.03700000
2018-02-24 18:00:12,0.08549700,0.01900000
2018-02-24 18:00:13,0.08549600,0.04700000
2018-02-24 18:00:13,0.08541900,0.01600000
2018-02-24 18:00:13,0.08541900,0.08300000
2018-02-24 18:00:13,0.08541900,0.18000000
2018-02-24 18:00:14,0.08549600,0.06100000
2018-02-24 18:00:19,0.08542000,0.13300000
2018-02-24 18:00:20,0.08549500,0.02700000
2018-02-24 18:00:23,0.08549500,0.00200000
2018-02-24 18:00:23,0.08542000,0.48400000
2018-02-24 18:00:24,0.08549500,0.44000000
2018-02-24 18:00:24,0.08549500,0.05000000
2018-02-24 18:00:24,0.08549500,3.57000000
2018-02-24 18:00:24,0.08542300,0.09600000
2018-02-24 18:00:25,0.08549600,0.04900000
2018-02-24 18:00:25,0.08542400,0.26000000
2018-02-24 18:00:25,0.08542400,0.02700000
2018-02-24 18:00:26,0.08542400,0.03900000
2018-02-24 18:00:26,0.08549500,0.09900000
2018-02-24 18:00:26,0.08549500,0.20900000
2018-02-24 18:00:26,0.08549500,0.14900000
2018-02-24 18:00:26,0.08549500,0.02000000
2018-02-24 18:00:27,0.08549500,1.21700000
2018-02-24 18:00:27,0.08549500,0.91600000
2018-02-24 18:00:27,0.08549500,0.06000000
2018-02-24 18:00:27,0.08549500,0.83600000
2018-02-24 18:00:27,0.08549500,0.05200000
2018-02-24 18:00:27,0.08549500,0.02600000
2018-02-24 18:00:27,0.08549500,0.15700000
2018-02-24 18:00:27,0.08542600,0.15700000
2018-02-24 18:00:27,0.08542600,0.98400000
2018-02-24 18:00:27,0.08542600,0.01900000
2018-02-24 18:00:27,0.08542600,0.11300000
2018-02-24 18:00:27,0.08542600,0.07300000
2018-02-24 18:00:28,0.08542700,0.06700000
2018-02-24 18:00:29,0.08549600,0.00800000
2018-02-24 18:00:29,0.08542700,0.09400000
2018-02-24 18:00:30,0.08542700,0.06800000
2018-02-24 18:00:30,0.08542700,0.13400000
2018-02-24 18:00:32,0.08549400,0.09900000
2018-02-24 18:00:32,0.08549500,0.17700000
2018-02-24 18:00:33,0.08542800,0.00100000
2018-02-24 18:00:34,0.08542800,0.09700000
2018-02-24 18:00:34,0.08542400,0.17500000
2018-02-24 18:00:34,0.08542400,0.05400000
2018-02-24 18:00:35,0.08549300,0.07300000
2018-02-24 18:00:35,0.08549300,2.18900000
2018-02-24 18:00:35,0.08542400,0.26800000
2018-02-24 18:00:35,0.08549300,0.02800000
2018-02-24 18:00:36,0.08549200,0.08500000
2018-02-24 18:00:36,0.08542500,0.04300000
2018-02-24 18:00:36,0.08542500,0.05600000
2018-02-24 18:00:36,0.08542400,0.03600000
2018-02-24 18:00:36,0.08542300,0.00100000
2018-02-24 18:00:36,0.08542100,0.81700000
2018-02-24 18:00:36,0.08541900,0.09000000
2018-02-24 18:00:37,0.08548400,0.09500000
2018-02-24 18:00:38,0.08541900,0.14500000
2018-02-24 18:00:38,0.08541900,0.74800000
2018-02-24 18:00:38,0.08540400,0.01400000
2018-02-24 18:00:38,0.08540400,0.11500000
2018-02-24 18:00:38,0.08548300,0.01200000
2018-02-24 18:00:38,0.08540400,0.00100000
2018-02-24 18:00:38,0.08541900,0.06200000
2018-02-24 18:00:38,0.08541900,0.00100000
2018-02-24 18:00:38,0.08548300,0.01200000
2018-02-24 18:00:39,0.08540400,1.16900000
2018-02-24 18:00:39,0.08540400,1.13500000
2018-02-24 18:00:39,0.08540400,0.76800000
2018-02-24 18:00:40,0.08543000,0.02900000
2018-02-24 18:00:40,0.08543000,0.04900000
2018-02-24 18:00:44,0.08548200,0.09900000
2018-02-24 18:00:45,0.08543000,0.02900000
2018-02-24 18:00:45,0.08548200,0.05700000
2018-02-24 18:00:45,0.08548200,0.05400000
2018-02-24 18:00:46,0.08543000,0.01700000
2018-02-24 18:00:46,0.08542900,0.01600000
2018-02-24 18:00:46,0.08542900,0.77300000
2018-02-24 18:00:47,0.08548100,0.09900000
2018-02-24 18:00:48,0.08540300,0.09900000
2018-02-24 18:00:48,0.08540200,0.06900000
2018-02-24 18:00:48,0.08547200,0.28800000
2018-02-24 18:00:49,0.08540200,0.09600000
2018-02-24 18:00:49,0.08547200,0.03400000
2018-02-24 18:00:50,0.08542900,0.02700000
2018-02-24 18:00:50,0.08542900,0.09000000
2018-02-24 18:00:50,0.08542900,0.69100000
2018-02-24 18:00:50,0.08547100,0.10000000
2018-02-24 18:00:50,0.08547200,0.01600000
2018-02-24 18:00:51,0.08540300,0.09900000
2018-02-24 18:00:51,0.08540200,0.05100000
2018-02-24 18:00:52,0.08540200,0.07500000
2018-02-24 18:00:53,0.08540300,0.09800000
2018-02-24 18:00:54,0.08547000,0.00200000
2018-02-24 18:00:54,0.08540200,0.04500000
2018-02-24 18:00:57,0.08540200,1.48700000
2018-02-24 18:00:57,0.08546800,0.09700000
2018-02-24 18:00:58,0.08540100,0.37900000
2018-02-24 18:00:58,0.08540000,0.24500000
2018-02-24 18:00:59,0.08545900,0.01300000
2018-02-24 18:01:01,0.08545700,0.08500000
2018-02-24 18:01:01,0.08545800,0.02100000
2018-02-24 18:01:01,0.08545900,0.08100000
2018-02-24 18:01:01,0.08540100,0.09900000
2018-02-24 18:01:01,0.08540000,0.00100000
2018-02-24 18:01:01,0.08538400,1.59100000
2018-02-24 18:01:01,0.08538400,0.79200000
2018-02-24 18:01:02,0.08546100,0.03500000
2018-02-24 18:01:03,0.08546000,0.09900000
2018-02-24 18:01:03,0.08546100,0.02800000
2018-02-24 18:01:03,0.08538500,0.00200000
2018-02-24 18:01:04,0.08538500,0.04200000
2018-02-24 18:01:04,0.08542300,0.05400000
2018-02-24 18:01:04,0.08542300,0.16700000
2018-02-24 18:01:05,0.08542300,0.01600000
2018-02-24 18:01:05,0.08542300,0.06800000
2018-02-24 18:01:05,0.08542300,0.06300000
2018-02-24 18:01:05,0.08546100,0.08300000
2018-02-24 18:01:05,0.08546100,0.13000000
2018-02-24 18:01:06,0.08542400,0.05500000
2018-02-24 18:01:07,0.08542300,0.04700000
2018-02-24 18:01:07,0.08538400,0.04600000
2018-02-24 18:01:07,0.08546100,0.04700000
2018-02-24 18:01:10,0.08545100,0.07100000
2018-02-24 18:01:11,0.08538500,0.09900000
2018-02-24 18:01:12,0.08538400,1.17100000
2018-02-24 18:01:12,0.08545100,0.02800000
2018-02-24 18:01:12,0.08545100,0.01800000
2018-02-24 18:01:13,0.08545200,0.16000000
2018-02-24 18:01:13,0.08545200,0.56800000
2018-02-24 18:01:14,0.08545200,0.02300000
2018-02-24 18:01:14,0.08545100,0.00100000
2018-02-24 18:01:14,0.08545100,0.02700000
2018-02-24 18:01:14,0.08545200,0.00100000
2018-02-24 18:01:14,0.08546000,0.00100000
2018-02-24 18:01:14,0.08545200,0.01800000
2018-02-24 18:01:15,0.08546000,0.03500000
2018-02-24 18:01:16,0.08546000,0.11800000
2018-02-24 18:01:16,0.08546000,0.02900000
2018-02-24 18:01:16,0.08546000,0.10200000
2018-02-24 18:01:17,0.08546000,0.12800000
2018-02-24 18:01:17,0.08546000,0.05300000
2018-02-24 18:01:18,0.08546000,2.62600000
2018-02-24 18:01:18,0.08546000,0.44300000
2018-02-24 18:01:19,0.08546000,0.04700000
2018-02-24 18:01:20,0.08545200,0.00100000
2018-02-24 18:01:21,0.08542700,0.06900000
2018-02-24 18:01:21,0.08542700,0.07900000
2018-02-24 18:01:21,0.08542700,0.04500000
2018-02-24 18:01:21,0.08542700,0.00100000
2018-02-24 18:01:21,0.08546000,0.04400000
2018-02-24 18:01:23,0.08542000,0.02900000
2018-02-24 18:01:23,0.08545900,0.06900000
2018-02-24 18:01:23,0.08542000,0.07000000
2018-02-24 18:01:23,0.08541900,3.78200000
2018-02-24 18:01:24,0.08545900,0.02000000
2018-02-24 18:01:24,0.08541900,0.27200000
2018-02-24 18:01:24,0.08541900,0.04200000
2018-02-24 18:01:25,0.08542000,0.00100000
2018-02-24 18:01:26,0.08545800,0.10800000
2018-02-24 18:01:28,0.08542100,0.01600000
2018-02-24 18:01:29,0.08542100,0.08200000
2018-02-24 18:01:29,0.08545900,0.09900000
2018-02-24 18:01:30,0.08545900,0.03400000
2018-02-24 18:01:31,0.08542100,0.09900000
2018-02-24 18:01:31,0.08542000,0.47600000
2018-02-24 18:01:31,0.08541900,1.19700000
2018-02-24 18:01:33,0.08545800,0.00200000
2018-02-24 18:01:37,0.08541900,0.34700000
2018-02-24 18:01:40,0.08541900,0.06100000
2018-02-24 18:01:42,0.08545400,0.09700000
2018-02-24 18:01:42,0.08545500,0.00300000
2018-02-24 18:01:43,0.08545500,0.62400000
2018-02-24 18:01:43,0.08545500,0.00100000
2018-02-24 18:01:43,0.08546100,0.02500000
2018-02-24 18:01:43,0.08546800,0.02000000
2018-02-24 18:01:43,0.08547000,0.02000000
2018-02-24 18:01:43,0.08547100,0.02000000
2018-02-24 18:01:43,0.08547200,0.53800000
2018-02-24 18:01:43,0.08547200,0.40700000
2018-02-24 18:01:44,0.08546900,0.01900000
2018-02-24 18:01:44,0.08546900,0.07900000
2018-02-24 18:01:44,0.08542000,0.09900000
2018-02-24 18:01:44,0.08541900,0.10100000
2018-02-24 18:01:44,0.08541900,0.00100000
2018-02-24 18:01:45,0.08546900,0.01900000
2018-02-24 18:01:45,0.08541900,0.02600000
2018-02-24 18:01:46,0.08546800,0.05700000
2018-02-24 18:01:46,0.08542000,0.09900000
2018-02-24 18:01:47,0.08541900,0.32500000
2018-02-24 18:01:48,0.08541900,0.01700000
2018-02-24 18:01:48,0.08546800,0.06200000
2018-02-24 18:01:49,0.08546700,0.54200000
2018-02-24 18:01:49,0.08541900,0.00100000
2018-02-24 18:01:49,0.08546700,0.00500000
2018-02-24 18:01:49,0.08546800,0.00100000
2018-02-24 18:01:49,0.08546900,0.00100000
2018-02-24 18:01:49,0.08547000,0.02000000
2018-02-24 18:01:49,0.08547100,0.02000000
2018-02-24 18:01:49,0.08547200,0.02100000
2018-02-24 18:01:49,0.08548100,0.02000000
2018-02-24 18:01:49,0.08548300,0.00800000
2018-02-24 18:01:49,0.08548400,0.02000000
2018-02-24 18:01:49,0.08549200,0.02000000
2018-02-24 18:01:49,0.08549300,0.02000000
2018-02-24 18:01:49,0.08549400,0.04000000
2018-02-24 18:01:49,0.08549500,0.02000000
2018-02-24 18:01:49,0.08549600,0.15200000
2018-02-24 18:01:49,0.08549700,0.00100000
2018-02-24 18:01:49,0.08549800,0.00100000
2018-02-24 18:01:49,0.08549900,0.13900000
2018-02-24 18:01:49,0.08550000,0.03700000
2018-02-24 18:01:50,0.08546600,0.01900000
2018-02-24 18:01:50,0.08546600,0.01700000
2018-02-24 18:01:50,0.08542000,0.09900000
2018-02-24 18:01:50,0.08541900,0.13000000
2018-02-24 18:01:50,0.08546600,0.06300000
2018-02-24 18:01:50,0.08546700,0.01600000
2018-02-24 18:01:50,0.08546700,0.00400000
2018-02-24 18:01:50,0.08546800,0.02000000
2018-02-24 18:01:50,0.08546900,0.02000000
2018-02-24 18:01:50,0.08547000,0.01400000
2018-02-24 18:01:51,0.08546700,0.01900000
2018-02-24 18:01:51,0.08546700,0.00100000
2018-02-24 18:01:51,0.08546800,0.01600000
2018-02-24 18:01:51,0.08541900,0.30500000
2018-02-24 18:01:51,0.08546800,0.00400000
2018-02-24 18:01:51,0.08546900,0.01500000
2018-02-24 18:01:51,0.08546700,0.01900000
2018-02-24 18:01:51,0.08546700,0.01900000
2018-02-24 18:01:51,0.08541900,0.05500000
2018-02-24 18:01:51,0.08540400,0.12800000
2018-02-24 18:01:51,0.08540300,3.53700000
2018-02-24 18:01:52,0.08546600,0.09800000
2018-02-24 18:01:59,0.08541100,0.08900000
2018-02-24 18:02:01,0.08545000,0.24300000
2018-02-24 18:02:01,0.08546700,0.00200000
2018-02-24 18:02:01,0.08546800,0.01600000
2018-02-24 18:02:02,0.08546800,0.02300000
2018-02-24 18:02:02,0.08545000,0.00100000
2018-02-24 18:02:02,0.08541400,1.77100000
2018-02-24 18:02:03,0.08546700,0.08700000
2018-02-24 18:02:03,0.08546700,0.00300000
2018-02-24 18:02:03,0.08546800,0.00100000
2018-02-24 18:02:03,0.08546900,0.02500000
2018-02-24 18:02:03,0.08547000,0.02600000
2018-02-24 18:02:03,0.08547100,0.02000000
2018-02-24 18:02:03,0.08547200,0.01400000
2018-02-24 18:02:03,0.08546700,0.01700000
2018-02-24 18:02:03,0.08546700,0.00300000
2018-02-24 18:02:03,0.08546800,0.01600000
2018-02-24 18:02:04,0.08546700,0.01700000
2018-02-24 18:02:04,0.08546700,0.00300000
2018-02-24 18:02:04,0.08546800,0.01600000
2018-02-24 18:02:05,0.08546700,0.01900000
2018-02-24 18:02:05,0.08546700,0.00100000
2018-02-24 18:02:05,0.08546800,0.01600000
2018-02-24 18:02:05,0.08546800,0.01200000
2018-02-24 18:02:05,0.08546900,0.00700000
2018-02-24 18:02:05,0.08546900,0.01200000
2018-02-24 18:02:05,0.08541500,0.09900000
2018-02-24 18:02:05,0.08541400,6.81900000
2018-02-24 18:02:05,0.08541300,0.03700000
2018-02-24 18:02:05,0.08540600,0.02000000
2018-02-24 18:02:05,0.08540100,0.75700000
2018-02-24 18:02:05,0.08540000,6.69700000
2018-02-24 18:02:05,0.08546700,0.01900000
2018-02-24 18:02:06,0.08546700,0.02000000
2018-02-24 18:02:06,0.08546700,0.00100000
2018-02-24 18:02:06,0.08546800,0.01600000
2018-02-24 18:02:06,0.08546800,0.00400000
2018-02-24 18:02:06,0.08546900,0.01600000
2018-02-24 18:02:06,0.08540500,0.01900000
2018-02-24 18:02:07,0.08546700,0.01700000
2018-02-24 18:02:07,0.08546700,0.01900000
2018-02-24 18:02:07,0.08546700,0.01900000
2018-02-24 18:02:07,0.08546700,0.04400000
2018-02-24 18:02:07,0.08546800,0.01400000
2018-02-24 18:02:07,0.08546700,0.02000000
2018-02-24 18:02:07,0.08546800,0.00600000
2018-02-24 18:02:07,0.08546900,0.02500000
2018-02-24 18:02:07,0.08547000,0.01100000
2018-02-24 18:02:07,0.08547000,0.00900000
2018-02-24 18:02:07,0.08547100,0.02000000
2018-02-24 18:02:07,0.08547200,0.01400000
2018-02-24 18:02:07,0.08546700,0.01800000
2018-02-24 18:02:07,0.08546700,0.02000000
2018-02-24 18:02:07,0.08546700,0.00600000
2018-02-24 18:02:08,0.08546700,0.01400000
2018-02-24 18:02:08,0.08546800,0.04000000
2018-02-24 18:02:08,0.08546900,0.02000000
2018-02-24 18:02:08,0.08547000,0.02000000
2018-02-24 18:02:08,0.08547100,0.01300000
2018-02-24 18:02:08,0.08547100,0.00700000
2018-02-24 18:02:08,0.08547200,0.00600000
2018-02-24 18:02:08,0.08547000,0.01100000
2018-02-24 18:02:08,0.08546800,0.00900000
2018-02-24 18:02:08,0.08547200,0.01600000
2018-02-24 18:02:09,0.08546800,0.01900000
2018-02-24 18:02:09,0.08546800,0.00100000
2018-02-24 18:02:09,0.08546900,0.01600000
2018-02-24 18:02:09,0.08546900,0.00400000
2018-02-24 18:02:09,0.08547000,0.01500000
2018-02-24 18:02:09,0.08547000,0.02300000
2018-02-24 18:02:09,0.08546800,0.02000000
2018-02-24 18:02:09,0.08547000,0.00200000
2018-02-24 18:02:09,0.08547100,0.00200000
2018-02-24 18:02:09,0.08547100,0.01800000
2018-02-24 18:02:09,0.08547200,0.00600000
2018-02-24 18:02:09,0.08546800,0.02000000
2018-02-24 18:02:09,0.08546900,0.02000000
2018-02-24 18:02:09,0.08547000,0.04000000
2018-02-24 18:02:09,0.08547100,0.02000000
2018-02-24 18:02:09,0.08547200,0.06400000
2018-02-24 18:02:09,0.08548100,0.02000000
2018-02-24 18:02:09,0.08548300,0.02000000
2018-02-24 18:02:09,0.08548400,0.02000000
2018-02-24 18:02:09,0.08549000,0.05800000
2018-02-24 18:02:10,0.08546800,0.01700000
2018-02-24 18:02:10,0.08546800,0.00300000
2018-02-24 18:02:10,0.08546900,0.01600000
2018-02-24 18:02:10,0.08546900,0.00400000
2018-02-24 18:02:10,0.08547000,0.01500000
2018-02-24 18:02:12,0.08540800,0.09900000
2018-02-24 18:02:12,0.08546900,0.02300000
2018-02-24 18:02:12,0.08546900,0.00100000
2018-02-24 18:02:12,0.08547000,0.00500000
2018-02-24 18:02:12,0.08547200,0.01700000
2018-02-24 18:02:12,0.08547200,0.00300000
2018-02-24 18:02:12,0.08548100,0.02000000
2018-02-24 18:02:12,0.08540700,0.05800000
2018-02-24 18:02:12,0.08548300,0.01700000
2018-02-24 18:02:13,0.08546800,0.01900000
2018-02-24 18:02:13,0.08546800,0.00100000
2018-02-24 18:02:13,0.08546900,0.01800000
2018-02-24 18:02:13,0.08546900,0.01700000
2018-02-24 18:02:14,0.08546800,0.32800000
2018-02-24 18:02:14,0.08546800,0.10000000
2018-02-24 18:02:14,0.08546900,0.00500000
2018-02-24 18:02:14,0.08547000,0.04000000
2018-02-24 18:02:14,0.08548300,0.00300000
2018-02-24 18:02:14,0.08548400,0.02000000
2018-02-24 18:02:14,0.08549000,0.09000000
2018-02-24 18:02:14,0.08549100,0.07000000
2018-02-24 18:02:14,0.08549100,0.01700000
2018-02-24 18:02:14,0.08549100,0.07100000
2018-02-24 18:02:14,0.08549200,0.02800000
2018-02-24 18:02:14,0.08549200,0.06300000
2018-02-24 18:02:14,0.08549300,0.00700000
2018-02-24 18:02:14,0.08540600,0.09900000
2018-02-24 18:02:15,0.08546800,0.03500000
2018-02-24 18:02:15,0.08546800,0.00500000
2018-02-24 18:02:15,0.08546900,0.03400000
2018-02-24 18:02:15,0.08546900,0.00600000
2018-02-24 18:02:15,0.08547000,0.02000000
2018-02-24 18:02:15,0.08548100,0.01300000
2018-02-24 18:02:15,0.08548100,0.00700000
2018-02-24 18:02:15,0.08548300,0.02000000
2018-02-24 18:02:15,0.08549000,0.01200000
2018-02-24 18:02:15,0.08548300,0.01900000
2018-02-24 18:02:15,0.08540500,0.00100000
2018-02-24 18:02:15,0.08540100,0.01700000
2018-02-24 18:02:16,0.08546800,0.01900000
2018-02-24 18:02:16,0.08546700,0.01900000
2018-02-24 18:02:16,0.08546700,0.01700000
2018-02-24 18:02:16,0.08546700,0.01900000
2018-02-24 18:02:16,0.08546700,0.01700000
2018-02-24 18:02:16,0.08546700,0.02700000
2018-02-24 18:02:16,0.08546800,0.00100000
2018-02-24 18:02:16,0.08548300,0.00100000
2018-02-24 18:02:16,0.08548400,0.01400000
2018-02-24 18:02:16,0.08548400,0.00600000
2018-02-24 18:02:16,0.08549000,0.03400000
2018-02-24 18:02:16,0.08549100,0.02000000
2018-02-24 18:02:16,0.08549200,0.01900000
2018-02-24 18:02:17,0.08549100,0.05700000
2018-02-24 18:02:18,0.08546700,0.01900000
2018-02-24 18:02:18,0.08546700,0.00100000
2018-02-24 18:02:18,0.08546800,0.01800000
2018-02-24 18:02:18,0.08546800,0.00200000
2018-02-24 18:02:18,0.08547000,0.01700000
2018-02-24 18:02:18,0.08547000,0.00300000
2018-02-24 18:02:18,0.08548100,0.01600000
2018-02-24 18:02:18,0.08546800,0.01700000
2018-02-24 18:02:18,0.08546800,0.00300000
2018-02-24 18:02:18,0.08548100,0.00400000
2018-02-24 18:02:18,0.08548300,0.01200000
2018-02-24 18:02:18,0.08548300,0.01900000
2018-02-24 18:02:19,0.08546700,0.01900000
2018-02-24 18:02:19,0.08546700,0.00100000
2018-02-24 18:02:19,0.08548300,0.01800000
2018-02-24 18:02:19,0.08548300,0.01100000
2018-02-24 18:02:19,0.08548400,0.00800000
2018-02-24 18:02:19,0.08548400,0.01200000
2018-02-24 18:02:19,0.08549000,0.00700000
2018-02-24 18:02:19,0.08549000,0.03200000
2018-02-24 18:02:20,0.08540800,0.09900000
2018-02-24 18:02:20,0.08540700,0.01000000
2018-02-24 18:02:20,0.08540700,0.11900000
2018-02-24 18:02:20,0.08548900,0.01700000
2018-02-24 18:02:20,0.08548900,0.00100000
2018-02-24 18:02:20,0.08549000,0.00100000
2018-02-24 18:02:20,0.08549100,0.01500000
2018-02-24 18:02:21,0.08546800,0.01900000
2018-02-24 18:02:21,0.08546800,0.00100000
2018-02-24 18:02:21,0.08547000,0.01600000
2018-02-24 18:02:21,0.08547000,0.00400000
2018-02-24 18:02:21,0.08548100,0.01500000
2018-02-24 18:02:21,0.08546700,0.01900000
2018-02-24 18:02:21,0.08546700,0.00100000
2018-02-24 18:02:21,0.08548100,0.01800000
2018-02-24 18:02:22,0.08546800,0.01900000
2018-02-24 18:02:22,0.08546800,0.00100000
2018-02-24 18:02:22,0.08547000,0.01800000
2018-02-24 18:02:22,0.08547000,0.00200000
2018-02-24 18:02:22,0.08547300,0.01500000
2018-02-24 18:02:22,0.08547300,0.01900000
2018-02-24 18:02:22,0.08547300,0.01900000
2018-02-24 18:02:22,0.08546700,0.09800000
2018-02-24 18:02:22,0.08546700,0.00100000
2018-02-24 18:02:22,0.08547300,0.09700000
2018-02-24 18:02:22,0.08540800,0.09800000
2018-02-24 18:02:23,0.08547200,0.10900000
2018-02-24 18:02:23,0.08540200,0.03500000
2018-02-24 18:02:23,0.08547200,0.00100000
2018-02-24 18:02:23,0.08547300,0.10800000
2018-02-24 18:02:23,0.08547300,0.10900000
2018-02-24 18:02:23,0.08547300,0.47400000
2018-02-24 18:02:23,0.08547300,0.37200000
2018-02-24 18:02:23,0.08548100,0.00700000
2018-02-24 18:02:23,0.08548300,0.04000000
2018-02-24 18:02:23,0.08548400,0.02000000
2018-02-24 18:02:23,0.08548900,0.02000000
2018-02-24 18:02:23,0.08549000,0.04000000
2018-02-24 18:02:23,0.08549100,0.04500000
2018-02-24 18:02:23,0.08549200,0.02100000
2018-02-24 18:02:23,0.08549300,0.03300000
2018-02-24 18:02:23,0.08549400,0.08000000
2018-02-24 18:02:23,0.08549500,0.02000000
2018-02-24 18:02:23,0.08549600,0.02000000
2018-02-24 18:02:23,0.08549700,0.02000000
2018-02-24 18:02:23,0.08549800,0.02000000
2018-02-24 18:02:23,0.08549900,0.08700000
2018-02-24 18:02:24,0.08546600,0.01900000
2018-02-24 18:02:24,0.08546600,0.01900000
2018-02-24 18:02:24,0.08546600,0.01900000
2018-02-24 18:02:24,0.08546600,0.04100000
2018-02-24 18:02:24,0.08546700,0.03700000
2018-02-24 18:02:24,0.08546700,0.00300000
2018-02-24 18:02:24,0.08546800,0.02000000
2018-02-24 18:02:24,0.08547000,0.01700000
2018-02-24 18:02:24,0.08547000,0.00300000
2018-02-24 18:02:24,0.08547300,0.04000000
2018-02-24 18:02:24,0.08548100,0.01600000
2018-02-24 18:02:25,0.08547200,0.01900000
2018-02-24 18:02:25,0.08547200,0.00100000
2018-02-24 18:02:25,0.08547300,0.01800000
2018-02-24 18:02:25,0.08547300,0.00200000
2018-02-24 18:02:25,0.08548100,0.01700000
2018-02-24 18:02:25,0.08540500,0.03500000
2018-02-24 18:02:25,0.08548100,0.00700000
2018-02-24 18:02:25,0.08548300,0.01200000
2018-02-24 18:02:26,0.08540500,0.05800000
2018-02-24 18:02:26,0.08540400,0.11900000
2018-02-24 18:02:26,0.08540100,0.99800000
2018-02-24 18:02:26,0.08540500,0.02000000
2018-02-24 18:02:26,0.08540200,0.05400000
2018-02-24 18:02:27,0.08540600,0.01900000
2018-02-24 18:02:27,0.08540600,0.07900000
2018-02-24 18:02:27,0.08548200,0.03500000
2018-02-24 18:02:27,0.08548200,0.06400000
2018-02-24 18:02:27,0.08548300,0.00800000
2018-02-24 18:02:27,0.08548400,0.02000000
2018-02-24 18:02:27,0.08548900,0.00600000
2018-02-24 18:02:27,0.08548900,0.01400000
2018-02-24 18:02:27,0.08549100,0.02000000
2018-02-24 18:02:27,0.08549200,0.02000000
2018-02-24 18:02:27,0.08549300,0.02000000
2018-02-24 18:02:27,0.08549400,0.02000000
2018-02-24 18:02:27,0.08549500,0.00400000
2018-02-24 18:02:27,0.08549500,0.01600000
2018-02-24 18:02:27,0.08549600,0.02000000
2018-02-24 18:02:27,0.08549700,0.02000000
2018-02-24 18:02:27,0.08549800,0.04200000
2018-02-24 18:02:28,0.08546700,0.01900000
2018-02-24 18:02:28,0.08546700,0.00100000
2018-02-24 18:02:28,0.08546800,0.01800000
2018-02-24 18:02:28,0.08546800,0.00200000
2018-02-24 18:02:28,0.08547000,0.01700000
2018-02-24 18:02:28,0.08540500,0.01900000
2018-02-24 18:02:28,0.08547000,0.00300000
2018-02-24 18:02:28,0.08547300,0.01600000
2018-02-24 18:02:29,0.08547200,0.09700000
2018-02-24 18:02:29,0.08547200,0.00100000
2018-02-24 18:02:29,0.08547300,0.00400000
2018-02-24 18:02:29,0.08549700,0.09200000
2018-02-24 18:02:29,0.08549700,0.03600000
2018-02-24 18:02:29,0.08549800,0.01300000
2018-02-24 18:02:29,0.08549900,0.04800000
2018-02-24 18:02:29,0.08540600,0.09800000
2018-02-24 18:02:29,0.08549900,0.09700000
2018-02-24 18:02:30,0.08547200,0.01900000
2018-02-24 18:02:30,0.08540800,0.01900000
2018-02-24 18:02:30,0.08540800,0.08900000
2018-02-24 18:02:31,0.08547100,0.09700000
2018-02-24 18:02:31,0.08540900,0.31700000
2018-02-24 18:02:33,0.08547100,0.09900000
2018-02-24 18:02:33,0.08547200,0.00100000
2018-02-24 18:02:33,0.08547300,0.02000000
2018-02-24 18:02:33,0.08548100,0.01400000
2018-02-24 18:02:33,0.08548100,0.00600000
2018-02-24 18:02:33,0.08548200,0.02000000
2018-02-24 18:02:33,0.08548300,0.04000000
2018-02-24 18:02:33,0.08548400,0.02000000
2018-02-24 18:02:33,0.08548900,0.01300000
2018-02-24 18:02:36,0.08541100,0.12600000
2018-02-24 18:02:36,0.08541100,0.12600000
2018-02-24 18:02:36,0.08548900,0.00700000
2018-02-24 18:02:36,0.08549000,0.10800000
2018-02-24 18:02:36,0.08549100,0.01000000
2018-02-24 18:02:36,0.08541400,0.07500000
2018-02-24 18:02:38,0.08541500,0.03500000
2018-02-24 18:02:39,0.08549000,0.09900000
2018-02-24 18:02:39,0.08549000,0.00100000
2018-02-24 18:02:39,0.08549100,0.01000000
2018-02-24 18:02:39,0.08549200,0.02400000
2018-02-24 18:02:40,0.08549200,0.02200000
2018-02-24 18:02:40,0.08549200,0.00100000
2018-02-24 18:02:40,0.08549300,0.02000000
2018-02-24 18:02:40,0.08549400,0.02000000
2018-02-24 18:02:40,0.08549900,0.27100000
2018-02-24 18:02:41,0.08549900,0.27200000
2018-02-24 18:02:42,0.08549900,0.03900000
2018-02-24 18:02:46,0.08542100,0.06300000
2018-02-24 18:02:47,0.08542000,0.17400000
2018-02-24 18:02:47,0.08542100,0.00100000
2018-02-24 18:02:48,0.08542100,0.09700000
2018-02-24 18:02:48,0.08549800,0.03500000
2018-02-24 18:02:48,0.08542000,0.00100000
2018-02-24 18:02:48,0.08541900,0.04100000
2018-02-24 18:02:48,0.08542200,0.12700000
2018-02-24 18:02:48,0.08541800,0.18000000
2018-02-24 18:02:51,0.08549600,0.03500000
2018-02-24 18:02:51,0.08549500,0.01300000
2018-02-24 18:02:52,0.08541900,0.08600000
2018-02-24 18:02:52,0.08541900,0.07500000
2018-02-24 18:02:53,0.08541900,2.14100000
2018-02-24 18:02:53,0.08541900,1.16900000
2018-02-24 18:02:53,0.08541900,0.65900000
2018-02-24 18:02:53,0.08549400,0.02800000
2018-02-24 18:02:53,0.08549500,0.11400000
2018-02-24 18:02:53,0.08549900,0.01900000
2018-02-24 18:02:53,0.08550000,0.35000000
2018-02-24 18:02:53,0.08550000,0.02900000
2018-02-24 18:02:53,0.08550000,0.17200000
2018-02-24 18:02:53,0.08550000,0.16100000
2018-02-24 18:02:57,0.08541900,0.12600000
2018-02-24 18:02:57,0.08541900,0.23400000
2018-02-24 18:02:58,0.08549600,0.11100000
2018-02-24 18:02:58,0.08549600,0.01700000
2018-02-24 18:02:58,0.08549700,0.09800000
2018-02-24 18:02:58,0.08549800,0.14700000
2018-02-24 18:03:00,0.08542100,0.09900000
2018-02-24 18:03:00,0.08542000,0.40800000
2018-02-24 18:03:00,0.08546000,0.07600000
2018-02-24 18:03:00,0.08546000,0.02200000
2018-02-24 18:03:01,0.08546100,0.04500000
2018-02-24 18:03:01,0.08546100,0.00100000
2018-02-24 18:03:01,0.08549800,0.09900000
2018-02-24 18:03:02,0.08546100,0.09300000
2018-02-24 18:03:02,0.08546100,0.06700000
2018-02-24 18:03:02,0.08549500,0.11100000
2018-02-24 18:03:02,0.08549800,2.75400000
2018-02-24 18:03:02,0.08550000,0.46200000
2018-02-24 18:03:03,0.08542200,0.01900000
2018-02-24 18:03:04,0.08542200,0.07900000
2018-02-24 18:03:04,0.08546000,0.10000000
2018-02-24 18:03:04,0.08546400,0.04600000
2018-02-24 18:03:04,0.08547300,0.02000000
2018-02-24 18:03:04,0.08550000,0.72400000
2018-02-24 18:03:04,0.08550000,1.99200000
2018-02-24 18:03:05,0.08542100,0.12700000
2018-02-24 18:03:05,0.08542100,0.00100000
2018-02-24 18:03:05,0.08542000,0.12600000
2018-02-24 18:03:05,0.08542000,0.75300000
2018-02-24 18:03:06,0.08541300,0.25300000
2018-02-24 18:03:06,0.08549900,0.09800000
2018-02-24 18:03:06,0.08550000,0.16700000
2018-02-24 18:03:07,0.08549900,0.12800000
2018-02-24 18:03:07,0.08550000,11.64500000
2018-02-24 18:03:07,0.08550000,0.02000000
2018-02-24 18:03:07,0.08550000,0.02000000
2018-02-24 18:03:07,0.08550300,0.37900000
2018-02-24 18:03:07,0.08550400,0.03700000
2018-02-24 18:03:07,0.08550500,0.33000000
2018-02-24 18:03:07,0.08550800,0.10100000
2018-02-24 18:03:07,0.08551300,0.00800000
2018-02-24 18:03:07,0.08550000,0.31000000
2018-02-24 18:03:07,0.08550000,0.01200000
2018-02-24 18:03:07,0.08550000,0.03900000
2018-02-24 18:03:08,0.08550000,0.02500000
2018-02-24 18:03:08,0.08550000,1.14500000
2018-02-24 18:03:08,0.08550000,0.23300000
2018-02-24 18:03:08,0.08550000,0.06500000
2018-02-24 18:03:08,0.08550000,0.05800000
2018-02-24 18:03:08,0.08550000,0.41700000
2018-02-24 18:03:08,0.08550000,0.25100000
2018-02-24 18:03:08,0.08550000,0.02300000
2018-02-24 18:03:08,0.08550000,0.18200000
2018-02-24 18:03:09,0.08550000,0.14600000
2018-02-24 18:03:09,0.08550000,0.07500000
2018-02-24 18:03:10,0.08550000,0.01600000
2018-02-24 18:03:10,0.08550000,0.17800000
2018-02-24 18:03:10,0.08550000,0.06400000
2018-02-24 18:03:10,0.08550000,0.03900000
2018-02-24 18:03:10,0.08550000,0.12700000
2018-02-24 18:03:11,0.08550000,0.19500000
2018-02-24 18:03:11,0.08550000,0.02900000
2018-02-24 18:03:12,0.08550700,0.02500000
2018-02-24 18:03:12,0.08550000,0.20300000
2018-02-24 18:03:17,0.08550000,0.02300000
2018-02-24 18:03:19,0.08550000,0.04800000
2018-02-24 18:03:21,0.08550000,0.02300000
2018-02-24 18:03:21,0.08550000,0.01300000
2018-02-24 18:03:21,0.08550000,0.15500000
2018-02-24 18:03:22,0.08550000,0.33100000
2018-02-24 18:03:22,0.08550000,3.55600000
2018-02-24 18:03:24,0.08550000,0.09000000
2018-02-24 18:03:24,0.08550000,0.85600000
2018-02-24 18:03:24,0.08550000,0.71400000
2018-02-24 18:03:24,0.08550700,0.00100000
2018-02-24 18:03:24,0.08551300,0.01700000
2018-02-24 18:03:24,0.08552500,0.09600000
2018-02-24 18:03:24,0.08554000,0.54100000
2018-02-24 18:03:24,0.08555000,0.06300000
2018-02-24 18:03:24,0.08550000,0.16600000
2018-02-24 18:03:24,0.08550000,0.72000000
2018-02-24 18:03:24,0.08550000,0.47900000
2018-02-24 18:03:26,0.08550100,0.03500000
2018-02-24 18:03:27,0.08554900,0.13100000
2018-02-24 18:03:29,0.08554900,0.17900000
2018-02-24 18:03:30,0.08550100,0.02300000
2018-02-24 18:03:30,0.08550100,0.27000000
2018-02-24 18:03:31,0.08550100,0.02600000
2018-02-24 18:03:33,0.08550100,0.00100000
2018-02-24 18:03:33,0.08550000,0.22700000
2018-02-24 18:03:34,0.08550000,0.04400000
2018-02-24 18:03:34,0.08550000,0.00100000
2018-02-24 18:03:34,0.08546000,0.03700000
2018-02-24 18:03:34,0.08543400,0.00600000
2018-02-24 18:03:34,0.08551400,0.04500000
2018-02-24 18:03:36,0.08551300,0.09800000
2018-02-24 18:03:37,0.08551400,0.00100000
2018-02-24 18:03:37,0.08551400,0.29900000
2018-02-24 18:03:37,0.08551400,0.04300000
2018-02-24 18:03:37,0.08543700,0.00200000
2018-02-24 18:03:38,0.08552600,0.02900000
2018-02-24 18:03:39,0.08552600,0.01600000
2018-02-24 18:03:42,0.08543900,0.24300000
2018-02-24 18:03:42,0.08552600,0.00100000
2018-02-24 18:03:42,0.08553700,0.00900000
2018-02-24 18:03:42,0.08553700,0.01100000
2018-02-24 18:03:42,0.08554800,0.03800000
2018-02-24 18:03:43,0.08553700,0.01900000
2018-02-24 18:03:43,0.08553600,0.05800000
2018-02-24 18:03:43,0.08553600,0.01200000
2018-02-24 18:03:44,0.08553600,0.02900000
2018-02-24 18:03:45,0.08550000,0.02600000
2018-02-24 18:03:45,0.08554600,0.06300000
2018-02-24 18:03:45,0.08554600,0.07700000
2018-02-24 18:03:45,0.08554600,0.02600000
2018-02-24 18:03:47,0.08544800,0.01600000
2018-02-24 18:03:47,0.08555000,0.01600000
2018-02-24 18:03:47,0.08550100,0.03200000
2018-02-24 18:03:48,0.08550100,0.01300000
2018-02-24 18:03:50,0.08550100,0.00100000
2018-02-24 18:03:51,0.08550100,0.12600000
2018-02-24 18:03:51,0.08550100,0.00100000
2018-02-24 18:03:51,0.08545500,0.09900000
2018-02-24 18:03:51,0.08545400,0.02600000
2018-02-24 18:03:51,0.08545400,0.12600000
2018-02-24 18:03:51,0.08552300,0.04500000
2018-02-24 18:03:52,0.08545400,0.37600000
2018-02-24 18:03:52,0.08552300,0.00100000
2018-02-24 18:03:52,0.08554100,0.01300000
2018-02-24 18:03:53,0.08554000,0.07900000
2018-02-24 18:03:53,0.08554000,0.02000000
2018-02-24 18:03:54,0.08554100,0.19000000
2018-02-24 18:03:54,0.08545500,0.09800000
2018-02-24 18:03:55,0.08554100,0.06400000
2018-02-24 18:03:55,0.08550200,0.09900000
2018-02-24 18:03:55,0.08550100,0.01300000
2018-02-24 18:03:56,0.08554000,0.09800000
2018-02-24 18:03:56,0.08554100,0.06500000
2018-02-24 18:03:56,0.08554100,0.03400000
2018-02-24 18:03:56,0.08554100,0.02200000
2018-02-24 18:03:56,0.08554100,0.10000000
2018-02-24 18:03:56,0.08554100,0.02000000
2018-02-24 18:03:56,0.08554100,0.01100000
2018-02-24 18:03:57,0.08554100,0.09100000
2018-02-24 18:03:58,0.08554000,0.09900000
2018-02-24 18:03:58,0.08554000,0.00100000
2018-02-24 18:03:58,0.08554100,0.03800000
2018-02-24 18:03:58,0.08554100,0.07900000
2018-02-24 18:03:59,0.08554800,0.11600000
2018-02-24 18:04:00,0.08554900,0.09300000
2018-02-24 18:04:01,0.08555000,0.22600000
2018-02-24 18:04:01,0.08555000,0.06900000
2018-02-24 18:04:01,0.08546000,0.01800000
2018-02-24 18:04:01,0.08555000,0.02300000
2018-02-24 18:04:02,0.08546000,0.20200000
2018-02-24 18:04:02,0.08550600,0.04600000
2018-02-24 18:04:02,0.08554500,0.07900000
2018-02-24 18:04:02,0.08554500,0.09400000
2018-02-24 18:04:02,0.08554500,0.13400000
2018-02-24 18:04:03,0.08546200,0.07700000
2018-02-24 18:04:04,0.08554400,0.05700000
2018-02-24 18:04:05,0.08554300,0.12900000
2018-02-24 18:04:05,0.08554300,0.34800000
2018-02-24 18:04:06,0.08549900,0.04200000
2018-02-24 18:04:06,0.08550000,0.13700000
2018-02-24 18:04:07,0.08550000,0.31800000
2018-02-24 18:04:08,0.08546200,0.02100000
2018-02-24 18:04:09,0.08546100,0.97800000
2018-02-24 18:04:09,0.08546100,0.05400000
2018-02-24 18:04:10,0.08549900,0.09700000
2018-02-24 18:04:12,0.08550000,0.00100000
2018-02-24 18:04:12,0.08554100,1.03200000
2018-02-24 18:04:12,0.08554200,0.01900000
2018-02-24 18:04:12,0.08554200,0.47600000
2018-02-24 18:04:13,0.08554200,0.05600000
2018-02-24 18:04:13,0.08547200,0.13100000
2018-02-24 18:04:13,0.08554200,0.05000000
2018-02-24 18:04:13,0.08547300,0.02200000
2018-02-24 18:04:16,0.08554100,0.05600000
2018-02-24 18:04:16,0.08554100,0.06400000
2018-02-24 18:04:16,0.08547300,0.03400000
2018-02-24 18:04:18,0.08547500,0.03500000
2018-02-24 18:04:21,0.08554000,0.09100000
2018-02-24 18:04:21,0.08554000,0.00100000
2018-02-24 18:04:21,0.08554100,0.00100000
2018-02-24 18:04:21,0.08555000,0.08900000
2018-02-24 18:04:21,0.08555000,0.21800000
2018-02-24 18:04:22,0.08554100,0.94500000
2018-02-24 18:04:22,0.08554100,0.14200000
2018-02-24 18:04:22,0.08547600,0.09300000
2018-02-24 18:04:22,0.08554100,0.03400000
2018-02-24 18:04:22,0.08554100,0.09900000
2018-02-24 18:04:22,0.08554100,0.04200000
2018-02-24 18:04:22,0.08554100,0.81800000
2018-02-24 18:04:22,0.08554100,0.24600000
2018-02-24 18:04:23,0.08554100,0.83300000
2018-02-24 18:04:23,0.08555000,0.64000000
2018-02-24 18:04:23,0.08547700,0.05800000
2018-02-24 18:04:24,0.08554900,0.05600000
2018-02-24 18:04:24,0.08554100,0.33600000
2018-02-24 18:04:24,0.08547700,0.04100000
2018-02-24 18:04:24,0.08547200,0.00100000
2018-02-24 18:04:24,0.08547000,0.09500000
2018-02-24 18:04:24,0.08546000,0.19500000
2018-02-24 18:04:24,0.08545400,0.00100000
2018-02-24 18:04:24,0.08545400,0.00800000
2018-02-24 18:04:24,0.08544900,0.32700000
2018-02-24 18:04:24,0.08544900,0.08900000
2018-02-24 18:04:24,0.08544900,0.19400000
2018-02-24 18:04:24,0.08544900,0.10800000
2018-02-24 18:04:24,0.08544900,0.06100000
2018-02-24 18:04:24,0.08554900,1.16700000
2018-02-24 18:04:24,0.08544900,0.33500000
2018-02-24 18:04:24,0.08544900,0.33500000
2018-02-24 18:04:24,0.08544900,0.33500000
2018-02-24 18:04:24,0.08554900,2.68900000
2018-02-24 18:04:24,0.08545100,0.03600000
2018-02-24 18:04:24,0.08544900,0.08000000
2018-02-24 18:04:25,0.08554500,0.77000000
2018-02-24 18:04:26,0.08554600,0.03500000
2018-02-24 18:04:27,0.08554500,0.05600000
2018-02-24 18:04:27,0.08545400,0.45900000
2018-02-24 18:04:27,0.08554500,0.04200000
2018-02-24 18:04:28,0.08554400,0.01900000
2018-02-24 18:04:28,0.08554400,0.06000000
2018-02-24 18:04:28,0.08554400,0.05700000
2018-02-24 18:04:29,0.08554300,0.05700000
2018-02-24 18:04:29,0.08554300,0.05600000
2018-02-24 18:04:30,0.08554300,0.01200000
2018-02-24 18:04:30,0.08554300,0.00300000
2018-02-24 18:04:30,0.08554500,0.33100000
2018-02-24 18:04:30,0.08554600,0.00100000
2018-02-24 18:04:30,0.08554900,0.01100000
2018-02-24 18:04:30,0.08554900,0.11600000
2018-02-24 18:04:30,0.08554900,0.05600000
2018-02-24 18:04:30,0.08554900,0.05600000
2018-02-24 18:04:31,0.08554900,0.05600000
2018-02-24 18:04:31,0.08554900,0.08000000
2018-02-24 18:04:31,0.08555000,0.71000000
2018-02-24 18:04:31,0.08555000,0.46200000
2018-02-24 18:04:31,0.08545900,0.03500000
2018-02-24 18:04:31,0.08555000,0.23100000
2018-02-24 18:04:31,0.08555000,0.00100000
2018-02-24 18:04:31,0.08555500,0.02800000
2018-02-24 18:04:31,0.08546000,0.12500000
2018-02-24 18:04:31,0.08555500,0.06500000
2018-02-24 18:04:32,0.08555500,0.01400000
2018-02-24 18:04:32,0.08546100,0.06300000
2018-02-24 18:04:32,0.08546000,0.02500000
2018-02-24 18:04:32,0.08555500,0.03400000
2018-02-24 18:04:32,0.08546000,0.17700000
2018-02-24 18:04:32,0.08555500,0.05100000
2018-02-24 18:04:33,0.08556500,0.13900000
2018-02-24 18:04:33,0.08557100,0.01500000
2018-02-24 18:04:33,0.08557900,0.23000000
2018-02-24 18:04:33,0.08557900,0.38400000
2018-02-24 18:04:33,0.08555500,0.11300000
2018-02-24 18:04:33,0.08556400,0.03800000
2018-02-24 18:04:33,0.08555500,0.05900000
2018-02-24 18:04:33,0.08546100,0.17100000
2018-02-24 18:04:33,0.08546100,0.17100000
2018-02-24 18:04:33,0.08556400,0.04100000
2018-02-24 18:04:33,0.08546100,0.17100000
2018-02-24 18:04:33,0.08546100,0.05800000
2018-02-24 18:04:33,0.08546100,0.05500000
2018-02-24 18:04:33,0.08546100,0.17100000
2018-02-24 18:04:33,0.08556400,0.12100000
2018-02-24 18:04:33,0.08556800,0.01800000
2018-02-24 18:04:33,0.08546100,0.15300000
2018-02-24 18:04:33,0.08546100,0.17100000
2018-02-24 18:04:33,0.08557600,1.71300000
2018-02-24 18:04:33,0.08556400,0.04300000
2018-02-24 18:04:33,0.08557600,2.15900000
2018-02-24 18:04:33,0.08556400,0.01700000
2018-02-24 18:04:33,0.08556400,0.13900000
2018-02-24 18:04:33,0.08556400,0.00100000
2018-02-24 18:04:33,0.08555500,0.10900000
2018-02-24 18:04:33,0.08557600,0.70000000
2018-02-24 18:04:33,0.08555500,0.05000000
2018-02-24 18:04:33,0.08555500,0.01600000
2018-02-24 18:04:33,0.08555500,3.58700000
2018-02-24 18:04:33,0.08555500,0.65700000
2018-02-24 18:04:34,0.08555500,1.16700000
2018-02-24 18:04:34,0.08556300,0.03400000
2018-02-24 18:04:34,0.08555500,1.17200000
2018-02-24 18:04:34,0.08555500,0.03300000
2018-02-24 18:04:34,0.08555500,0.32400000
2018-02-24 18:04:34,0.08555500,1.17100000
2018-02-24 18:04:34,0.08556300,0.09400000
2018-02-24 18:04:34,0.08557600,0.00100000
2018-02-24 18:04:34,0.08557900,0.03200000
2018-02-24 18:04:34,0.08555500,0.92100000
2018-02-24 18:04:34,0.08555500,0.02200000
2018-02-24 18:04:34,0.08555500,0.35100000
2018-02-24 18:04:34,0.08556300,0.05600000
2018-02-24 18:04:34,0.08555500,2.20600000
2018-02-24 18:04:34,0.08555500,2.95300000
2018-02-24 18:04:34,0.08555500,0.78800000
2018-02-24 18:04:34,0.08557900,0.30300000
2018-02-24 18:04:34,0.08555500,1.32100000
2018-02-24 18:04:34,0.08555500,2.52400000
2018-02-24 18:04:34,0.08555500,1.21000000
2018-02-24 18:04:34,0.08555500,0.35100000
2018-02-24 18:04:35,0.08555500,1.17000000
2018-02-24 18:04:35,0.08555500,0.43900000
2018-02-24 18:04:35,0.08546100,0.57900000
2018-02-24 18:04:35,0.08546100,0.18400000
2018-02-24 18:04:35,0.08546100,0.04700000
2018-02-24 18:04:35,0.08546100,0.43800000
2018-02-24 18:04:35,0.08546100,0.04200000
2018-02-24 18:04:35,0.08546100,0.19800000
2018-02-24 18:04:35,0.08546100,0.11100000
2018-02-24 18:04:35,0.08546400,0.19800000
2018-02-24 18:04:35,0.08546100,0.12100000
2018-02-24 18:04:35,0.08546100,0.03200000
2018-02-24 18:04:35,0.08557900,0.00100000
2018-02-24 18:04:35,0.08557900,0.25400000
2018-02-24 18:04:35,0.08546000,0.25300000
2018-02-24 18:04:35,0.08546100,0.09700000
2018-02-24 18:04:35,0.08557900,0.09700000
2018-02-24 18:04:36,0.08557800,0.98100000
2018-02-24 18:04:36,0.08557800,0.49100000
2018-02-24 18:04:36,0.08546100,0.07000000
2018-02-24 18:04:36,0.08557700,0.29700000
2018-02-24 18:04:37,0.08557600,0.02500000
2018-02-24 18:04:37,0.08546400,0.02300000
2018-02-24 18:04:38,0.08546500,0.12100000
2018-02-24 18:04:38,0.08546500,2.45300000
2018-02-24 18:04:39,0.08553900,0.00600000
2018-02-24 18:04:39,0.08553900,0.05600000
2018-02-24 18:04:39,0.08553900,0.05600000
2018-02-24 18:04:40,0.08553700,0.05600000
2018-02-24 18:04:40,0.08553700,0.25800000
2018-02-24 18:04:41,0.08553600,0.15700000
2018-02-24 18:04:42,0.08550000,0.02000000
2018-02-24 18:04:42,0.08546700,0.34100000
2018-02-24 18:04:42,0.08546700,0.02000000
2018-02-24 18:04:42,0.08553600,0.01400000
2018-02-24 18:04:43,0.08545600,0.03500000
2018-02-24 18:04:43,0.08553600,0.31400000
2018-02-24 18:04:43,0.08553600,0.05600000
2018-02-24 18:04:43,0.08553600,0.05600000
2018-02-24 18:04:43,0.08553600,0.05600000
2018-02-24 18:04:44,0.08553600,0.05600000
2018-02-24 18:04:44,0.08545700,0.08900000
2018-02-24 18:04:44,0.08545700,0.01000000
2018-02-24 18:04:44,0.08545600,0.08800000
2018-02-24 18:04:44,0.08545600,0.18300000
2018-02-24 18:04:44,0.08544700,0.12800000
2018-02-24 18:04:44,0.08544600,0.21400000
2018-02-24 18:04:45,0.08544800,0.02000000
2018-02-24 18:04:45,0.08544600,0.02900000
2018-02-24 18:04:45,0.08544600,0.04900000
2018-02-24 18:04:45,0.08553400,0.28300000
2018-02-24 18:04:45,0.08544800,0.02000000
2018-02-24 18:04:45,0.08544600,0.42300000
2018-02-24 18:04:45,0.08544600,0.02100000
2018-02-24 18:04:45,0.08544500,0.01900000
2018-02-24 18:04:46,0.08544900,0.12700000
2018-02-24 18:04:46,0.08544900,0.07000000
2018-02-24 18:04:46,0.08553200,0.09800000
2018-02-24 18:04:46,0.08553300,1.32700000
2018-02-24 18:04:47,0.08553300,0.05600000
2018-02-24 18:04:47,0.08554000,0.19500000
2018-02-24 18:04:47,0.08554300,0.00100000
2018-02-24 18:04:47,0.08544900,0.85600000
2018-02-24 18:04:47,0.08553200,0.03400000
2018-02-24 18:04:47,0.08553200,0.05600000
2018-02-24 18:04:47,0.08553200,0.02600000
2018-02-24 18:04:48,0.08553100,0.01300000
2018-02-24 18:04:50,0.08545000,0.01300000
2018-02-24 18:04:51,0.08553000,0.09900000
2018-02-24 18:04:51,0.08554200,4.20800000
2018-02-24 18:04:51,0.08554300,0.03500000
2018-02-24 18:04:51,0.08555300,0.02000000
2018-02-24 18:04:51,0.08557400,0.02300000
2018-02-24 18:04:51,0.08557500,0.18000000
2018-02-24 18:04:51,0.08558000,9.06000000
2018-02-24 18:04:51,0.08558300,0.43900000
2018-02-24 18:04:51,0.08559000,6.93600000
2018-02-24 18:04:52,0.08545300,0.02000000
2018-02-24 18:04:52,0.08545200,0.06800000
2018-02-24 18:04:53,0.08555000,0.01800000
2018-02-24 18:04:53,0.08555000,0.05000000
2018-02-24 18:04:54,0.08545600,0.17200000
2018-02-24 18:04:55,0.08554800,0.01000000
2018-02-24 18:04:56,0.08545900,0.05900000
2018-02-24 18:04:56,0.08554700,0.82400000
2018-02-24 18:04:56,0.08554800,0.10500000
2018-02-24 18:04:56,0.08554900,0.08900000
2018-02-24 18:04:56,0.08554900,0.08900000
2018-02-24 18:04:56,0.08554900,0.17800000
2018-02-24 18:04:56,0.08546100,0.01300000
2018-02-24 18:04:56,0.08546000,0.07700000
2018-02-24 18:04:57,0.08545900,0.20000000
2018-02-24 18:04:57,0.08553400,0.17700000
2018-02-24 18:04:57,0.08545900,0.16000000
2018-02-24 18:04:58,0.08546000,0.09800000
2018-02-24 18:04:58,0.08553300,0.01000000
2018-02-24 18:04:59,0.08553300,0.07900000
2018-02-24 18:04:59,0.08545900,0.11400000
2018-02-24 18:05:00,0.08553300,0.11900000
2018-02-24 18:05:00,0.08553400,0.00100000
2018-02-24 18:05:00,0.08556200,0.00900000
2018-02-24 18:05:01,0.08546300,0.04000000
2018-02-24 18:05:01,0.08546200,1.12900000
2018-02-24 18:05:01,0.08546300,0.11900000
2018-02-24 18:05:01,0.08553200,0.02700000
2018-02-24 18:05:02,0.08553200,0.02000000
2018-02-24 18:05:02,0.08546400,0.01900000
2018-02-24 18:05:02,0.08546400,0.10300000
2018-02-24 18:05:02,0.08546300,0.02000000
2018-02-24 18:05:02,0.08544600,1.64800000
2018-02-24 18:05:02,0.08546500,0.02900000
2018-02-24 18:05:02,0.08546500,0.09000000
2018-02-24 18:05:02,0.08546400,0.02000000
2018-02-24 18:05:03,0.08546000,0.05600000
2018-02-24 18:05:04,0.08553100,0.09900000
2018-02-24 18:05:04,0.08546100,0.09900000
2018-02-24 18:05:04,0.08545800,0.12000000
2018-02-24 18:05:04,0.08544600,0.10100000
2018-02-24 18:05:04,0.08553200,0.00100000
2018-02-24 18:05:04,0.08556100,0.02600000
2018-02-24 18:05:05,0.08556100,0.01900000
2018-02-24 18:05:05,0.08545800,0.28200000
2018-02-24 18:05:06,0.08555900,0.01900000
2018-02-24 18:05:08,0.08546300,0.26500000
2018-02-24 18:05:08,0.08553300,0.01000000
2018-02-24 18:05:09,0.08545700,0.02000000
2018-02-24 18:05:09,0.08553200,0.01200000
2018-02-24 18:05:09,0.08545700,1.06800000
2018-02-24 18:05:09,0.08545700,0.00100000
2018-02-24 18:05:09,0.08545000,0.39900000
2018-02-24 18:05:10,0.08544600,1.16900000
2018-02-24 18:05:10,0.08544600,0.41700000
2018-02-24 18:05:10,0.08553100,0.08800000
2018-02-24 18:05:10,0.08553100,0.00100000
2018-02-24 18:05:10,0.08553200,0.00100000
2018-02-24 18:05:10,0.08553600,0.08600000
2018-02-24 18:05:11,0.08553000,0.11400000
2018-02-24 18:05:11,0.08553000,0.00100000
2018-02-24 18:05:11,0.08553600,0.01500000
2018-02-24 18:05:11,0.08544700,0.08000000
2018-02-24 18:05:12,0.08553500,1.07600000
2018-02-24 18:05:12,0.08553500,0.03400000
2018-02-24 18:05:14,0.08553400,0.03000000
2018-02-24 18:05:14,0.08545000,0.08900000
2018-02-24 18:05:15,0.08545000,0.03900000
2018-02-24 18:05:15,0.08544900,0.09900000
2018-02-24 18:05:15,0.08544600,0.26200000
2018-02-24 18:05:15,0.08544600,0.05600000
2018-02-24 18:05:15,0.08544600,0.09900000
2018-02-24 18:05:15,0.08553000,0.40900000
2018-02-24 18:05:15,0.08553000,0.40900000
2018-02-24 18:05:15,0.08553000,0.40900000
2018-02-24 18:05:15,0.08553000,0.39700000
2018-02-24 18:05:15,0.08553000,0.51200000
2018-02-24 18:05:16,0.08553000,0.90200000
2018-02-24 18:05:16,0.08553000,0.26400000
2018-02-24 18:05:16,0.08544700,1.05800000
2018-02-24 18:05:16,0.08544700,0.03400000
2018-02-24 18:05:16,0.08544700,0.95100000
2018-02-24 18:05:18,0.08552700,0.06800000
2018-02-24 18:05:19,0.08552600,0.12700000
2018-02-24 18:05:19,0.08544800,0.12700000
2018-02-24 18:05:20,0.08545000,1.01400000
2018-02-24 18:05:20,0.08545000,1.72900000
2018-02-24 18:05:20,0.08552800,0.05600000
2018-02-24 18:05:21,0.08545100,0.09900000
2018-02-24 18:05:21,0.08552800,0.04300000
2018-02-24 18:05:21,0.08545000,11.60200000
2018-02-24 18:05:21,0.08552900,0.12800000
2018-02-24 18:05:22,0.08545000,0.35400000
2018-02-24 18:05:23,0.08545000,0.00100000
2018-02-24 18:05:23,0.08545100,0.09900000
2018-02-24 18:05:24,0.08545100,0.70200000
2018-02-24 18:05:24,0.08552800,0.00100000
2018-02-24 18:05:24,0.08552800,0.12600000
2018-02-24 18:05:25,0.08552700,0.10000000
2018-02-24 18:05:25,0.08553000,0.11600000
2018-02-24 18:05:25,0.08553000,0.11600000
2018-02-24 18:05:26,0.08545000,0.12100000
2018-02-24 18:05:26,0.08552800,0.02100000
2018-02-24 18:05:26,0.08545000,0.02000000
2018-02-24 18:05:26,0.08545000,0.02000000
2018-02-24 18:05:26,0.08545000,0.02000000
2018-02-24 18:05:26,0.08545000,0.02000000
2018-02-24 18:05:26,0.08545000,0.36100000
2018-02-24 18:05:27,0.08553000,0.62200000
2018-02-24 18:05:27,0.08545000,0.35900000
2018-02-24 18:05:28,0.08545100,0.22500000
2018-02-24 18:05:31,0.08552800,0.03300000
2018-02-24 18:05:32,0.08552800,0.09400000
2018-02-24 18:05:32,0.08552900,0.02200000
2018-02-24 18:05:34,0.08552900,0.46700000
2018-02-24 18:05:35,0.08545200,0.12800000
2018-02-24 18:05:36,0.08545300,0.02000000
2018-02-24 18:05:37,0.08552800,0.09900000
2018-02-24 18:05:37,0.08545300,0.07900000
2018-02-24 18:05:37,0.08552900,0.18700000
2018-02-24 18:05:38,0.08545100,0.25100000
2018-02-24 18:05:38,0.08545000,0.60900000
2018-02-24 18:05:39,0.08552800,0.22700000
2018-02-24 18:05:39,0.08552900,2.15200000
2018-02-24 18:05:39,0.08552900,0.08000000
2018-02-24 18:05:40,0.08545100,0.09900000
2018-02-24 18:05:40,0.08545000,0.75500000
2018-02-24 18:05:42,0.08552000,0.06000000
2018-02-24 18:05:42,0.08552000,0.17300000
2018-02-24 18:05:42,0.08552800,0.05500000
2018-02-24 18:05:42,0.08552800,0.04400000
2018-02-24 18:05:42,0.08552900,0.18800000
2018-02-24 18:05:44,0.08545200,0.02900000
2018-02-24 18:05:44,0.08545200,0.09800000
2018-02-24 18:05:44,0.08545100,0.40000000
2018-02-24 18:05:45,0.08545100,0.63900000
2018-02-24 18:05:46,0.08545100,0.24700000
2018-02-24 18:05:46,0.08545100,0.09500000
2018-02-24 18:05:47,0.08552800,0.09800000
2018-02-24 18:05:49,0.08552900,0.39800000
2018-02-24 18:05:50,0.08552800,0.08700000
2018-02-24 18:05:50,0.08552800,0.04100000
2018-02-24 18:05:50,0.08552900,0.04600000
2018-02-24 18:05:50,0.08552900,0.12700000
2018-02-24 18:05:51,0.08545800,0.27700000
2018-02-24 18:05:51,0.08545200,0.51400000
2018-02-24 18:05:51,0.08545800,0.12000000
2018-02-24 18:05:51,0.08545800,0.12400000
2018-02-24 18:05:51,0.08545800,0.24500000
2018-02-24 18:05:51,0.08545800,0.44400000
2018-02-24 18:05:51,0.08545800,0.15000000
2018-02-24 18:05:51,0.08545800,0.04400000
2018-02-24 18:05:51,0.08545800,0.01700000
2018-02-24 18:05:51,0.08545800,2.57900000
2018-02-24 18:05:51,0.08552500,0.27800000
2018-02-24 18:05:51,0.08552900,3.99900000
2018-02-24 18:05:51,0.08553000,5.14400000
2018-02-24 18:05:51,0.08553000,0.32000000
2018-02-24 18:05:52,0.08545400,0.02500000
2018-02-24 18:05:53,0.08545500,0.05200000
2018-02-24 18:05:53,0.08545500,0.04700000
2018-02-24 18:05:53,0.08545500,0.02300000
2018-02-24 18:05:54,0.08545400,0.02500000
2018-02-24 18:05:54,0.08545500,0.12800000
2018-02-24 18:05:54,0.08545400,0.27200000
2018-02-24 18:05:56,0.08545400,0.05200000
2018-02-24 18:05:57,0.08552700,0.01600000
2018-02-24 18:05:58,0.08545400,0.41400000
2018-02-24 18:05:59,0.08545400,0.07700000
2018-02-24 18:05:59,0.08549400,0.04000000
2018-02-24 18:06:00,0.08549400,0.00600000
2018-02-24 18:06:00,0.08549400,0.02000000
2018-02-24 18:06:01,0.08552500,0.08300000
2018-02-24 18:06:02,0.08549400,0.00100000
2018-02-24 18:06:02,0.08545400,0.11900000
2018-02-24 18:06:02,0.08549400,0.11400000
2018-02-24 18:06:02,0.08551800,0.86500000
2018-02-24 18:06:02,0.08552600,2.24300000
2018-02-24 18:06:03,0.08552600,0.10200000
2018-02-24 18:06:03,0.08549500,0.09800000
2018-02-24 18:06:03,0.08549500,0.00100000
2018-02-24 18:06:03,0.08549400,0.00100000
2018-02-24 18:06:03,0.08545400,0.09600000
2018-02-24 18:06:03,0.08545400,0.03500000
2018-02-24 18:06:03,0.08545200,0.06300000
2018-02-24 18:06:03,0.08545200,1.25400000
2018-02-24 18:06:04,0.08545200,0.04300000
2018-02-24 18:06:05,0.08545200,0.01600000
2018-02-24 18:06:06,0.08545200,0.05200000
2018-02-24 18:06:06,0.08545200,0.07700000
2018-02-24 18:06:07,0.08545200,0.01700000
2018-02-24 18:06:07,0.08552500,0.09900000
2018-02-24 18:06:08,0.08552400,0.12700000
2018-02-24 18:06:09,0.08545300,0.09800000
2018-02-24 18:06:09,0.08552300,0.09900000
2018-02-24 18:06:10,0.08552500,0.01600000
2018-02-24 18:06:10,0.08545200,0.13800000
2018-02-24 18:06:10,0.08552500,0.00100000
2018-02-24 18:06:10,0.08552600,1.54400000
2018-02-24 18:06:11,0.08545300,0.09900000
2018-02-24 18:06:11,0.08545200,0.12800000
2018-02-24 18:06:12,0.08545300,0.01200000
2018-02-24 18:06:12,0.08545200,0.05300000
2018-02-24 18:06:13,0.08545400,0.17700000
2018-02-24 18:06:13,0.08545400,0.07800000
2018-02-24 18:06:14,0.08545500,0.01900000
2018-02-24 18:06:15,0.08545500,0.03900000
2018-02-24 18:06:15,0.08552300,0.25900000
2018-02-24 18:06:16,0.08552300,0.04900000
2018-02-24 18:06:17,0.08545500,0.06800000
2018-02-24 18:06:17,0.08552200,0.09900000
2018-02-24 18:06:17,0.08552300,0.04000000
2018-02-24 18:06:19,0.08545600,0.09500000
2018-02-24 18:06:21,0.08545600,0.00100000
2018-02-24 18:06:21,0.08545600,0.06800000
2018-02-24 18:06:21,0.08545500,0.00100000
2018-02-24 18:06:21,0.08545400,0.10700000
2018-02-24 18:06:21,0.08545400,0.47700000
2018-02-24 18:06:22,0.08545400,0.04700000
2018-02-24 18:06:22,0.08545400,0.10500000
2018-02-24 18:06:23,0.08545500,0.06900000
2018-02-24 18:06:23,0.08545400,0.06800000
2018-02-24 18:06:23,0.08545400,0.52000000
2018-02-24 18:06:24,0.08545400,3.13600000
2018-02-24 18:06:24,0.08545200,5.78400000
2018-02-24 18:06:24,0.08545400,0.00700000
2018-02-24 18:06:25,0.08546500,0.29600000
2018-02-24 18:06:26,0.08546500,0.06600000
2018-02-24 18:06:26,0.08546500,0.89000000
2018-02-24 18:06:26,0.08552300,0.06300000
2018-02-24 18:06:26,0.08545200,0.11500000
2018-02-24 18:06:26,0.08552300,0.07200000
2018-02-24 18:06:26,0.08552600,0.12700000
2018-02-24 18:06:26,0.08552700,0.75600000
2018-02-24 18:06:26,0.08552700,0.15000000
2018-02-24 18:06:26,0.08552700,0.58700000
2018-02-24 18:06:27,0.08549300,0.04500000
2018-02-24 18:06:27,0.08545200,1.16900000
2018-02-24 18:06:27,0.08545200,4.35700000
2018-02-24 18:06:29,0.08545300,0.09900000
2018-02-24 18:06:29,0.08549200,0.04400000
2018-02-24 18:06:29,0.08549200,0.05100000
2018-02-24 18:06:29,0.08549300,0.00100000
2018-02-24 18:06:30,0.08550900,0.05000000
2018-02-24 18:06:30,0.08545200,0.06900000
2018-02-24 18:06:30,0.08545200,0.01000000
2018-02-24 18:06:31,0.08545200,0.13100000
2018-02-24 18:06:31,0.08549300,0.04500000
2018-02-24 18:06:31,0.08549300,0.00100000
2018-02-24 18:06:31,0.08552700,0.11500000
2018-02-24 18:06:31,0.08549400,0.11800000
2018-02-24 18:06:31,0.08549400,0.06400000
2018-02-24 18:06:32,0.08549400,0.05000000
2018-02-24 18:06:32,0.08549400,0.07900000
2018-02-24 18:06:32,0.08549400,0.46300000
2018-02-24 18:06:32,0.08549400,0.18100000
2018-02-24 18:06:32,0.08549400,1.16900000
2018-02-24 18:06:32,0.08549400,0.25100000
2018-02-24 18:06:32,0.08549400,0.65300000
2018-02-24 18:06:32,0.08552600,0.05600000
2018-02-24 18:06:32,0.08552600,0.04300000
2018-02-24 18:06:32,0.08552700,1.42100000
2018-02-24 18:06:32,0.08552700,0.54100000
2018-02-24 18:06:32,0.08552800,0.02500000
2018-02-24 18:06:32,0.08553000,0.35200000
2018-02-24 18:06:32,0.08553500,0.16100000
2018-02-24 18:06:32,0.08553600,0.89600000
2018-02-24 18:06:32,0.08553000,0.07000000
2018-02-24 18:06:32,0.08552700,0.05800000
2018-02-24 18:06:32,0.08552700,0.02000000
2018-02-24 18:06:32,0.08552700,0.07000000
2018-02-24 18:06:33,0.08552700,0.12800000
2018-02-24 18:06:33,0.08552700,0.00100000
2018-02-24 18:06:33,0.08549400,0.12700000
2018-02-24 18:06:34,0.08549500,0.09200000
2018-02-24 18:06:34,0.08552700,0.13600000
2018-02-24 18:06:34,0.08549400,0.01400000
2018-02-24 18:06:34,0.08549400,0.09600000
2018-02-24 18:06:35,0.08549400,1.16900000
2018-02-24 18:06:35,0.08549400,0.01900000
2018-02-24 18:06:35,0.08550800,0.40800000
2018-02-24 18:06:35,0.08549400,0.12600000
2018-02-24 18:06:35,0.08549400,0.20100000
2018-02-24 18:06:35,0.08549400,0.27100000
2018-02-24 18:06:36,0.08549500,0.09800000
2018-02-24 18:06:36,0.08549500,0.00100000
2018-02-24 18:06:36,0.08549400,0.09700000
2018-02-24 18:06:36,0.08549400,0.11700000
2018-02-24 18:06:36,0.08549400,0.26800000
2018-02-24 18:06:36,0.08551200,0.02600000
2018-02-24 18:06:36,0.08552600,0.09000000
2018-02-24 18:06:36,0.08549400,0.01000000
2018-02-24 18:06:37,0.08549400,0.08600000
2018-02-24 18:06:37,0.08549400,0.01500000
2018-02-24 18:06:37,0.08552700,0.08500000
2018-02-24 18:06:37,0.08549400,0.40000000
2018-02-24 18:06:37,0.08549400,0.35400000
2018-02-24 18:06:37,0.08552700,0.05600000
2018-02-24 18:06:37,0.08553000,0.02900000
2018-02-24 18:06:37,0.08552700,0.05600000
2018-02-24 18:06:37,0.08552700,0.04500000
2018-02-24 18:06:37,0.08552700,0.81800000
2018-02-24 18:06:38,0.08549400,0.66800000
2018-02-24 18:06:39,0.08549500,0.09800000
2018-02-24 18:06:39,0.08549500,0.00100000
2018-02-24 18:06:39,0.08549400,0.00100000
2018-02-24 18:06:39,0.08545200,0.09600000
2018-02-24 18:06:40,0.08545200,0.01000000
2018-02-24 18:06:41,0.08552600,0.10100000
2018-02-24 18:06:41,0.08552700,4.61800000
2018-02-24 18:06:41,0.08553600,0.00300000
2018-02-24 18:06:41,0.08553900,0.07900000
2018-02-24 18:06:41,0.08555000,0.19900000
2018-02-24 18:06:41,0.08545400,0.24800000
2018-02-24 18:06:42,0.08545600,0.02800000
2018-02-24 18:06:43,0.08554800,0.05600000
2018-02-24 18:06:44,0.08545700,1.00200000
2018-02-24 18:06:44,0.08554800,0.10500000
2018-02-24 18:06:44,0.08554800,0.01700000
2018-02-24 18:06:44,0.08554800,0.05600000
2018-02-24 18:06:44,0.08554700,0.10600000
2018-02-24 18:06:44,0.08554700,0.05600000
2018-02-24 18:06:44,0.08545800,0.01000000
2018-02-24 18:06:45,0.08545900,0.02800000
2018-02-24 18:06:46,0.08554700,0.74300000
2018-02-24 18:06:47,0.08546100,0.02800000
2018-02-24 18:06:48,0.08554700,0.02000000
2018-02-24 18:06:48,0.08554800,0.08400000
2018-02-24 18:06:49,0.08546400,0.07000000
2018-02-24 18:06:50,0.08554700,0.02000000
2018-02-24 18:06:50,0.08554800,0.00200000
2018-02-24 18:06:50,0.08546300,0.06500000
2018-02-24 18:06:50,0.08546300,0.05100000
2018-02-24 18:06:51,0.08546200,0.05000000
2018-02-24 18:06:51,0.08546200,0.00100000
2018-02-24 18:06:51,0.08554700,0.02000000
2018-02-24 18:06:51,0.08554800,0.00800000
2018-02-24 18:06:51,0.08554800,0.01900000
2018-02-24 18:06:51,0.08554900,0.03100000
2018-02-24 18:06:51,0.08554900,0.05000000
2018-02-24 18:06:52,0.08546000,0.09800000
2018-02-24 18:06:52,0.08545900,0.02700000
2018-02-24 18:06:53,0.08554500,0.02400000
2018-02-24 18:06:53,0.08545900,0.00100000
2018-02-24 18:06:53,0.08545900,0.02000000
2018-02-24 18:06:53,0.08545900,0.00700000
2018-02-24 18:06:53,0.08545900,0.01200000
2018-02-24 18:06:54,0.08545900,0.00100000
2018-02-24 18:06:54,0.08545500,0.03600000
2018-02-24 18:06:54,0.08545900,0.01900000
2018-02-24 18:06:55,0.08545900,0.00100000
2018-02-24 18:06:56,0.08545900,0.02300000
2018-02-24 18:06:56,0.08545900,0.00400000
2018-02-24 18:06:56,0.08554200,0.02200000
2018-02-24 18:06:56,0.08545200,0.79000000
2018-02-24 18:06:56,0.08545200,0.03500000
2018-02-24 18:06:57,0.08545300,0.09900000
2018-02-24 18:06:57,0.08554100,0.06800000
2018-02-24 18:06:57,0.08554000,0.06800000
2018-02-24 18:06:58,0.08545200,0.11500000
2018-02-24 18:06:59,0.08554500,0.12600000
2018-02-24 18:06:59,0.08554500,0.00200000
2018-02-24 18:06:59,0.08554600,0.05600000
2018-02-24 18:06:59,0.08554800,0.03600000
2018-02-24 18:06:59,0.08555000,2.90600000
2018-02-24 18:07:00,0.08545400,0.03600000
2018-02-24 18:07:00,0.08545300,0.00700000
2018-02-24 18:07:00,0.08554300,0.03500000
2018-02-24 18:07:01,0.08545400,0.02000000
2018-02-24 18:07:01,0.08545300,0.01700000
2018-02-24 18:07:01,0.08549300,0.02400000
2018-02-24 18:07:01,0.08549300,0.17300000
2018-02-24 18:07:02,0.08549300,0.08600000
2018-02-24 18:07:02,0.08549300,0.05600000
2018-02-24 18:07:02,0.08549200,0.05600000
2018-02-24 18:07:03,0.08549200,0.05000000
2018-02-24 18:07:03,0.08549300,0.37800000
2018-02-24 18:07:03,0.08549300,0.42800000
2018-02-24 18:07:03,0.08545300,0.08200000
2018-02-24 18:07:03,0.08545200,0.40100000
2018-02-24 18:07:03,0.08549300,0.00100000
2018-02-24 18:07:03,0.08545300,0.02500000
2018-02-24 18:07:04,0.08545300,0.03100000
2018-02-24 18:07:04,0.08545300,0.00300000
2018-02-24 18:07:04,0.08549300,0.03000000
2018-02-24 18:07:04,0.08549300,0.03300000
2018-02-24 18:07:05,0.08545500,0.09900000
2018-02-24 18:07:05,0.08545400,0.19600000
2018-02-24 18:07:06,0.08545400,0.02500000
2018-02-24 18:07:06,0.08545400,0.11500000
2018-02-24 18:07:06,0.08545400,0.33000000
2018-02-24 18:07:06,0.08545400,0.11300000
2018-02-24 18:07:08,0.08545400,0.11500000
2018-02-24 18:07:08,0.08549200,0.09900000
2018-02-24 18:07:10,0.08545400,0.06000000
2018-02-24 18:07:10,0.08545400,0.00100000
2018-02-24 18:07:10,0.08545500,0.02800000
2018-02-24 18:07:11,0.08549200,0.09800000
2018-02-24 18:07:11,0.08545500,0.03900000
2018-02-24 18:07:11,0.08545500,0.03100000
2018-02-24 18:07:11,0.08545400,0.21400000
2018-02-24 18:07:12,0.08549200,0.26200000
2018-02-24 18:07:12,0.08549200,2.98100000
2018-02-24 18:07:12,0.08545400,0.00100000
2018-02-24 18:07:12,0.08545300,0.07400000
2018-02-24 18:07:12,0.08545200,0.18600000
2018-02-24 18:07:12,0.08545200,1.16200000
2018-02-24 18:07:12,0.08545200,0.13500000
2018-02-24 18:07:12,0.08545200,0.08800000
2018-02-24 18:07:12,0.08549300,0.04800000
2018-02-24 18:07:12,0.08545200,0.12900000
2018-02-24 18:07:13,0.08547700,0.07700000
2018-02-24 18:07:13,0.08545400,0.02600000
2018-02-24 18:07:14,0.08545400,0.03100000
2018-02-24 18:07:14,0.08545400,0.00100000
2018-02-24 18:07:14,0.08547700,0.00300000
2018-02-24 18:07:14,0.08548300,0.02700000
2018-02-24 18:07:14,0.08548200,0.09500000
2018-02-24 18:07:15,0.08545300,0.09900000
2018-02-24 18:07:15,0.08545200,0.10000000
2018-02-24 18:07:16,0.08548300,0.01200000
2018-02-24 18:07:16,0.08546500,0.02600000
2018-02-24 18:07:17,0.08547700,0.05400000
2018-02-24 18:07:17,0.08548300,0.00100000
2018-02-24 18:07:17,0.08549200,0.50000000
2018-02-24 18:07:17,0.08549300,0.74100000
2018-02-24 18:07:17,0.08552300,0.09900000
2018-02-24 18:07:17,0.08554300,0.00100000
2018-02-24 18:07:17,0.08554400,0.10900000
2018-02-24 18:07:17,0.08554600,0.02000000
2018-02-24 18:07:17,0.08554900,0.05200000
2018-02-24 18:07:17,0.08555000,1.40300000
2018-02-24 18:07:17,0.08547700,0.54200000
2018-02-24 18:07:17,0.08546500,0.00100000
2018-02-24 18:07:17,0.08545300,0.05200000
2018-02-24 18:07:17,0.08554500,0.05800000
2018-02-24 18:07:18,0.08546500,0.02700000
2018-02-24 18:07:18,0.08546500,0.00100000
2018-02-24 18:07:18,0.08554500,0.02600000
2018-02-24 18:07:18,0.08554500,0.01900000
2018-02-24 18:07:18,0.08554600,0.00800000
2018-02-24 18:07:18,0.08554600,0.01200000
2018-02-24 18:07:18,0.08555000,0.01500000
2018-02-24 18:07:18,0.08554600,0.02000000
2018-02-24 18:07:18,0.08555000,0.54200000
2018-02-24 18:07:18,0.08554600,0.01600000
2018-02-24 18:07:18,0.08555000,0.52800000
2018-02-24 18:07:19,0.08545600,0.13900000
2018-02-24 18:07:19,0.08545600,0.12000000
2018-02-24 18:07:19,0.08545700,0.09900000
2018-02-24 18:07:19,0.08545700,0.16700000
2018-02-24 18:07:20,0.08545800,0.03600000
2018-02-24 18:07:20,0.08545700,0.00400000
2018-02-24 18:07:20,0.08545700,0.10100000
2018-02-24 18:07:20,0.08554700,0.03600000
2018-02-24 18:07:20,0.08555000,0.00400000
2018-02-24 18:07:20,0.08556500,0.02000000
2018-02-24 18:07:20,0.08557900,0.09700000
2018-02-24 18:07:20,0.08558600,1.92700000
2018-02-24 18:07:21,0.08545800,0.13400000
2018-02-24 18:07:21,0.08554600,0.01900000
2018-02-24 18:07:22,0.08554500,0.01000000
2018-02-24 18:07:22,0.08545900,0.09800000
2018-02-24 18:07:22,0.08545800,0.02100000
2018-02-24 18:07:22,0.08545800,0.00700000
2018-02-24 18:07:23,0.08545800,0.25900000
2018-02-24 18:07:23,0.08546000,0.07300000
2018-02-24 18:07:24,0.08546100,0.75700000
2018-02-24 18:07:24,0.08554500,0.08800000
2018-02-24 18:07:24,0.08546100,0.36300000
2018-02-24 18:07:24,0.08546100,0.11500000
2018-02-24 18:07:25,0.08546100,0.08000000
2018-02-24 18:07:25,0.08554600,0.19500000
2018-02-24 18:07:25,0.08554600,0.05800000
2018-02-24 18:07:25,0.08545800,0.00100000
2018-02-24 18:07:25,0.08545200,0.02900000
2018-02-24 18:07:26,0.08554800,1.45800000
2018-02-24 18:07:26,0.08545600,0.03600000
2018-02-24 18:07:26,0.08545400,0.06400000
2018-02-24 18:07:26,0.08554600,0.03600000
2018-02-24 18:07:26,0.08554800,0.02000000
2018-02-24 18:07:26,0.08554700,0.01800000
2018-02-24 18:07:26,0.08545400,0.07100000
2018-02-24 18:07:27,0.08554700,0.08100000
2018-02-24 18:07:28,0.08555000,0.02600000
2018-02-24 18:07:28,0.08555000,0.00100000
2018-02-24 18:07:28,0.08556900,0.02000000
2018-02-24 18:07:28,0.08558500,0.00300000
2018-02-24 18:07:28,0.08556900,0.02000000
2018-02-24 18:07:28,0.08558500,0.01200000
2018-02-24 18:07:28,0.08546000,0.05500000
2018-02-24 18:07:29,0.08556800,1.11500000
2018-02-24 18:07:29,0.08546300,0.11500000
2018-02-24 18:07:29,0.08554600,0.02700000
2018-02-24 18:07:30,0.08554600,0.04400000
2018-02-24 18:07:30,0.08554600,0.08000000
2018-02-24 18:07:31,0.08554600,0.00300000
2018-02-24 18:07:31,0.08554600,0.07700000
2018-02-24 18:07:31,0.08546600,0.29000000
2018-02-24 18:07:31,0.08546600,0.02800000
2018-02-24 18:07:31,0.08554000,0.05900000
2018-02-24 18:07:31,0.08549400,0.02400000
2018-02-24 18:07:31,0.08554000,0.00100000
2018-02-24 18:07:31,0.08554600,0.02400000
2018-02-24 18:07:32,0.08554600,0.03100000
2018-02-24 18:07:32,0.08554600,0.02400000
2018-02-24 18:07:32,0.08556900,0.02000000
2018-02-24 18:07:32,0.08558500,0.00300000
2018-02-24 18:07:32,0.08554800,0.03000000
2018-02-24 18:07:32,0.08554800,0.29000000
2018-02-24 18:07:32,0.08556900,0.02000000
2018-02-24 18:07:32,0.08558500,0.00400000
2018-02-24 18:07:32,0.08554800,0.35000000
2018-02-24 18:07:32,0.08549700,0.02400000
2018-02-24 18:07:32,0.08546900,0.26600000
2018-02-24 18:07:32,0.08556900,0.02000000
2018-02-24 18:07:32,0.08556900,0.02000000
2018-02-24 18:07:32,0.08554600,0.05000000
2018-02-24 18:07:32,0.08554600,0.03000000
2018-02-24 18:07:32,0.08546900,0.04900000
2018-02-24 18:07:32,0.08547000,0.02000000
2018-02-24 18:07:33,0.08554600,0.07900000
2018-02-24 18:07:33,0.08554600,0.00100000
2018-02-24 18:07:33,0.08557100,0.02000000
2018-02-24 18:07:33,0.08557100,0.02000000
2018-02-24 18:07:33,0.08558500,0.00100000
2018-02-24 18:07:33,0.08554600,0.07100000
2018-02-24 18:07:33,0.08554600,0.00900000
2018-02-24 18:07:34,0.08553100,0.07000000
2018-02-24 18:07:34,0.08553100,0.00100000
2018-02-24 18:07:34,0.08556800,0.01100000
2018-02-24 18:07:34,0.08556800,0.06600000
2018-02-24 18:07:34,0.08556900,0.00400000
2018-02-24 18:07:34,0.08556900,0.04900000
2018-02-24 18:07:34,0.08557400,0.02000000
2018-02-24 18:07:34,0.08558500,0.02000000
2018-02-24 18:07:34,0.08558800,0.00900000
2018-02-24 18:07:35,0.08547800,0.09900000
2018-02-24 18:07:35,0.08547700,0.61800000
2018-02-24 18:07:35,0.08557400,0.02000000
2018-02-24 18:07:35,0.08558800,0.01900000
2018-02-24 18:07:35,0.08557400,0.02000000
2018-02-24 18:07:35,0.08558800,0.00300000
2018-02-24 18:07:35,0.08557400,0.02000000
2018-02-24 18:07:35,0.08558800,0.00400000
2018-02-24 18:07:35,0.08557300,0.34500000
2018-02-24 18:07:36,0.08548000,0.07100000
2018-02-24 18:07:36,0.08557300,0.25300000
2018-02-24 18:07:36,0.08557500,0.02000000
2018-02-24 18:07:37,0.08558700,0.09900000
2018-02-24 18:07:37,0.08558800,0.09800000
2018-02-24 18:07:37,0.08558800,0.01900000
2018-02-24 18:07:37,0.08558800,0.08000000
2018-02-24 18:07:37,0.08558900,0.11700000
2018-02-24 18:07:37,0.08548500,0.59400000
2018-02-24 18:07:38,0.08558800,0.17900000
2018-02-24 18:07:38,0.08549000,0.07100000
2018-02-24 18:07:38,0.08549200,0.10000000
2018-02-24 18:07:39,0.08549300,0.03500000
2018-02-24 18:07:39,0.08558700,0.59300000
2018-02-24 18:07:39,0.08558700,0.00100000
2018-02-24 18:07:39,0.08558800,0.16100000
2018-02-24 18:07:39,0.08558900,0.07800000
2018-02-24 18:07:40,0.08558900,0.15200000
2018-02-24 18:07:40,0.08549400,0.21300000
2018-02-24 18:07:40,0.08558900,0.32700000
2018-02-24 18:07:40,0.08558900,2.32000000
2018-02-24 18:07:40,0.08549500,0.02800000
2018-02-24 18:07:41,0.08549500,0.33900000
2018-02-24 18:07:41,0.08549600,0.07600000
2018-02-24 18:07:41,0.08558700,0.34500000
2018-02-24 18:07:41,0.08558700,0.00200000
2018-02-24 18:07:41,0.08558800,0.07500000
2018-02-24 18:07:42,0.08549700,0.03500000
2018-02-24 18:07:42,0.08558800,0.07600000
2018-02-24 18:07:43,0.08549800,0.02800000
2018-02-24 18:07:43,0.08558800,0.26100000
2018-02-24 18:07:43,0.08549800,1.17100000
2018-02-24 18:07:43,0.08549800,0.46900000
2018-02-24 18:07:43,0.08549900,0.02500000
2018-02-24 18:07:43,0.08558700,0.71600000
2018-02-24 18:07:44,0.08558700,0.08200000
2018-02-24 18:07:44,0.08549900,0.30400000
2018-02-24 18:07:44,0.08549900,0.00100000
2018-02-24 18:07:44,0.08549700,0.00100000
2018-02-24 18:07:44,0.08549300,0.02100000
2018-02-24 18:07:44,0.08548300,0.11000000
2018-02-24 18:07:45,0.08549900,0.02800000
2018-02-24 18:07:45,0.08558400,0.03800000
2018-02-24 18:07:45,0.08549400,0.21400000
2018-02-24 18:07:46,0.08549500,0.05200000
2018-02-24 18:07:46,0.08549400,0.68400000
2018-02-24 18:07:46,0.08549300,0.02000000
2018-02-24 18:07:46,0.08548300,4.87000000
2018-02-24 18:07:46,0.08549300,0.02000000
2018-02-24 18:07:46,0.08548300,0.15700000
2018-02-24 18:07:46,0.08549300,0.02000000
2018-02-24 18:07:46,0.08548300,0.04000000
2018-02-24 18:07:47,0.08557900,0.06000000
2018-02-24 18:07:47,0.08549200,0.01900000
2018-02-24 18:07:47,0.08549500,0.07900000
2018-02-24 18:07:47,0.08558000,0.05000000
2018-02-24 18:07:47,0.08549600,0.06900000
2018-02-24 18:07:47,0.08549500,0.02400000
2018-02-24 18:07:47,0.08549500,0.02800000
2018-02-24 18:07:47,0.08549500,0.05700000
2018-02-24 18:07:47,0.08549500,0.06200000
2018-02-24 18:07:47,0.08549200,0.00100000
2018-02-24 18:07:47,0.08548500,0.80100000
2018-02-24 18:07:47,0.08548500,0.36800000
2018-02-24 18:07:47,0.08548300,2.42300000
2018-02-24 18:07:47,0.08548200,0.13100000
2018-02-24 18:07:47,0.08546500,0.02600000
2018-02-24 18:07:47,0.08545400,1.34200000
2018-02-24 18:07:47,0.08545200,7.53700000
2018-02-24 18:07:48,0.08549200,0.02000000
2018-02-24 18:07:48,0.08558000,0.63500000
2018-02-24 18:07:48,0.08558200,0.11500000
2018-02-24 18:07:48,0.08558300,0.05900000
2018-02-24 18:07:48,0.08558400,0.31300000
2018-02-24 18:07:48,0.08558500,0.07200000
2018-02-24 18:07:48,0.08558800,0.08100000
2018-02-24 18:07:48,0.08558900,0.00500000
2018-02-24 18:07:48,0.08559000,1.59500000
2018-02-24 18:07:48,0.08549200,0.02000000
2018-02-24 18:07:48,0.08548200,0.11500000
2018-02-24 18:07:48,0.08549200,0.01900000
2018-02-24 18:07:48,0.08557900,0.05900000
2018-02-24 18:07:48,0.08558000,0.02000000
2018-02-24 18:07:48,0.08558800,0.18000000
2018-02-24 18:07:48,0.08559000,2.63800000
2018-02-24 18:07:48,0.08549200,0.00100000
2018-02-24 18:07:48,0.08548200,0.01800000
2018-02-24 18:07:48,0.08549200,0.02000000
2018-02-24 18:07:48,0.08548200,0.09600000
2018-02-24 18:07:48,0.08548300,0.01900000
2018-02-24 18:07:49,0.08548300,0.07900000
2018-02-24 18:07:49,0.08548400,0.05800000
2018-02-24 18:07:49,0.08548600,0.03600000
2018-02-24 18:07:49,0.08548400,0.37100000
2018-02-24 18:07:50,0.08557100,0.07600000
2018-02-24 18:07:50,0.08557100,0.00100000
2018-02-24 18:07:50,0.08557600,0.03600000
2018-02-24 18:07:50,0.08557700,0.02000000
2018-02-24 18:07:50,0.08557600,0.02000000
2018-02-24 18:07:50,0.08557700,0.32200000
2018-02-24 18:07:51,0.08557600,0.54900000
2018-02-24 18:07:51,0.08548000,0.01900000
2018-02-24 18:07:51,0.08548000,0.00100000
2018-02-24 18:07:51,0.08547200,0.06900000
2018-02-24 18:07:51,0.08547100,6.85000000
2018-02-24 18:07:51,0.08547000,0.15000000
2018-02-24 18:07:51,0.08545200,0.08500000
2018-02-24 18:07:52,0.08548100,0.06900000
2018-02-24 18:07:52,0.08557500,0.07200000
2018-02-24 18:07:52,0.08547100,0.06800000
2018-02-24 18:07:52,0.08547100,0.30100000
2018-02-24 18:07:52,0.08547100,0.00100000
2018-02-24 18:07:52,0.08547000,0.02000000
2018-02-24 18:07:52,0.08546100,0.06200000
2018-02-24 18:07:52,0.08548000,0.02800000
2018-02-24 18:07:53,0.08557300,0.05700000
2018-02-24 18:07:54,0.08547400,0.05700000
2018-02-24 18:07:54,0.08547300,0.07600000
2018-02-24 18:07:55,0.08547400,0.02000000
2018-02-24 18:07:55,0.08547300,0.04300000
2018-02-24 18:07:55,0.08547200,0.03600000
2018-02-24 18:07:55,0.08547000,0.17900000
2018-02-24 18:07:55,0.08547000,0.09600000
2018-02-24 18:07:55,0.08546800,0.02000000
2018-02-24 18:07:55,0.08546000,0.01000000
2018-02-24 18:07:56,0.08546900,0.95300000
2018-02-24 18:07:56,0.08546900,0.12900000
2018-02-24 18:07:57,0.08547100,0.02000000
2018-02-24 18:07:57,0.08547000,0.09700000
2018-02-24 18:07:57,0.08547100,0.01900000
2018-02-24 18:07:57,0.08547100,0.00100000
2018-02-24 18:07:57,0.08547000,0.01800000
2018-02-24 18:07:57,0.08547000,0.10600000
2018-02-24 18:07:57,0.08555000,0.02400000
2018-02-24 18:07:58,0.08554900,0.09700000
2018-02-24 18:07:58,0.08547000,0.05600000
2018-02-24 18:07:58,0.08547000,0.16700000
2018-02-24 18:07:59,0.08547000,0.03700000
2018-02-24 18:08:00,0.08547100,0.09900000
2018-02-24 18:08:00,0.08547000,0.32500000
2018-02-24 18:08:01,0.08554900,0.05900000
2018-02-24 18:08:01,0.08554900,0.04100000
2018-02-24 18:08:01,0.08555000,0.00200000
2018-02-24 18:08:01,0.08556500,0.03100000
2018-02-24 18:08:01,0.08547100,0.02800000
2018-02-24 18:08:01,0.08556500,0.08300000
2018-02-24 18:08:03,0.08556400,1.16700000
2018-02-24 18:08:03,0.08556400,0.77500000
2018-02-24 18:08:03,0.08547200,0.09900000
2018-02-24 18:08:03,0.08547100,0.02500000
2018-02-24 18:08:03,0.08547000,1.00000000
2018-02-24 18:08:04,0.08547200,0.02800000
2018-02-24 18:08:05,0.08547400,0.09900000
2018-02-24 18:08:05,0.08547300,0.04300000
2018-02-24 18:08:06,0.08547400,0.13300000
2018-02-24 18:08:09,0.08547300,0.02500000
2018-02-24 18:08:09,0.08547400,0.13100000
2018-02-24 18:08:09,0.08547400,0.00200000
2018-02-24 18:08:09,0.08556100,0.13000000
2018-02-24 18:08:09,0.08556100,0.05000000
2018-02-24 18:08:09,0.08556100,0.13200000
2018-02-24 18:08:09,0.08556100,0.13100000
2018-02-24 18:08:09,0.08556100,0.12000000
2018-02-24 18:08:10,0.08547400,0.15800000
2018-02-24 18:08:10,0.08556100,0.28600000
2018-02-24 18:08:10,0.08556100,0.00100000
2018-02-24 18:08:10,0.08556100,0.28500000
2018-02-24 18:08:10,0.08556100,0.00100000
2018-02-24 18:08:10,0.08547400,0.06000000
2018-02-24 18:08:10,0.08547300,0.22500000
2018-02-24 18:08:10,0.08547400,0.03000000
2018-02-24 18:08:10,0.08547400,0.03000000
2018-02-24 18:08:10,0.08547400,0.00600000
2018-02-24 18:08:11,0.08547400,0.02400000
2018-02-24 18:08:11,0.08556100,0.05900000
2018-02-24 18:08:11,0.08547300,0.02400000
2018-02-24 18:08:11,0.08556100,0.22700000
2018-02-24 18:08:13,0.08555900,0.05600000
2018-02-24 18:08:13,0.08547500,0.06600000
2018-02-24 18:08:14,0.08547500,0.06900000
2018-02-24 18:08:14,0.08547300,1.85000000
2018-02-24 18:08:15,0.08547300,0.02800000
2018-02-24 18:08:16,0.08547300,0.12400000
2018-02-24 18:08:17,0.08547300,0.09000000
2018-02-24 18:08:18,0.08547300,0.67300000
2018-02-24 18:08:20,0.08547500,0.46800000
2018-02-24 18:08:21,0.08547500,0.05500000
2018-02-24 18:08:22,0.08555200,0.00300000
2018-02-24 18:08:23,0.08554800,0.03900000
2018-02-24 18:08:23,0.08554800,2.96000000
2018-02-24 18:08:24,0.08551500,0.04500000
2018-02-24 18:08:24,0.08551500,0.00100000
2018-02-24 18:08:24,0.08554800,0.00100000
2018-02-24 18:08:24,0.08555300,0.01400000
2018-02-24 18:08:24,0.08556100,0.02900000
2018-02-24 18:08:24,0.08556100,0.03500000
2018-02-24 18:08:24,0.08547500,0.70200000
2018-02-24 18:08:24,0.08547500,0.67600000
2018-02-24 18:08:27,0.08547600,0.49900000
2018-02-24 18:08:27,0.08547500,0.17900000
2018-02-24 18:08:28,0.08554700,0.04000000
2018-02-24 18:08:28,0.08556100,0.08900000
2018-02-24 18:08:28,0.08547500,0.08800000
2018-02-24 18:08:28,0.08556200,0.11600000
2018-02-24 18:08:29,0.08547500,0.25800000
2018-02-24 18:08:29,0.08556200,0.01700000
2018-02-24 18:08:29,0.08556200,0.08200000
2018-02-24 18:08:29,0.08556200,0.07600000
2018-02-24 18:08:29,0.08547600,0.04600000
2018-02-24 18:08:30,0.08547700,0.02800000
2018-02-24 18:08:31,0.08556100,0.09900000
2018-02-24 18:08:31,0.08556300,0.17400000
2018-02-24 18:08:31,0.08556400,0.02800000
2018-02-24 18:08:31,0.08557000,0.16700000
2018-02-24 18:08:31,0.08547700,0.07100000
2018-02-24 18:08:31,0.08547600,0.00100000
2018-02-24 18:08:31,0.08557000,0.24900000
2018-02-24 18:08:31,0.08557400,0.02000000
2018-02-24 18:08:31,0.08557500,0.01200000
2018-02-24 18:08:31,0.08558300,0.18000000
2018-02-24 18:08:31,0.08558900,0.12500000
2018-02-24 18:08:32,0.08547900,0.05500000
2018-02-24 18:08:32,0.08547800,0.01500000
2018-02-24 18:08:32,0.08556800,0.03600000
2018-02-24 18:08:32,0.08557300,0.08000000
2018-02-24 18:08:32,0.08547900,0.23000000
2018-02-24 18:08:33,0.08547900,0.34000000
2018-02-24 18:08:33,0.08548100,0.13000000
2018-02-24 18:08:33,0.08548100,0.02800000
2018-02-24 18:08:34,0.08548100,0.02100000
2018-02-24 18:08:34,0.08548100,0.00100000
2018-02-24 18:08:34,0.08548000,0.01900000
2018-02-24 18:08:35,0.08548000,0.09800000
2018-02-24 18:08:35,0.08547500,0.10000000
2018-02-24 18:08:35,0.08547900,0.02000000
2018-02-24 18:08:35,0.08547700,0.03600000
2018-02-24 18:08:35,0.08547500,0.09400000
2018-02-24 18:08:36,0.08547500,0.40800000
2018-02-24 18:08:36,0.08547500,0.00100000
2018-02-24 18:08:36,0.08547300,0.01700000
2018-02-24 18:08:36,0.08547300,0.05000000
2018-02-24 18:08:36,0.08547300,0.12000000
2018-02-24 18:08:37,0.08547800,0.19900000
2018-02-24 18:08:37,0.08547800,0.06400000
2018-02-24 18:08:37,0.08547800,0.09000000
2018-02-24 18:08:37,0.08547900,0.00500000
2018-02-24 18:08:38,0.08547900,0.03800000
2018-02-24 18:08:38,0.08547800,0.27500000
2018-02-24 18:08:38,0.08547800,0.04000000
2018-02-24 18:08:38,0.08547800,0.04000000
2018-02-24 18:08:38,0.08547300,0.04000000
2018-02-24 18:08:40,0.08547400,0.03900000
2018-02-24 18:08:40,0.08547400,0.40000000
2018-02-24 18:08:40,0.08547400,0.07000000
2018-02-24 18:08:40,0.08547400,0.07000000
2018-02-24 18:08:40,0.08547400,0.17700000
2018-02-24 18:08:41,0.08547500,0.04300000
2018-02-24 18:08:41,0.08547400,5.02600000
2018-02-24 18:08:41,0.08556200,0.08500000
2018-02-24 18:08:41,0.08556300,0.09900000
2018-02-24 18:08:41,0.08556400,0.25000000
2018-02-24 18:08:41,0.08556600,0.03600000
2018-02-24 18:08:41,0.08557600,0.02000000
2018-02-24 18:08:41,0.08558400,0.18000000
2018-02-24 18:08:41,0.08558900,0.29900000
2018-02-24 18:08:41,0.08556100,0.02000000
2018-02-24 18:08:41,0.08547600,0.07000000
2018-02-24 18:08:41,0.08547600,0.03000000
2018-02-24 18:08:41,0.08547600,0.03600000
2018-02-24 18:08:42,0.08547600,0.08000000
2018-02-24 18:08:42,0.08555900,0.09800000
2018-02-24 18:08:42,0.08556100,0.86700000
2018-02-24 18:08:42,0.08547700,0.14200000
2018-02-24 18:08:42,0.08547600,0.35800000
2018-02-24 18:08:43,0.08547600,0.02000000
2018-02-24 18:08:43,0.08547300,0.48000000
2018-02-24 18:08:43,0.08547300,0.01400000
2018-02-24 18:08:44,0.08547400,0.31000000
2018-02-24 18:08:44,0.08547400,0.10000000
2018-02-24 18:08:45,0.08547500,0.10000000
2018-02-24 18:08:45,0.08547500,0.04200000
2018-02-24 18:08:45,0.08547400,0.02800000
2018-02-24 18:08:45,0.08547400,0.03500000
2018-02-24 18:08:45,0.08547400,0.10000000
2018-02-24 18:08:46,0.08547400,0.70400000
2018-02-24 18:08:46,0.08547400,0.09300000
2018-02-24 18:08:47,0.08547400,0.33100000
2018-02-24 18:08:47,0.08547300,0.05200000
2018-02-24 18:08:47,0.08547300,0.33000000
2018-02-24 18:08:47,0.08547300,0.00800000
2018-02-24 18:08:47,0.08547600,0.11700000
2018-02-24 18:08:47,0.08547600,0.13800000
2018-02-24 18:08:47,0.08547600,0.13800000
2018-02-24 18:08:47,0.08547600,0.11000000
2018-02-24 18:08:48,0.08547600,0.03000000
2018-02-24 18:08:48,0.08547600,0.23100000
2018-02-24 18:08:48,0.08547600,0.09400000
2018-02-24 18:08:48,0.08547600,0.07600000
2018-02-24 18:08:48,0.08547600,0.07000000
2018-02-24 18:08:49,0.08547700,0.04300000
2018-02-24 18:08:49,0.08547600,0.26700000
2018-02-24 18:08:49,0.08547600,0.03000000
2018-02-24 18:08:50,0.08547600,0.22900000
2018-02-24 18:08:50,0.08547600,0.09000000
2018-02-24 18:08:50,0.08547600,0.34400000
2018-02-24 18:08:50,0.08547600,0.09000000
2018-02-24 18:08:51,0.08547600,0.06000000
2018-02-24 18:08:52,0.08547600,0.07000000
2018-02-24 18:08:54,0.08547600,0.27900000
2018-02-24 18:08:55,0.08547700,0.12600000
2018-02-24 18:08:56,0.08547700,0.04200000
2018-02-24 18:08:56,0.08547600,0.00300000
2018-02-24 18:08:56,0.08547700,0.02700000
2018-02-24 18:08:57,0.08547600,0.31000000
2018-02-24 18:08:57,0.08547700,0.00700000
2018-02-24 18:08:58,0.08551800,0.08200000
2018-02-24 18:09:00,0.08547700,0.03500000
2018-02-24 18:09:01,0.08547700,0.05500000
2018-02-24 18:09:01,0.08547600,0.85500000
2018-02-24 18:09:01,0.08547600,0.17500000
2018-02-24 18:09:01,0.08551800,0.01700000
2018-02-24 18:09:01,0.08551900,0.00300000
2018-02-24 18:09:01,0.08547600,0.05600000
2018-02-24 18:09:01,0.08547600,0.37700000
2018-02-24 18:09:01,0.08547600,0.05600000
2018-02-24 18:09:01,0.08547600,0.33300000
2018-02-24 18:09:02,0.08547600,1.17300000
2018-02-24 18:09:03,0.08547700,0.21900000
2018-02-24 18:09:03,0.08547700,1.17300000
2018-02-24 18:09:03,0.08547700,0.19100000
2018-02-24 18:09:03,0.08547700,0.06800000
2018-02-24 18:09:04,0.08547600,0.18100000
2018-02-24 18:09:04,0.08547600,0.79700000
2018-02-24 18:09:05,0.08547600,0.07800000
2018-02-24 18:09:06,0.08547700,1.17300000
2018-02-24 18:09:06,0.08547700,0.06800000
2018-02-24 18:09:07,0.08547700,0.50000000
2018-02-24 18:09:07,0.08547700,0.40000000
2018-02-24 18:09:07,0.08547700,0.10000000
2018-02-24 18:09:07,0.08547700,0.05900000
2018-02-24 18:09:08,0.08547700,0.31000000
2018-02-24 18:09:08,0.08547700,0.03000000
2018-02-24 18:09:08,0.08547700,0.15600000
2018-02-24 18:09:09,0.08547800,0.01000000
2018-02-24 18:09:09,0.08547800,0.08900000
2018-02-24 18:09:09,0.08547700,0.31100000
2018-02-24 18:09:09,0.08547700,0.04000000
2018-02-24 18:09:09,0.08547700,0.07700000
2018-02-24 18:09:10,0.08549900,0.02500000
2018-02-24 18:09:10,0.08549900,0.02100000
2018-02-24 18:09:10,0.08551800,0.02400000
2018-02-24 18:09:11,0.08549900,0.03600000
2018-02-24 18:09:11,0.08547700,1.17500000
2018-02-24 18:09:11,0.08547700,1.79100000
2018-02-24 18:09:11,0.08547700,0.40000000
2018-02-24 18:09:12,0.08547700,0.40000000
2018-02-24 18:09:12,0.08547700,0.32400000
2018-02-24 18:09:12,0.08547700,0.07900000
2018-02-24 18:09:14,0.08547700,1.81300000
2018-02-24 18:09:15,0.08547600,0.18800000
2018-02-24 18:09:15,0.08547600,0.32100000
2018-02-24 18:09:15,0.08547600,0.11500000
2018-02-24 18:09:15,0.08547600,0.02900000
2018-02-24 18:09:16,0.08547600,0.43600000
2018-02-24 18:09:16,0.08547600,0.41100000
2018-02-24 18:09:17,0.08547600,0.07900000
2018-02-24 18:09:17,0.08547600,0.04800000
2018-02-24 18:09:18,0.08547600,0.64500000
2018-02-24 18:09:18,0.08548800,0.02500000
2018-02-24 18:09:18,0.08547600,0.50000000
2018-02-24 18:09:18,0.08547600,0.50000000
2018-02-24 18:09:19,0.08547600,10.01000000
2018-02-24 18:09:19,0.08547600,0.50000000
2018-02-24 18:09:20,0.08547600,0.50000000
2018-02-24 18:09:20,0.08548800,0.00100000
2018-02-24 18:09:20,0.08549900,0.01000000
2018-02-24 18:09:20,0.08551600,0.07500000
2018-02-24 18:09:20,0.08551700,0.04600000
2018-02-24 18:09:20,0.08551900,0.04300000
2018-02-24 18:09:20,0.08556000,0.12800000
2018-02-24 18:09:20,0.08556100,0.10700000
2018-02-24 18:09:21,0.08547600,0.07000000
2018-02-24 18:09:22,0.08547700,0.07000000
2018-02-24 18:09:23,0.08547700,0.02900000
2018-02-24 18:09:23,0.08547600,0.02800000
2018-02-24 18:09:23,0.08547600,0.08000000
2018-02-24 18:09:24,0.08547600,1.16900000
2018-02-24 18:09:24,0.08547600,1.75800000
2018-02-24 18:09:26,0.08547600,0.32000000
2018-02-24 18:09:26,0.08547600,1.04100000
2018-02-24 18:09:27,0.08547600,1.12900000
2018-02-24 18:09:27,0.08555200,0.09000000
2018-02-24 18:09:27,0.08547600,0.24500000
2018-02-24 18:09:28,0.08547600,0.01300000
2018-02-24 18:09:28,0.08555200,0.02000000
2018-02-24 18:09:29,0.08555000,0.10800000
2018-02-24 18:09:29,0.08555100,0.12800000
2018-02-24 18:09:29,0.08555300,0.10900000
2018-02-24 18:09:31,0.08547700,0.09000000
2018-02-24 18:09:31,0.08547600,0.02800000
2018-02-24 18:09:31,0.08555000,1.75600000
2018-02-24 18:09:33,0.08547700,0.09800000
2018-02-24 18:09:33,0.08547600,0.00100000
2018-02-24 18:09:33,0.08547500,0.02900000
2018-02-24 18:09:34,0.08547500,0.10300000
2018-02-24 18:09:34,0.08547700,0.07000000
2018-02-24 18:09:34,0.08547700,0.00100000
2018-02-24 18:09:34,0.08554100,0.06900000
2018-02-24 18:09:34,0.08554100,0.02100000
2018-02-24 18:09:34,0.08554200,0.04800000
2018-02-24 18:09:34,0.08554200,0.07000000
2018-02-24 18:09:34,0.08547500,0.20600000
2018-02-24 18:09:35,0.08554200,0.19500000
2018-02-24 18:09:36,0.08547700,1.16900000
2018-02-24 18:09:36,0.08547500,0.04000000
2018-02-24 18:09:36,0.08547500,0.15200000
2018-02-24 18:09:36,0.08547700,0.11200000
2018-02-24 18:09:36,0.08547700,0.03400000
2018-02-24 18:09:36,0.08547700,0.35500000
2018-02-24 18:09:36,0.08547700,3.42000000
2018-02-24 18:09:36,0.08547700,0.07500000
2018-02-24 18:09:36,0.08547700,0.57900000
2018-02-24 18:09:37,0.08547500,0.24000000
2018-02-24 18:09:37,0.08547700,0.02300000
2018-02-24 18:09:37,0.08547500,0.04600000
2018-02-24 18:09:37,0.08547700,0.08500000
2018-02-24 18:09:37,0.08547500,0.21900000
2018-02-24 18:09:38,0.08547700,0.36900000
2018-02-24 18:09:41,0.08547400,0.12800000
2018-02-24 18:09:41,0.08547400,0.23300000
2018-02-24 18:09:41,0.08547300,0.04700000
2018-02-24 18:09:41,0.08547700,0.02100000
2018-02-24 18:09:41,0.08554200,0.02900000
2018-02-24 18:09:41,0.08547300,0.26000000
2018-02-24 18:09:42,0.08547300,0.06600000
2018-02-24 18:09:42,0.08547300,0.32500000
2018-02-24 18:09:42,0.08547100,0.01400000
2018-02-24 18:09:42,0.08547100,0.28800000
2018-02-24 18:09:42,0.08547400,0.86300000
2018-02-24 18:09:42,0.08547400,7.28700000
2018-02-24 18:09:42,0.08547100,0.00100000
2018-02-24 18:09:42,0.08547000,0.43300000
2018-02-24 18:09:42,0.08546300,0.02700000
2018-02-24 18:09:42,0.08546100,0.37900000
2018-02-24 18:09:42,0.08545700,0.42800000
2018-02-24 18:09:43,0.08547500,0.02000000
2018-02-24 18:09:46,0.08547500,0.01000000
2018-02-24 18:09:46,0.08547500,0.14700000
2018-02-24 18:09:47,0.08547600,0.09900000
2018-02-24 18:09:47,0.08554900,0.09700000
2018-02-24 18:09:48,0.08554900,0.08600000
2018-02-24 18:09:49,0.08547600,0.01300000
2018-02-24 18:09:50,0.08547600,0.08500000
2018-02-24 18:09:50,0.08547600,0.00100000
2018-02-24 18:09:50,0.08547500,0.00100000
2018-02-24 18:09:50,0.08545900,0.08300000
2018-02-24 18:09:50,0.08545900,0.00900000
2018-02-24 18:09:50,0.08545900,0.02900000
2018-02-24 18:09:50,0.08545900,0.11900000
2018-02-24 18:09:52,0.08546000,6.03500000
2018-02-24 18:09:52,0.08546100,0.07800000
2018-02-24 18:09:54,0.08547000,0.03900000
2018-02-24 18:09:55,0.08546300,0.04200000
2018-02-24 18:09:56,0.08546400,0.04200000
2018-02-24 18:09:56,0.08546300,0.04100000
2018-02-24 18:09:56,0.08547000,0.00100000
2018-02-24 18:09:56,0.08554800,0.02100000
2018-02-24 18:09:56,0.08546400,0.09300000
2018-02-24 18:09:57,0.08546500,0.04200000
2018-02-24 18:09:57,0.08546400,0.04100000
2018-02-24 18:09:57,0.08546400,2.95800000
2018-02-24 18:09:57,0.08546400,0.14500000
2018-02-24 18:09:58,0.08546500,0.30900000
2018-02-24 18:09:59,0.08546600,0.04200000
2018-02-24 18:09:59,0.08545800,0.01200000
2018-02-24 18:10:00,0.08546900,0.04100000
2018-02-24 18:10:00,0.08546900,0.00100000
2018-02-24 18:10:00,0.08546800,0.04000000
2018-02-24 18:10:01,0.08554300,0.03300000
2018-02-24 18:10:01,0.08546800,0.56000000
2018-02-24 18:10:02,0.08546800,0.00100000
2018-02-24 18:10:02,0.08545700,0.47000000
2018-02-24 18:10:02,0.08545700,0.29200000
2018-02-24 18:10:02,0.08554300,0.01200000
2018-02-24 18:10:02,0.08545700,0.06800000
2018-02-24 18:10:02,0.08545700,0.09500000
2018-02-24 18:10:02,0.08554200,0.02000000
2018-02-24 18:10:02,0.08545700,0.99700000
2018-02-24 18:10:02,0.08545800,0.04200000
2018-02-24 18:10:02,0.08545500,0.09800000
2018-02-24 18:10:02,0.08545300,0.03000000
2018-02-24 18:10:03,0.08545300,0.12800000
2018-02-24 18:10:03,0.08545300,0.49100000
2018-02-24 18:10:03,0.08545800,0.04000000
2018-02-24 18:10:03,0.08554200,0.00100000
2018-02-24 18:10:03,0.08554200,0.03600000
2018-02-24 18:10:03,0.08545400,0.04200000
2018-02-24 18:10:03,0.08545300,0.00100000
2018-02-24 18:10:03,0.08545000,0.01500000
2018-02-24 18:10:04,0.08545400,0.03900000
2018-02-24 18:10:04,0.08545400,0.03000000
2018-02-24 18:10:04,0.08545400,0.02900000
2018-02-24 18:10:05,0.08546100,0.04200000
2018-02-24 18:10:06,0.08546100,0.07500000
2018-02-24 18:10:06,0.08549000,0.04500000
2018-02-24 18:10:06,0.08546200,0.04000000
2018-02-24 18:10:06,0.08546100,0.03500000
2018-02-24 18:10:07,0.08549000,0.00100000
2018-02-24 18:10:07,0.08551400,0.02100000
2018-02-24 18:10:07,0.08551500,0.03300000
2018-02-24 18:10:07,0.08554000,0.08600000
2018-02-24 18:10:07,0.08554100,0.03900000
2018-02-24 18:10:08,0.08550500,0.04500000
2018-02-24 18:10:08,0.08546200,0.04100000
2018-02-24 18:10:09,0.08550400,0.09800000
2018-02-24 18:10:09,0.08546300,0.09800000
2018-02-24 18:10:10,0.08546400,0.04100000
2018-02-24 18:10:10,0.08546200,0.01800000
2018-02-24 18:10:11,0.08546300,0.06100000
2018-02-24 18:10:11,0.08550400,0.09800000
2018-02-24 18:10:11,0.08546300,0.03700000
2018-02-24 18:10:11,0.08546200,0.02400000
2018-02-24 18:10:11,0.08546100,0.06300000
2018-02-24 18:10:11,0.08546100,0.22100000
2018-02-24 18:10:12,0.08546400,0.01900000
2018-02-24 18:10:12,0.08546400,0.00100000
2018-02-24 18:10:12,0.08547700,0.01800000
2018-02-24 18:10:12,0.08547700,0.01900000
2018-02-24 18:10:12,0.08547700,0.11400000
2018-02-24 18:10:12,0.08550500,0.00100000
2018-02-24 18:10:12,0.08554100,0.01700000
2018-02-24 18:10:12,0.08554100,0.11300000
2018-02-24 18:10:13,0.08546400,0.03400000
2018-02-24 18:10:13,0.08546400,0.00100000
2018-02-24 18:10:13,0.08554100,0.03300000
2018-02-24 18:10:14,0.08547400,0.13800000
2018-02-24 18:10:14,0.08547400,0.00100000
2018-02-24 18:10:14,0.08554100,0.13700000
2018-02-24 18:10:15,0.08546500,0.17700000
2018-02-24 18:10:15,0.08546200,0.09900000
2018-02-24 18:10:15,0.08546100,0.06200000
2018-02-24 18:10:15,0.08546500,0.02400000
2018-02-24 18:10:15,0.08554000,0.09900000
2018-02-24 18:10:15,0.08554100,0.07700000
2018-02-24 18:10:15,0.08546100,1.43500000
2018-02-24 18:10:15,0.08546100,0.15200000
2018-02-24 18:10:15,0.08546100,0.07700000
2018-02-24 18:10:15,0.08546100,0.01900000
2018-02-24 18:10:16,0.08546100,0.02900000
2018-02-24 18:10:17,0.08554000,0.01500000
2018-02-24 18:10:18,0.08546300,0.22600000
2018-02-24 18:10:18,0.08546100,0.40900000
2018-02-24 18:10:19,0.08551600,0.08000000
2018-02-24 18:10:19,0.08551600,0.05000000
2018-02-24 18:10:20,0.08551500,0.04200000
2018-02-24 18:10:22,0.08547600,0.09900000
2018-02-24 18:10:22,0.08547600,0.14100000
2018-02-24 18:10:22,0.08547600,0.36300000
2018-02-24 18:10:22,0.08547600,0.07000000
2018-02-24 18:10:23,0.08547600,1.08000000
2018-02-24 18:10:24,0.08547600,0.00100000
2018-02-24 18:10:24,0.08547600,0.09900000
2018-02-24 18:10:25,0.08546100,0.12800000
2018-02-24 18:10:25,0.08547600,0.02100000
2018-02-24 18:10:25,0.08551200,0.01300000
2018-02-24 18:10:26,0.08546100,0.37100000
2018-02-24 18:10:27,0.08546100,0.92300000
2018-02-24 18:10:28,0.08546100,0.04900000
2018-02-24 18:10:28,0.08547600,0.01500000
2018-02-24 18:10:28,0.08551000,0.08100000
2018-02-24 18:10:28,0.08551000,0.89500000
2018-02-24 18:10:28,0.08551000,0.20800000
2018-02-24 18:10:29,0.08551000,0.02200000
2018-02-24 18:10:29,0.08551000,0.03000000
2018-02-24 18:10:29,0.08546100,0.02100000
2018-02-24 18:10:29,0.08546100,0.05100000
2018-02-24 18:10:29,0.08546100,0.05100000
2018-02-24 18:10:29,0.08546100,0.07500000
2018-02-24 18:10:30,0.08546100,0.07500000
2018-02-24 18:10:30,0.08546100,0.06500000
2018-02-24 18:10:30,0.08546100,0.61000000
2018-02-24 18:10:30,0.08546100,0.07500000
2018-02-24 18:10:31,0.08546100,0.02200000
2018-02-24 18:10:31,0.08550200,0.08900000
2018-02-24 18:10:31,0.08546100,0.38800000
2018-02-24 18:10:32,0.08546100,0.62000000
2018-02-24 18:10:32,0.08546100,0.31300000
2018-02-24 18:10:33,0.08546200,0.01700000
2018-02-24 18:10:34,0.08546200,0.08200000
2018-02-24 18:10:34,0.08550200,0.09900000
2018-02-24 18:10:34,0.08546100,0.34300000
2018-02-24 18:10:35,0.08546100,0.14400000
2018-02-24 18:10:35,0.08547600,0.10700000
2018-02-24 18:10:35,0.08550100,0.65600000
2018-02-24 18:10:35,0.08550100,0.81000000
2018-02-24 18:10:35,0.08546100,0.25200000
2018-02-24 18:10:36,0.08546200,0.09800000
2018-02-24 18:10:36,0.08546100,0.12100000
2018-02-24 18:10:36,0.08546100,0.42300000
2018-02-24 18:10:36,0.08546100,0.12100000
2018-02-24 18:10:37,0.08546100,0.03100000
2018-02-24 18:10:37,0.08549500,0.10800000
2018-02-24 18:10:37,0.08546100,0.01400000
2018-02-24 18:10:37,0.08549500,0.10000000
2018-02-24 18:10:37,0.08549400,0.01100000
2018-02-24 18:10:38,0.08549400,0.08800000
2018-02-24 18:10:38,0.08546100,0.05800000
2018-02-24 18:10:38,0.08546100,0.32500000
2018-02-24 18:10:38,0.08546100,0.32500000
2018-02-24 18:10:39,0.08549500,0.21900000
2018-02-24 18:10:39,0.08549600,0.11600000
2018-02-24 18:10:40,0.08549500,0.01700000
2018-02-24 18:10:40,0.08549500,0.08200000
2018-02-24 18:10:40,0.08549600,0.08100000
2018-02-24 18:10:40,0.08549500,0.21000000
2018-02-24 18:10:40,0.08549500,0.29600000
2018-02-24 18:10:40,0.08549500,2.11200000
2018-02-24 18:10:40,0.08546200,0.09900000
2018-02-24 18:10:40,0.08546100,0.40600000
2018-02-24 18:10:40,0.08546100,1.78400000
2018-02-24 18:10:40,0.08546100,0.17000000
2018-02-24 18:10:40,0.08546100,1.36900000
2018-02-24 18:10:41,0.08549600,1.00800000
2018-02-24 18:10:41,0.08549600,0.00100000
2018-02-24 18:10:41,0.08550200,0.06500000
2018-02-24 18:10:41,0.08550300,0.01900000
2018-02-24 18:10:41,0.08546100,0.30400000
2018-02-24 18:10:42,0.08550200,0.09800000
2018-02-24 18:10:43,0.08549400,0.04400000
2018-02-24 18:10:43,0.08549400,0.00100000
2018-02-24 18:10:44,0.08549400,0.15800000
2018-02-24 18:10:44,0.08546200,0.15700000
2018-02-24 18:10:44,0.08550300,0.09000000
2018-02-24 18:10:44,0.08546200,0.01800000
2018-02-24 18:10:45,0.08550000,0.06700000
2018-02-24 18:10:45,0.08550000,0.00100000
2018-02-24 18:10:45,0.08550200,2.02400000
2018-02-24 18:10:46,0.08550100,0.10000000
2018-02-24 18:10:46,0.08550200,1.05500000
2018-02-24 18:10:46,0.08550200,0.10000000
2018-02-24 18:10:46,0.08550200,0.00100000
2018-02-24 18:10:49,0.08546400,0.21400000
2018-02-24 18:10:49,0.08546400,0.32100000
2018-02-24 18:10:50,0.08546400,0.04600000
2018-02-24 18:10:50,0.08546400,6.07400000
2018-02-24 18:10:50,0.08550300,0.00100000
2018-02-24 18:10:50,0.08550300,0.22200000
2018-02-24 18:10:50,0.08550300,0.07900000
2018-02-24 18:10:51,0.08550300,0.88700000
2018-02-24 18:10:51,0.08550300,0.03200000
2018-02-24 18:10:51,0.08550300,0.07900000
2018-02-24 18:10:51,0.08550300,0.21800000
2018-02-24 18:10:51,0.08546400,0.09200000
2018-02-24 18:10:54,0.08546500,0.09900000
2018-02-24 18:10:54,0.08546400,0.17200000
2018-02-24 18:10:56,0.08549400,0.09900000
2018-02-24 18:10:56,0.08549400,1.03000000
2018-02-24 18:10:56,0.08549400,0.01000000
2018-02-24 18:10:56,0.08546200,0.06400000
2018-02-24 18:10:58,0.08546200,0.01500000
2018-02-24 18:10:58,0.08546200,1.00200000
2018-02-24 18:10:58,0.08546100,0.01400000
2018-02-24 18:10:59,0.08546300,0.09800000
2018-02-24 18:11:01,0.08549400,0.09900000
2018-02-24 18:11:01,0.08549400,0.02200000
2018-02-24 18:11:01,0.08549400,1.17100000
2018-02-24 18:11:01,0.08549400,0.41600000
2018-02-24 18:11:01,0.08549500,0.01000000
2018-02-24 18:11:02,0.08549400,0.00100000
2018-02-24 18:11:02,0.08546100,1.67900000
2018-02-24 18:11:02,0.08549500,0.00100000
2018-02-24 18:11:03,0.08546200,1.17100000
2018-02-24 18:11:03,0.08546200,0.01600000
2018-02-24 18:11:03,0.08546200,0.83300000
2018-02-24 18:11:05,0.08549400,0.09800000
2018-02-24 18:11:05,0.08549500,0.08900000
2018-02-24 18:11:05,0.08551000,0.03200000
2018-02-24 18:11:05,0.08552800,0.20000000
2018-02-24 18:11:05,0.08553000,0.19500000
2018-02-24 18:11:05,0.08554100,0.43900000
2018-02-24 18:11:05,0.08554600,0.08400000
2018-02-24 18:11:05,0.08546100,0.04700000
2018-02-24 18:11:05,0.08554000,0.01000000
2018-02-24 18:11:06,0.08546100,0.07300000
2018-02-24 18:11:06,0.08546100,0.01400000
2018-02-24 18:11:06,0.08546100,0.82700000
2018-02-24 18:11:07,0.08546100,0.02900000
2018-02-24 18:11:08,0.08553900,0.01000000
2018-02-24 18:11:09,0.08549400,0.00100000
2018-02-24 18:11:09,0.08549400,0.31100000
2018-02-24 18:11:09,0.08549400,0.07500000
2018-02-24 18:11:09,0.08549400,1.04600000
2018-02-24 18:11:09,0.08549400,0.27600000
2018-02-24 18:11:09,0.08546300,0.03300000
2018-02-24 18:11:11,0.08546300,0.07200000
2018-02-24 18:11:12,0.08546300,0.22900000
2018-02-24 18:11:13,0.08546300,0.21100000
2018-02-24 18:11:13,0.08546300,1.09300000
2018-02-24 18:11:14,0.08546300,1.17500000
2018-02-24 18:11:14,0.08546300,0.04100000
2018-02-24 18:11:14,0.08546300,2.54500000
2018-02-24 18:11:14,0.08546300,0.04200000
2018-02-24 18:11:15,0.08546300,0.12500000
2018-02-24 18:11:17,0.08546300,0.07500000
2018-02-24 18:11:17,0.08546300,1.10800000
2018-02-24 18:11:17,0.08546100,3.26900000
2018-02-24 18:11:17,0.08545100,0.10800000
2018-02-24 18:11:17,0.08545000,0.11700000
2018-02-24 18:11:17,0.08543900,1.73600000
2018-02-24 18:11:17,0.08542000,0.26100000
2018-02-24 18:11:17,0.08540200,0.61800000
2018-02-24 18:11:17,0.08540000,2.83700000
2018-02-24 18:11:17,0.08538800,2.34700000
2018-02-24 18:11:17,0.08538600,0.17200000
2018-02-24 18:11:17,0.08538500,0.42700000
2018-02-24 18:11:17,0.08538500,0.01900000
2018-02-24 18:11:17,0.08539000,0.04600000
2018-02-24 18:11:17,0.08539000,0.04800000
2018-02-24 18:11:19,0.08539000,0.00100000
2018-02-24 18:11:19,0.08540000,0.08200000
2018-02-24 18:11:20,0.08545100,0.02700000
2018-02-24 18:11:20,0.08543400,0.02500000
2018-02-24 18:11:20,0.08543400,0.00200000
2018-02-24 18:11:20,0.08545100,0.02400000
2018-02-24 18:11:20,0.08545100,0.02300000
2018-02-24 18:11:20,0.08545100,0.00100000
2018-02-24 18:11:20,0.08548400,0.02500000
2018-02-24 18:11:20,0.08548400,0.02300000
2018-02-24 18:11:21,0.08538700,0.02600000
2018-02-24 18:11:23,0.08547800,0.09700000
2018-02-24 18:11:23,0.08538700,0.02300000
2018-02-24 18:11:23,0.08547700,0.04100000
2018-02-24 18:11:23,0.08547700,0.02300000
2018-02-24 18:11:24,0.08547700,0.05700000
2018-02-24 18:11:24,0.08547700,0.00200000
2018-02-24 18:11:24,0.08546200,0.05600000
2018-02-24 18:11:24,0.08546200,0.10400000
2018-02-24 18:11:25,0.08546200,0.25500000
2018-02-24 18:11:25,0.08546200,0.01900000
2018-02-24 18:11:27,0.08546200,0.14600000
2018-02-24 18:11:27,0.08546200,0.07800000
2018-02-24 18:11:28,0.08546200,0.01300000
2018-02-24 18:11:29,0.08547800,0.00100000
2018-02-24 18:11:29,0.08548500,0.02300000
2018-02-24 18:11:29,0.08548700,0.00400000
2018-02-24 18:11:29,0.08553700,0.08800000
2018-02-24 18:11:30,0.08546300,0.07500000
2018-02-24 18:11:30,0.08546300,0.02400000
2018-02-24 18:11:31,0.08546300,0.05000000
2018-02-24 18:11:32,0.08546300,0.00100000
2018-02-24 18:11:33,0.08546700,0.07500000
2018-02-24 18:11:34,0.08546700,0.07500000
2018-02-24 18:11:34,0.08546700,0.07500000
2018-02-24 18:11:34,0.08546700,0.07000000
2018-02-24 18:11:36,0.08546600,0.08900000
2018-02-24 18:11:36,0.08546600,0.01000000
2018-02-24 18:11:36,0.08546700,0.00500000
2018-02-24 18:11:36,0.08552800,0.08300000
2018-02-24 18:11:36,0.08552800,0.09800000
2018-02-24 18:11:36,0.08542600,0.15000000
2018-02-24 18:11:36,0.08542500,0.13300000
2018-02-24 18:11:37,0.08543100,0.38900000
2018-02-24 18:11:37,0.08543100,0.02100000
2018-02-24 18:11:37,0.08543300,0.02800000
2018-02-24 18:11:38,0.08543300,0.07000000
2018-02-24 18:11:38,0.08543200,0.07800000
2018-02-24 18:11:41,0.08543000,0.36900000
2018-02-24 18:11:41,0.08549500,0.07700000
2018-02-24 18:11:43,0.08549500,0.08000000
2018-02-24 18:11:43,0.08542500,1.17500000
2018-02-24 18:11:43,0.08542500,0.42100000
2018-02-24 18:11:43,0.08549500,0.01000000
2018-02-24 18:11:44,0.08542600,0.11400000
2018-02-24 18:11:44,0.08542500,1.17500000
2018-02-24 18:11:44,0.08542600,0.06200000
2018-02-24 18:11:44,0.08542600,0.01700000
2018-02-24 18:11:44,0.08542600,0.02500000
2018-02-24 18:11:44,0.08542600,0.07000000
2018-02-24 18:11:44,0.08542600,0.00200000
2018-02-24 18:11:44,0.08549500,0.28700000
2018-02-24 18:11:44,0.08549500,0.02400000
2018-02-24 18:11:44,0.08542500,0.97200000
2018-02-24 18:11:45,0.08549400,0.00100000
2018-02-24 18:11:46,0.08546100,0.01300000
2018-02-24 18:11:47,0.08546100,0.08300000
2018-02-24 18:11:48,0.08546300,0.17100000
2018-02-24 18:11:48,0.08546300,0.24600000
2018-02-24 18:11:48,0.08546300,0.01000000
2018-02-24 18:11:49,0.08549200,0.03600000
2018-02-24 18:11:50,0.08546300,0.27300000
2018-02-24 18:11:51,0.08549200,0.01200000
2018-02-24 18:11:54,0.08549000,0.04800000
2018-02-24 18:11:54,0.08546300,0.09900000
2018-02-24 18:11:55,0.08546100,0.02900000
2018-02-24 18:11:55,0.08549200,0.06100000
2018-02-24 18:11:56,0.08549000,0.07200000
2018-02-24 18:11:56,0.08549000,0.00100000
2018-02-24 18:11:56,0.08549200,0.00100000
2018-02-24 18:11:56,0.08549300,0.07000000
2018-02-24 18:11:57,0.08546200,0.05500000
2018-02-24 18:11:57,0.08546200,0.04400000
2018-02-24 18:11:57,0.08546100,0.05400000
2018-02-24 18:11:57,0.08548900,0.04200000
2018-02-24 18:11:57,0.08548900,0.05700000
2018-02-24 18:11:57,0.08549300,0.04100000
2018-02-24 18:11:57,0.08549300,0.54100000
2018-02-24 18:11:57,0.08546100,0.13100000
2018-02-24 18:11:57,0.08546100,0.04600000
2018-02-24 18:11:58,0.08549400,0.02700000
2018-02-24 18:11:58,0.08546100,0.13500000
2018-02-24 18:11:58,0.08546200,0.09900000
2018-02-24 18:11:58,0.08546100,0.76800000
2018-02-24 18:11:59,0.08546100,0.09600000
2018-02-24 18:11:59,0.08549300,0.01700000
2018-02-24 18:12:01,0.08546100,0.06500000
2018-02-24 18:12:01,0.08542300,0.25700000
2018-02-24 18:12:01,0.08542300,0.06900000
2018-02-24 18:12:01,0.08542300,0.11700000
2018-02-24 18:12:01,0.08542300,0.06200000
2018-02-24 18:12:02,0.08546200,0.01400000
2018-02-24 18:12:02,0.08542300,0.06400000
2018-02-24 18:12:02,0.08549300,0.08200000
2018-02-24 18:12:02,0.08549400,0.03800000
2018-02-24 18:12:03,0.08549200,1.16900000
2018-02-24 18:12:03,0.08549200,1.72100000
2018-02-24 18:12:04,0.08549900,0.03700000
2018-02-24 18:12:04,0.08549900,0.33300000
2018-02-24 18:12:04,0.08542400,0.01000000
2018-02-24 18:12:05,0.08546100,0.13000000
2018-02-24 18:12:06,0.08549800,0.02900000
2018-02-24 18:12:06,0.08546100,0.08800000
2018-02-24 18:12:07,0.08549800,0.06900000
2018-02-24 18:12:07,0.08546100,0.09900000
2018-02-24 18:12:08,0.08549900,0.02300000
2018-02-24 18:12:09,0.08549400,0.02000000
2018-02-24 18:12:09,0.08549400,0.01400000
2018-02-24 18:12:09,0.08546200,0.01900000
2018-02-24 18:12:09,0.08546200,0.01300000
2018-02-24 18:12:09,0.08546200,0.03300000
2018-02-24 18:12:09,0.08546200,0.01300000
