DATE,PRICE,VOLUME
2018-02-23 20:00:00,0.08356200,0.35900000
2018-02-23 20:00:00,0.08359600,0.08800000
2018-02-23 20:00:00,0.08360300,0.02100000
2018-02-23 20:00:00,0.08360400,0.17700000
2018-02-23 20:00:00,0.08361000,0.37200000
2018-02-23 20:00:00,0.08356500,0.04700000
2018-02-23 20:00:01,0.08356600,1.19000000
2018-02-23 20:00:01,0.08356600,1.50700000
2018-02-23 20:00:01,0.08356700,0.02100000
2018-02-23 20:00:02,0.08359600,0.09800000
2018-02-23 20:00:02,0.08360200,0.12200000
2018-02-23 20:00:02,0.08361000,0.18000000
2018-02-23 20:00:02,0.08361000,0.11100000
2018-02-23 20:00:02,0.08356800,0.60500000
2018-02-23 20:00:02,0.08356800,0.61200000
2018-02-23 20:00:03,0.08360800,0.03600000
2018-02-23 20:00:03,0.08360800,0.10400000
2018-02-23 20:00:03,0.08360900,0.03400000
2018-02-23 20:00:03,0.08357300,0.04800000
2018-02-23 20:00:03,0.08357100,0.31600000
2018-02-23 20:00:04,0.08360600,0.04700000
2018-02-23 20:00:04,0.08360600,0.00100000
2018-02-23 20:00:04,0.08360600,0.01200000
2018-02-23 20:00:04,0.08360600,0.00100000
2018-02-23 20:00:04,0.08357200,0.02100000
2018-02-23 20:00:05,0.08360800,0.31900000
2018-02-23 20:00:06,0.08357400,0.07500000
2018-02-23 20:00:06,0.08361000,0.04800000
2018-02-23 20:00:07,0.08361000,0.08000000
2018-02-23 20:00:07,0.08361000,0.01500000
2018-02-23 20:00:08,0.08357800,0.02200000
2018-02-23 20:00:08,0.08361000,0.14700000
2018-02-23 20:00:09,0.08360600,0.17900000
2018-02-23 20:00:09,0.08357900,0.05100000
2018-02-23 20:00:09,0.08360600,0.14500000
2018-02-23 20:00:10,0.08358900,0.04700000
2018-02-23 20:00:10,0.08360600,0.00500000
2018-02-23 20:00:10,0.08360900,0.02200000
2018-02-23 20:00:10,0.08361000,0.00200000
2018-02-23 20:00:10,0.08361000,0.01400000
2018-02-23 20:00:10,0.08358900,0.02800000
2018-02-23 20:00:10,0.08358900,0.00100000
2018-02-23 20:00:10,0.08358200,0.11900000
2018-02-23 20:00:10,0.08358100,0.61100000
2018-02-23 20:00:10,0.08357900,0.33200000
2018-02-23 20:00:10,0.08360500,0.04700000
2018-02-23 20:00:10,0.08361000,0.22300000
2018-02-23 20:00:11,0.08361000,0.07200000
2018-02-23 20:00:11,0.08357900,1.19600000
2018-02-23 20:00:11,0.08357900,1.25700000
2018-02-23 20:00:11,0.08361000,0.31800000
2018-02-23 20:00:13,0.08360800,0.12600000
2018-02-23 20:00:14,0.08360800,0.01300000
2018-02-23 20:00:15,0.08358100,0.08900000
2018-02-23 20:00:15,0.08358100,0.05100000
2018-02-23 20:00:18,0.08360900,0.10600000
2018-02-23 20:00:18,0.08358100,0.02100000
2018-02-23 20:00:18,0.08360900,0.03500000
2018-02-23 20:00:18,0.08358100,0.11000000
2018-02-23 20:00:19,0.08358000,0.07400000
2018-02-23 20:00:20,0.08358100,0.05000000
2018-02-23 20:00:20,0.08361000,0.06900000
2018-02-23 20:00:20,0.08361000,0.04900000
2018-02-23 20:00:20,0.08359500,0.04700000
2018-02-23 20:00:20,0.08359500,0.00300000
2018-02-23 20:00:20,0.08358200,0.04800000
2018-02-23 20:00:20,0.08358000,0.34800000
2018-02-23 20:00:21,0.08360800,0.02100000
2018-02-23 20:00:21,0.08358000,0.19900000
2018-02-23 20:00:21,0.08358000,0.04500000
2018-02-23 20:00:21,0.08358000,0.29700000
2018-02-23 20:00:21,0.08358100,0.04000000
2018-02-23 20:00:22,0.08359500,0.09600000
2018-02-23 20:00:22,0.08358100,0.10000000
2018-02-23 20:00:22,0.08358000,0.15100000
2018-02-23 20:00:22,0.08358000,0.07500000
2018-02-23 20:00:22,0.08358000,0.39100000
2018-02-23 20:00:22,0.08358000,0.38700000
2018-02-23 20:00:22,0.08358000,0.32600000
2018-02-23 20:00:23,0.08358000,0.12500000
2018-02-23 20:00:23,0.08358000,0.33600000
2018-02-23 20:00:23,0.08358000,0.02900000
2018-02-23 20:00:23,0.08358000,0.02900000
2018-02-23 20:00:23,0.08358000,0.02800000
2018-02-23 20:00:24,0.08358100,0.02700000
2018-02-23 20:00:25,0.08358100,0.17900000
2018-02-23 20:00:25,0.08358100,0.38100000
2018-02-23 20:00:25,0.08358100,0.07700000
2018-02-23 20:00:25,0.08358000,0.05700000
2018-02-23 20:00:25,0.08358000,0.05600000
2018-02-23 20:00:25,0.08358100,0.39900000
2018-02-23 20:00:26,0.08358000,1.19600000
2018-02-23 20:00:26,0.08358000,0.20200000
2018-02-23 20:00:26,0.08358000,0.00200000
2018-02-23 20:00:26,0.08357900,0.04800000
2018-02-23 20:00:26,0.08357700,0.02400000
2018-02-23 20:00:26,0.08357700,0.02400000
2018-02-23 20:00:26,0.08355600,0.03400000
2018-02-23 20:00:26,0.08357700,0.01400000
2018-02-23 20:00:27,0.08355500,0.12500000
2018-02-23 20:00:27,0.08355500,0.60400000
2018-02-23 20:00:27,0.08357700,0.00700000
2018-02-23 20:00:27,0.08358100,0.00200000
2018-02-23 20:00:27,0.08359500,0.95100000
2018-02-23 20:00:28,0.08359400,0.09600000
2018-02-23 20:00:28,0.08359400,0.02800000
2018-02-23 20:00:28,0.08359500,0.28800000
2018-02-23 20:00:28,0.08359900,0.67200000
2018-02-23 20:00:28,0.08359900,0.11900000
2018-02-23 20:00:29,0.08359300,0.07100000
2018-02-23 20:00:29,0.08359700,0.09900000
2018-02-23 20:00:30,0.08359700,0.11500000
2018-02-23 20:00:30,0.08359700,0.02800000
2018-02-23 20:00:31,0.08359300,0.12500000
2018-02-23 20:00:31,0.08359300,0.22500000
2018-02-23 20:00:31,0.08359300,0.24100000
2018-02-23 20:00:31,0.08359700,0.04100000
2018-02-23 20:00:31,0.08359400,0.07700000
2018-02-23 20:00:31,0.08359300,1.27100000
2018-02-23 20:00:31,0.08359300,0.07600000
2018-02-23 20:00:32,0.08359300,3.30900000
2018-02-23 20:00:32,0.08359700,0.28800000
2018-02-23 20:00:33,0.08359600,0.01900000
2018-02-23 20:00:33,0.08359600,0.00100000
2018-02-23 20:00:33,0.08359700,0.13700000
2018-02-23 20:00:34,0.08359600,0.07600000
2018-02-23 20:00:34,0.08359600,0.11900000
2018-02-23 20:00:35,0.08359600,0.40000000
2018-02-23 20:00:35,0.08359600,0.11600000
2018-02-23 20:00:35,0.08359200,0.01100000
2018-02-23 20:00:35,0.08356400,0.05400000
2018-02-23 20:00:35,0.08359500,0.11900000
2018-02-23 20:00:36,0.08359500,0.02700000
2018-02-23 20:00:36,0.08356500,0.25600000
2018-02-23 20:00:36,0.08356500,0.07700000
2018-02-23 20:00:36,0.08356500,0.36400000
2018-02-23 20:00:36,0.08356500,0.35600000
2018-02-23 20:00:36,0.08356500,0.10200000
2018-02-23 20:00:36,0.08359600,0.10400000
2018-02-23 20:00:36,0.08359600,0.13500000
2018-02-23 20:00:36,0.08359600,0.45200000
2018-02-23 20:00:36,0.08356600,0.08700000
2018-02-23 20:00:37,0.08356600,0.11200000
2018-02-23 20:00:37,0.08359500,0.09600000
2018-02-23 20:00:37,0.08356600,0.02200000
2018-02-23 20:00:37,0.08356600,0.00100000
2018-02-23 20:00:37,0.08356600,0.39600000
2018-02-23 20:00:38,0.08356700,0.20200000
2018-02-23 20:00:38,0.08359400,0.10700000
2018-02-23 20:00:38,0.08359400,0.02800000
2018-02-23 20:00:38,0.08356700,0.06600000
2018-02-23 20:00:39,0.08359500,0.02500000
2018-02-23 20:00:39,0.08359000,0.04200000
2018-02-23 20:00:39,0.08359000,0.49300000
2018-02-23 20:00:39,0.08356700,0.05900000
2018-02-23 20:00:39,0.08359000,0.49200000
2018-02-23 20:00:39,0.08359000,0.97600000
2018-02-23 20:00:39,0.08356700,0.36500000
2018-02-23 20:00:39,0.08356700,0.27400000
2018-02-23 20:00:40,0.08359000,0.23400000
2018-02-23 20:00:40,0.08356700,0.03000000
2018-02-23 20:00:40,0.08356700,0.03000000
2018-02-23 20:00:41,0.08356700,0.05100000
2018-02-23 20:00:41,0.08359000,0.20000000
2018-02-23 20:00:41,0.08356700,0.25400000
2018-02-23 20:00:41,0.08356700,0.47800000
2018-02-23 20:00:41,0.08356700,0.38100000
2018-02-23 20:00:41,0.08356700,0.11800000
2018-02-23 20:00:41,0.08356700,0.53700000
2018-02-23 20:00:41,0.08356700,0.43800000
2018-02-23 20:00:41,0.08356700,0.54700000
2018-02-23 20:00:42,0.08358900,0.40000000
2018-02-23 20:00:42,0.08356700,0.05100000
2018-02-23 20:00:42,0.08358900,0.00100000
2018-02-23 20:00:42,0.08358900,0.01700000
2018-02-23 20:00:42,0.08358900,0.01500000
2018-02-23 20:00:42,0.08356700,0.15500000
2018-02-23 20:00:42,0.08356700,0.24800000
2018-02-23 20:00:42,0.08355500,0.18300000
2018-02-23 20:00:42,0.08355000,0.84800000
2018-02-23 20:00:42,0.08354700,0.92300000
2018-02-23 20:00:42,0.08355800,0.14000000
2018-02-23 20:00:43,0.08355500,0.03100000
2018-02-23 20:00:43,0.08355500,0.00200000
2018-02-23 20:00:43,0.08358800,0.03000000
2018-02-23 20:00:43,0.08358800,0.02800000
2018-02-23 20:00:43,0.08358800,0.10800000
2018-02-23 20:00:43,0.08358900,0.02800000
2018-02-23 20:00:43,0.08358800,0.01900000
2018-02-23 20:00:43,0.08356800,0.05000000
2018-02-23 20:00:43,0.08356800,0.29600000
2018-02-23 20:00:43,0.08358000,1.07100000
2018-02-23 20:00:43,0.08356900,0.20000000
2018-02-23 20:00:44,0.08358000,0.85700000
2018-02-23 20:00:44,0.08358000,0.77900000
2018-02-23 20:00:44,0.08356900,0.05100000
2018-02-23 20:00:44,0.08356900,0.04400000
2018-02-23 20:00:44,0.08356900,0.33900000
2018-02-23 20:00:44,0.08356800,1.54800000
2018-02-23 20:00:45,0.08358000,0.74200000
2018-02-23 20:00:45,0.08356800,0.00900000
2018-02-23 20:00:45,0.08358000,0.20000000
2018-02-23 20:00:45,0.08357900,0.92300000
2018-02-23 20:00:45,0.08358000,6.17700000
2018-02-23 20:00:45,0.08356800,0.47100000
2018-02-23 20:00:45,0.08357000,0.47700000
2018-02-23 20:00:45,0.08357000,0.30800000
2018-02-23 20:00:45,0.08358900,0.03000000
2018-02-23 20:00:45,0.08357100,0.12100000
2018-02-23 20:00:45,0.08357100,0.00100000
2018-02-23 20:00:46,0.08358900,0.10500000
2018-02-23 20:00:46,0.08357100,0.15000000
2018-02-23 20:00:46,0.08357100,0.06200000
2018-02-23 20:00:46,0.08357100,0.15800000
2018-02-23 20:00:47,0.08357100,0.05100000
2018-02-23 20:00:47,0.08358900,0.12600000
2018-02-23 20:00:47,0.08357100,0.05200000
2018-02-23 20:00:47,0.08357100,0.05200000
2018-02-23 20:00:47,0.08357100,0.00700000
2018-02-23 20:00:47,0.08357100,0.12100000
2018-02-23 20:00:47,0.08357100,0.05200000
2018-02-23 20:00:47,0.08358900,0.16300000
2018-02-23 20:00:47,0.08357100,0.28500000
2018-02-23 20:00:47,0.08358900,0.49600000
2018-02-23 20:00:47,0.08359000,0.40000000
2018-02-23 20:00:47,0.08357100,0.41200000
2018-02-23 20:00:48,0.08357200,0.04100000
2018-02-23 20:00:48,0.08357200,0.00600000
2018-02-23 20:00:48,0.08357200,0.03200000
2018-02-23 20:00:48,0.08357200,0.02100000
2018-02-23 20:00:48,0.08357200,0.35300000
2018-02-23 20:00:49,0.08357200,0.35500000
2018-02-23 20:00:49,0.08359000,0.35500000
2018-02-23 20:00:49,0.08359000,0.35500000
2018-02-23 20:00:49,0.08357200,0.05900000
2018-02-23 20:00:50,0.08359000,0.36300000
2018-02-23 20:00:50,0.08359000,0.15000000
2018-02-23 20:00:50,0.08357300,0.00600000
2018-02-23 20:00:50,0.08357300,0.00800000
2018-02-23 20:00:50,0.08357300,0.00500000
2018-02-23 20:00:51,0.08357300,0.02500000
2018-02-23 20:00:51,0.08359000,0.02100000
2018-02-23 20:00:51,0.08359000,1.01200000
2018-02-23 20:00:52,0.08359000,0.11600000
2018-02-23 20:00:52,0.08357400,0.02000000
2018-02-23 20:00:53,0.08359000,0.13000000
2018-02-23 20:00:53,0.08359000,0.40000000
2018-02-23 20:00:54,0.08359000,0.14700000
2018-02-23 20:00:54,0.08359000,0.70400000
2018-02-23 20:00:54,0.08359000,0.13900000
2018-02-23 20:00:54,0.08359300,0.01500000
2018-02-23 20:00:54,0.08359500,0.12400000
2018-02-23 20:00:55,0.08359000,0.16600000
2018-02-23 20:00:55,0.08359000,0.13100000
2018-02-23 20:00:55,0.08359000,0.26700000
2018-02-23 20:00:55,0.08359500,0.44600000
2018-02-23 20:00:56,0.08359500,0.32400000
2018-02-23 20:00:57,0.08359500,0.02200000
2018-02-23 20:00:59,0.08359600,0.04000000
2018-02-23 20:00:59,0.08360800,0.07500000
2018-02-23 20:00:59,0.08361000,0.83100000
2018-02-23 20:00:59,0.08360800,0.04800000
2018-02-23 20:00:59,0.08359600,0.51100000
2018-02-23 20:00:59,0.08361000,3.67700000
2018-02-23 20:00:59,0.08361700,0.77000000
2018-02-23 20:00:59,0.08362500,0.01500000
2018-02-23 20:00:59,0.08363800,0.00100000
2018-02-23 20:00:59,0.08363900,0.36300000
2018-02-23 20:00:59,0.08364100,0.75400000
2018-02-23 20:00:59,0.08364500,0.12100000
2018-02-23 20:00:59,0.08364900,0.45900000
2018-02-23 20:00:59,0.08365000,0.30000000
2018-02-23 20:00:59,0.08365100,1.04300000
2018-02-23 20:00:59,0.08365200,0.31600000
2018-02-23 20:00:59,0.08365400,0.08300000
2018-02-23 20:00:59,0.08365500,0.12200000
2018-02-23 20:00:59,0.08365600,0.34100000
2018-02-23 20:00:59,0.08366400,0.51700000
2018-02-23 20:00:59,0.08366500,0.12400000
2018-02-23 20:00:59,0.08366700,0.12100000
2018-02-23 20:00:59,0.08367400,0.68400000
2018-02-23 20:01:00,0.08360000,0.64900000
2018-02-23 20:01:01,0.08361000,2.83800000
2018-02-23 20:01:01,0.08366500,0.60300000
2018-02-23 20:01:01,0.08366400,0.05800000
2018-02-23 20:01:01,0.08366400,0.05800000
2018-02-23 20:01:01,0.08366400,0.05800000
2018-02-23 20:01:01,0.08366400,0.16500000
2018-02-23 20:01:01,0.08366500,0.55400000
2018-02-23 20:01:02,0.08361200,0.02000000
2018-02-23 20:01:02,0.08361100,1.79100000
2018-02-23 20:01:02,0.08361200,0.01900000
2018-02-23 20:01:02,0.08361200,0.14000000
2018-02-23 20:01:02,0.08360900,0.40200000
2018-02-23 20:01:03,0.08361300,0.56800000
2018-02-23 20:01:03,0.08361300,0.25000000
2018-02-23 20:01:03,0.08361300,0.13600000
2018-02-23 20:01:03,0.08361300,0.60900000
2018-02-23 20:01:03,0.08364400,0.06500000
2018-02-23 20:01:03,0.08361300,0.09100000
2018-02-23 20:01:04,0.08361300,0.93600000
2018-02-23 20:01:04,0.08360900,0.51800000
2018-02-23 20:01:04,0.08360800,0.64600000
2018-02-23 20:01:04,0.08360000,0.13000000
2018-02-23 20:01:04,0.08359500,0.98700000
2018-02-23 20:01:04,0.08361500,0.04700000
2018-02-23 20:01:04,0.08363900,0.02100000
2018-02-23 20:01:05,0.08363700,0.09500000
2018-02-23 20:01:05,0.08363800,0.58300000
2018-02-23 20:01:06,0.08363600,0.54600000
2018-02-23 20:01:06,0.08363700,0.02000000
2018-02-23 20:01:06,0.08363700,0.02000000
2018-02-23 20:01:06,0.08363700,0.02000000
2018-02-23 20:01:06,0.08363800,1.20800000
2018-02-23 20:01:06,0.08364000,0.65000000
2018-02-23 20:01:06,0.08364400,2.45300000
2018-02-23 20:01:06,0.08363700,0.02000000
2018-02-23 20:01:06,0.08363700,0.02000000
2018-02-23 20:01:06,0.08361500,0.03900000
2018-02-23 20:01:06,0.08361500,0.03900000
2018-02-23 20:01:06,0.08361500,0.02400000
2018-02-23 20:01:06,0.08359500,0.06200000
2018-02-23 20:01:07,0.08359600,0.15200000
2018-02-23 20:01:07,0.08359500,0.22600000
2018-02-23 20:01:08,0.08361600,1.19500000
2018-02-23 20:01:08,0.08361600,5.82500000
2018-02-23 20:01:08,0.08361600,1.05100000
2018-02-23 20:01:09,0.08361600,0.06000000
2018-02-23 20:01:10,0.08361600,0.80800000
2018-02-23 20:01:10,0.08361600,1.57900000
2018-02-23 20:01:10,0.08361600,0.05600000
2018-02-23 20:01:10,0.08363300,0.08300000
2018-02-23 20:01:11,0.08361600,0.05100000
2018-02-23 20:01:12,0.08361600,0.02700000
2018-02-23 20:01:12,0.08361600,0.15300000
2018-02-23 20:01:13,0.08363200,0.05800000
2018-02-23 20:01:14,0.08361600,0.34500000
2018-02-23 20:01:15,0.08361600,0.08900000
2018-02-23 20:01:15,0.08363100,0.11900000
2018-02-23 20:01:16,0.08361600,0.05000000
2018-02-23 20:01:16,0.08361600,0.10800000
2018-02-23 20:01:17,0.08361600,0.99400000
2018-02-23 20:01:17,0.08361600,0.07700000
2018-02-23 20:01:18,0.08361600,0.03500000
2018-02-23 20:01:18,0.08363000,0.02100000
2018-02-23 20:01:18,0.08361600,0.06800000
2018-02-23 20:01:18,0.08361600,0.46200000
2018-02-23 20:01:20,0.08362900,0.08600000
2018-02-23 20:01:21,0.08362900,0.05000000
2018-02-23 20:01:21,0.08362900,0.70300000
2018-02-23 20:01:21,0.08362900,0.35800000
2018-02-23 20:01:21,0.08362900,0.10800000
2018-02-23 20:01:21,0.08362900,0.78600000
2018-02-23 20:01:22,0.08363600,0.35400000
2018-02-23 20:01:22,0.08361900,0.38000000
2018-02-23 20:01:23,0.08361900,0.31400000
2018-02-23 20:01:23,0.08361900,0.07400000
2018-02-23 20:01:24,0.08363600,0.01200000
2018-02-23 20:01:25,0.08363000,0.28000000
2018-02-23 20:01:25,0.08363600,1.47200000
2018-02-23 20:01:25,0.08363600,0.28000000
2018-02-23 20:01:25,0.08361900,0.05200000
2018-02-23 20:01:25,0.08361900,0.23900000
2018-02-23 20:01:25,0.08361900,0.05400000
2018-02-23 20:01:26,0.08361900,0.02200000
2018-02-23 20:01:26,0.08361900,0.06100000
2018-02-23 20:01:26,0.08361900,0.05800000
2018-02-23 20:01:27,0.08362000,0.01700000
2018-02-23 20:01:29,0.08362600,0.08400000
2018-02-23 20:01:30,0.08363600,0.00100000
2018-02-23 20:01:30,0.08364200,0.04800000
2018-02-23 20:01:30,0.08364500,0.02500000
2018-02-23 20:01:30,0.08364500,0.33200000
2018-02-23 20:01:31,0.08364500,0.21000000
2018-02-23 20:01:31,0.08362100,0.15000000
2018-02-23 20:01:31,0.08362000,1.66100000
2018-02-23 20:01:31,0.08362800,0.01900000
2018-02-23 20:01:32,0.08364500,0.46900000
2018-02-23 20:01:34,0.08364500,0.00100000
2018-02-23 20:01:35,0.08363600,0.01900000
2018-02-23 20:01:35,0.08363600,0.00400000
2018-02-23 20:01:35,0.08362800,0.00100000
2018-02-23 20:01:35,0.08362700,0.01700000
2018-02-23 20:01:35,0.08362700,0.02200000
2018-02-23 20:01:35,0.08364500,0.03000000
2018-02-23 20:01:35,0.08362800,0.02000000
2018-02-23 20:01:35,0.08362700,0.98000000
2018-02-23 20:01:35,0.08362800,0.00900000
2018-02-23 20:01:36,0.08362800,0.00100000
2018-02-23 20:01:36,0.08364500,0.00100000
2018-02-23 20:01:36,0.08366600,0.01500000
2018-02-23 20:01:36,0.08367000,0.07300000
2018-02-23 20:01:36,0.08367400,0.60100000
2018-02-23 20:01:36,0.08362800,0.74300000
2018-02-23 20:01:36,0.08362800,0.01800000
2018-02-23 20:01:36,0.08362800,0.90400000
2018-02-23 20:01:37,0.08363000,0.15900000
2018-02-23 20:01:37,0.08363000,0.30100000
2018-02-23 20:01:37,0.08363200,0.04800000
2018-02-23 20:01:37,0.08363000,0.35500000
2018-02-23 20:01:37,0.08367100,0.04800000
2018-02-23 20:01:37,0.08367200,0.45200000
2018-02-23 20:01:37,0.08367200,1.07300000
2018-02-23 20:01:37,0.08367100,0.13200000
2018-02-23 20:01:37,0.08367200,0.81400000
2018-02-23 20:01:37,0.08363100,0.23700000
2018-02-23 20:01:38,0.08363100,0.11900000
2018-02-23 20:01:38,0.08363100,0.26000000
2018-02-23 20:01:38,0.08363200,0.72200000
2018-02-23 20:01:38,0.08363200,0.11200000
2018-02-23 20:01:38,0.08363200,0.01400000
2018-02-23 20:01:38,0.08363200,0.01400000
2018-02-23 20:01:38,0.08363200,0.16400000
2018-02-23 20:01:38,0.08367100,0.48800000
2018-02-23 20:01:39,0.08367000,0.02000000
2018-02-23 20:01:39,0.08367100,0.00900000
2018-02-23 20:01:39,0.08363500,0.02000000
2018-02-23 20:01:39,0.08363400,0.14200000
2018-02-23 20:01:40,0.08367000,0.01900000
2018-02-23 20:01:40,0.08363500,0.08600000
2018-02-23 20:01:40,0.08366900,0.71200000
2018-02-23 20:01:40,0.08363500,0.15800000
2018-02-23 20:01:40,0.08366800,0.85400000
2018-02-23 20:01:40,0.08363700,0.01200000
2018-02-23 20:01:40,0.08363700,0.03400000
2018-02-23 20:01:40,0.08363700,0.00200000
2018-02-23 20:01:40,0.08363500,0.03300000
2018-02-23 20:01:41,0.08366700,0.04800000
2018-02-23 20:01:41,0.08366800,0.31300000
2018-02-23 20:01:41,0.08363800,0.13700000
2018-02-23 20:01:41,0.08363800,0.02100000
2018-02-23 20:01:41,0.08363500,0.02500000
2018-02-23 20:01:41,0.08366900,0.14200000
2018-02-23 20:01:42,0.08366900,0.98100000
2018-02-23 20:01:42,0.08366900,0.00100000
2018-02-23 20:01:42,0.08363500,0.09300000
2018-02-23 20:01:42,0.08363500,0.73700000
2018-02-23 20:01:42,0.08363500,0.34700000
2018-02-23 20:01:42,0.08367100,0.11900000
2018-02-23 20:01:43,0.08363700,0.15200000
2018-02-23 20:01:43,0.08363600,1.97700000
2018-02-23 20:01:43,0.08367000,0.11900000
2018-02-23 20:01:43,0.08366900,0.00600000
2018-02-23 20:01:43,0.08366900,0.75900000
2018-02-23 20:01:44,0.08364000,0.43100000
2018-02-23 20:01:45,0.08366700,0.01300000
2018-02-23 20:01:45,0.08366800,0.30500000
2018-02-23 20:01:45,0.08364000,0.09800000
2018-02-23 20:01:45,0.08364000,0.32400000
2018-02-23 20:01:45,0.08366800,0.11900000
2018-02-23 20:01:46,0.08366700,0.40000000
2018-02-23 20:01:46,0.08364100,0.02000000
2018-02-23 20:01:46,0.08364100,0.12200000
2018-02-23 20:01:46,0.08364000,0.05400000
2018-02-23 20:01:46,0.08364000,0.03200000
2018-02-23 20:01:47,0.08365000,0.14000000
2018-02-23 20:01:47,0.08365000,0.05300000
2018-02-23 20:01:47,0.08366700,0.01100000
2018-02-23 20:01:48,0.08366700,0.11700000
2018-02-23 20:01:48,0.08366700,0.00100000
2018-02-23 20:01:48,0.08366800,0.11800000
2018-02-23 20:01:49,0.08366800,0.11900000
2018-02-23 20:01:51,0.08366200,0.04600000
2018-02-23 20:01:51,0.08366200,0.00100000
2018-02-23 20:01:51,0.08365000,0.02900000
2018-02-23 20:01:54,0.08366800,0.11900000
2018-02-23 20:01:54,0.08366800,0.37700000
2018-02-23 20:01:55,0.08366900,1.00600000
2018-02-23 20:01:55,0.08365000,0.22700000
2018-02-23 20:01:55,0.08366900,0.16500000
2018-02-23 20:01:55,0.08366900,0.04100000
2018-02-23 20:01:55,0.08367100,0.16500000
2018-02-23 20:01:55,0.08366900,0.13800000
2018-02-23 20:01:56,0.08366900,0.06700000
2018-02-23 20:01:56,0.08367100,0.25200000
2018-02-23 20:01:56,0.08367100,0.02300000
2018-02-23 20:01:56,0.08366900,0.76000000
2018-02-23 20:01:56,0.08366900,0.54200000
2018-02-23 20:01:57,0.08366900,1.19900000
2018-02-23 20:01:57,0.08367100,0.05600000
2018-02-23 20:01:57,0.08366900,2.50000000
2018-02-23 20:01:57,0.08365000,0.98700000
2018-02-23 20:01:57,0.08365000,0.04600000
2018-02-23 20:01:57,0.08367100,0.00100000
2018-02-23 20:01:57,0.08367400,0.50000000
2018-02-23 20:01:57,0.08367100,0.00700000
2018-02-23 20:01:57,0.08367400,0.04700000
2018-02-23 20:01:58,0.08367400,0.35700000
2018-02-23 20:01:58,0.08367400,0.00100000
2018-02-23 20:01:58,0.08367100,0.09100000
2018-02-23 20:01:58,0.08365000,0.26500000
2018-02-23 20:01:59,0.08367400,0.03500000
2018-02-23 20:01:59,0.08367400,0.36400000
2018-02-23 20:01:59,0.08367400,0.00100000
2018-02-23 20:01:59,0.08365000,0.36300000
2018-02-23 20:01:59,0.08367500,0.42200000
2018-02-23 20:01:59,0.08365000,0.37300000
2018-02-23 20:01:59,0.08367500,0.14700000
2018-02-23 20:02:00,0.08365000,0.02100000
2018-02-23 20:02:00,0.08365000,0.03000000
2018-02-23 20:02:00,0.08367600,0.34700000
2018-02-23 20:02:00,0.08366800,0.88300000
2018-02-23 20:02:00,0.08365000,0.92700000
2018-02-23 20:02:01,0.08367700,0.10600000
2018-02-23 20:02:01,0.08365000,0.01900000
2018-02-23 20:02:02,0.08367500,0.91900000
2018-02-23 20:02:02,0.08367500,0.29900000
2018-02-23 20:02:02,0.08367500,0.02800000
2018-02-23 20:02:02,0.08367500,0.05500000
2018-02-23 20:02:02,0.08367500,0.19200000
2018-02-23 20:02:02,0.08365000,0.08200000
2018-02-23 20:02:02,0.08365000,0.19100000
2018-02-23 20:02:03,0.08367700,0.29600000
2018-02-23 20:02:03,0.08367700,0.40000000
2018-02-23 20:02:03,0.08365000,0.02700000
2018-02-23 20:02:03,0.08365000,0.02700000
2018-02-23 20:02:04,0.08367700,0.04400000
2018-02-23 20:02:04,0.08366800,0.04700000
2018-02-23 20:02:04,0.08365100,0.02000000
2018-02-23 20:02:04,0.08365000,0.34200000
2018-02-23 20:02:04,0.08367700,0.00100000
2018-02-23 20:02:04,0.08367700,0.06200000
2018-02-23 20:02:04,0.08367700,0.31600000
2018-02-23 20:02:04,0.08367700,0.00400000
2018-02-23 20:02:04,0.08365100,0.02000000
2018-02-23 20:02:04,0.08365000,0.21500000
2018-02-23 20:02:05,0.08365100,0.12600000
2018-02-23 20:02:05,0.08365000,0.12700000
2018-02-23 20:02:05,0.08367800,0.12500000
2018-02-23 20:02:05,0.08365000,0.27200000
2018-02-23 20:02:05,0.08364100,0.22700000
2018-02-23 20:02:05,0.08367900,0.02400000
2018-02-23 20:02:05,0.08365100,0.30000000
2018-02-23 20:02:05,0.08366900,0.04700000
2018-02-23 20:02:05,0.08365100,0.08900000
2018-02-23 20:02:06,0.08367800,0.37800000
2018-02-23 20:02:06,0.08365100,0.60500000
2018-02-23 20:02:06,0.08367900,0.01700000
2018-02-23 20:02:06,0.08367900,0.44400000
2018-02-23 20:02:06,0.08365100,0.00500000
2018-02-23 20:02:06,0.08365100,0.17400000
2018-02-23 20:02:06,0.08364600,0.12700000
2018-02-23 20:02:06,0.08365200,0.04800000
2018-02-23 20:02:06,0.08368000,0.02800000
2018-02-23 20:02:07,0.08367900,0.12700000
2018-02-23 20:02:07,0.08365300,0.12600000
2018-02-23 20:02:07,0.08365200,0.47500000
2018-02-23 20:02:07,0.08368000,0.20100000
2018-02-23 20:02:07,0.08368300,0.57400000
2018-02-23 20:02:07,0.08368300,0.12700000
2018-02-23 20:02:07,0.08367900,0.03500000
2018-02-23 20:02:08,0.08367900,0.00500000
2018-02-23 20:02:09,0.08367900,0.09100000
2018-02-23 20:02:09,0.08365200,0.05000000
2018-02-23 20:02:09,0.08367900,0.04800000
2018-02-23 20:02:10,0.08365200,0.09100000
2018-02-23 20:02:11,0.08367000,0.04600000
2018-02-23 20:02:11,0.08367900,0.06900000
2018-02-23 20:02:11,0.08367900,0.04800000
2018-02-23 20:02:11,0.08367000,0.00100000
2018-02-23 20:02:11,0.08365300,0.00300000
2018-02-23 20:02:12,0.08367000,0.04600000
2018-02-23 20:02:12,0.08367000,0.00100000
2018-02-23 20:02:12,0.08365300,0.06100000
2018-02-23 20:02:13,0.08365400,0.48200000
2018-02-23 20:02:13,0.08367900,0.33500000
2018-02-23 20:02:13,0.08367900,0.04800000
2018-02-23 20:02:13,0.08367900,0.41000000
2018-02-23 20:02:14,0.08368100,0.03800000
2018-02-23 20:02:14,0.08368100,0.02900000
2018-02-23 20:02:14,0.08365500,0.05100000
2018-02-23 20:02:14,0.08365500,0.05600000
2018-02-23 20:02:15,0.08365500,0.05600000
2018-02-23 20:02:15,0.08368000,0.03500000
2018-02-23 20:02:15,0.08368100,0.05900000
2018-02-23 20:02:15,0.08365500,0.44000000
2018-02-23 20:02:15,0.08368100,0.00100000
2018-02-23 20:02:15,0.08368100,0.04200000
2018-02-23 20:02:16,0.08368300,0.02900000
2018-02-23 20:02:16,0.08368300,0.15000000
2018-02-23 20:02:16,0.08368300,0.08000000
2018-02-23 20:02:16,0.08368600,0.11900000
2018-02-23 20:02:16,0.08368600,0.11100000
2018-02-23 20:02:16,0.08368300,0.23000000
2018-02-23 20:02:16,0.08368100,0.05300000
2018-02-23 20:02:16,0.08365500,0.08400000
2018-02-23 20:02:17,0.08365600,0.12500000
2018-02-23 20:02:17,0.08368600,0.10100000
2018-02-23 20:02:17,0.08366500,0.48100000
2018-02-23 20:02:17,0.08365700,0.15000000
2018-02-23 20:02:17,0.08368600,0.02500000
2018-02-23 20:02:17,0.08368700,0.36500000
2018-02-23 20:02:17,0.08365700,0.04500000
2018-02-23 20:02:18,0.08365800,0.06700000
2018-02-23 20:02:18,0.08368600,0.04800000
2018-02-23 20:02:18,0.08368500,0.04700000
2018-02-23 20:02:18,0.08365800,0.08500000
2018-02-23 20:02:18,0.08369800,0.19500000
2018-02-23 20:02:18,0.08369900,1.11800000
2018-02-23 20:02:19,0.08368500,0.04600000
2018-02-23 20:02:19,0.08368500,0.00100000
2018-02-23 20:02:19,0.08366000,0.04500000
2018-02-23 20:02:19,0.08366000,0.04600000
2018-02-23 20:02:19,0.08367000,0.00600000
2018-02-23 20:02:19,0.08369600,0.15200000
2018-02-23 20:02:19,0.08369700,0.14500000
2018-02-23 20:02:19,0.08369800,3.18600000
2018-02-23 20:02:19,0.08369800,0.83800000
2018-02-23 20:02:19,0.08370000,0.06500000
2018-02-23 20:02:19,0.08370100,1.02400000
2018-02-23 20:02:19,0.08370400,0.03000000
2018-02-23 20:02:19,0.08370700,0.05800000
2018-02-23 20:02:19,0.08370800,11.03100000
2018-02-23 20:02:19,0.08369700,0.02000000
2018-02-23 20:02:20,0.08370600,0.04700000
2018-02-23 20:02:20,0.08369600,0.10400000
2018-02-23 20:02:20,0.08369600,0.04800000
2018-02-23 20:02:20,0.08367100,0.10300000
2018-02-23 20:02:20,0.08367100,0.04700000
2018-02-23 20:02:20,0.08367000,0.09700000
2018-02-23 20:02:20,0.08367000,0.08500000
2018-02-23 20:02:20,0.08367100,0.04700000
2018-02-23 20:02:20,0.08371200,0.37500000
2018-02-23 20:02:20,0.08369600,0.02500000
2018-02-23 20:02:20,0.08369600,0.05200000
2018-02-23 20:02:20,0.08371200,0.00100000
2018-02-23 20:02:20,0.08371400,0.09000000
2018-02-23 20:02:21,0.08370800,0.04600000
2018-02-23 20:02:21,0.08371400,0.06900000
2018-02-23 20:02:21,0.08370800,0.00100000
2018-02-23 20:02:21,0.08369600,0.01000000
2018-02-23 20:02:21,0.08367300,0.02700000
2018-02-23 20:02:21,0.08371400,0.00100000
2018-02-23 20:02:21,0.08372900,0.33400000
2018-02-23 20:02:21,0.08367300,0.02800000
2018-02-23 20:02:21,0.08367200,0.01800000
2018-02-23 20:02:21,0.08372900,0.03400000
2018-02-23 20:02:21,0.08373000,0.02700000
2018-02-23 20:02:21,0.08373300,0.81000000
2018-02-23 20:02:21,0.08373600,0.15400000
2018-02-23 20:02:21,0.08373300,0.20700000
2018-02-23 20:02:21,0.08367300,0.40700000
2018-02-23 20:02:21,0.08367400,0.05900000
2018-02-23 20:02:22,0.08367500,0.10000000
2018-02-23 20:02:22,0.08367500,0.10000000
2018-02-23 20:02:22,0.08367500,0.15300000
2018-02-23 20:02:22,0.08367500,3.95100000
2018-02-23 20:02:22,0.08367400,0.10100000
2018-02-23 20:02:22,0.08367300,0.15100000
2018-02-23 20:02:23,0.08371200,0.08600000
2018-02-23 20:02:23,0.08371200,0.00100000
2018-02-23 20:02:23,0.08367500,0.03700000
2018-02-23 20:02:23,0.08367500,0.08600000
2018-02-23 20:02:23,0.08367500,0.08600000
2018-02-23 20:02:23,0.08367500,1.86500000
2018-02-23 20:02:23,0.08367500,4.87300000
2018-02-23 20:02:23,0.08368000,4.11400000
2018-02-23 20:02:23,0.08368100,0.23000000
2018-02-23 20:02:24,0.08368200,0.12500000
2018-02-23 20:02:24,0.08373200,0.12600000
2018-02-23 20:02:25,0.08373200,0.05200000
2018-02-23 20:02:25,0.08369600,0.74800000
2018-02-23 20:02:25,0.08369600,0.00100000
2018-02-23 20:02:25,0.08368400,0.02700000
2018-02-23 20:02:25,0.08368400,0.27200000
2018-02-23 20:02:25,0.08373200,0.11900000
2018-02-23 20:02:26,0.08373000,0.12500000
2018-02-23 20:02:26,0.08373100,0.03600000
2018-02-23 20:02:26,0.08368600,0.02400000
2018-02-23 20:02:26,0.08373100,0.49100000
2018-02-23 20:02:26,0.08373100,0.00100000
2018-02-23 20:02:26,0.08373200,0.52000000
2018-02-23 20:02:26,0.08373600,0.65500000
2018-02-23 20:02:26,0.08373700,0.10300000
2018-02-23 20:02:26,0.08373800,0.37600000
2018-02-23 20:02:26,0.08373900,0.37500000
2018-02-23 20:02:26,0.08374300,0.10900000
2018-02-23 20:02:26,0.08374700,0.01500000
2018-02-23 20:02:26,0.08374900,0.51100000
2018-02-23 20:02:26,0.08375000,0.01500000
2018-02-23 20:02:26,0.08375300,0.35300000
2018-02-23 20:02:26,0.08376200,0.36400000
2018-02-23 20:02:26,0.08376600,0.19600000
2018-02-23 20:02:26,0.08376900,0.10600000
2018-02-23 20:02:26,0.08377000,6.64500000
2018-02-23 20:02:27,0.08373000,0.02500000
2018-02-23 20:02:27,0.08368900,1.19700000
2018-02-23 20:02:27,0.08373000,1.73900000
2018-02-23 20:02:27,0.08368900,1.22000000
2018-02-23 20:02:27,0.08370800,0.01400000
2018-02-23 20:02:27,0.08370800,0.00100000
2018-02-23 20:02:27,0.08369000,0.01300000
2018-02-23 20:02:28,0.08370900,0.10200000
2018-02-23 20:02:28,0.08369000,0.10600000
2018-02-23 20:02:28,0.08373000,0.14100000
2018-02-23 20:02:28,0.08369000,0.10100000
2018-02-23 20:02:28,0.08369000,0.10100000
2018-02-23 20:02:28,0.08369000,0.14400000
2018-02-23 20:02:28,0.08369000,0.05100000
2018-02-23 20:02:28,0.08373000,1.39900000
2018-02-23 20:02:28,0.08373000,1.00000000
2018-02-23 20:02:28,0.08373100,0.37500000
2018-02-23 20:02:28,0.08373100,0.34500000
2018-02-23 20:02:28,0.08373100,0.10800000
2018-02-23 20:02:28,0.08373100,0.00300000
2018-02-23 20:02:28,0.08373100,0.30000000
2018-02-23 20:02:29,0.08373200,0.01900000
2018-02-23 20:02:29,0.08375000,0.01500000
2018-02-23 20:02:29,0.08377100,0.51600000
2018-02-23 20:02:29,0.08377200,1.95300000
2018-02-23 20:02:30,0.08377100,0.12600000
2018-02-23 20:02:30,0.08377200,0.14500000
2018-02-23 20:02:30,0.08377200,0.14400000
2018-02-23 20:02:30,0.08377100,0.02000000
2018-02-23 20:02:30,0.08377200,0.02000000
2018-02-23 20:02:30,0.08377200,0.02000000
2018-02-23 20:02:30,0.08377200,0.08100000
2018-02-23 20:02:30,0.08377200,0.04100000
2018-02-23 20:02:30,0.08377100,0.02000000
2018-02-23 20:02:30,0.08377200,0.02600000
2018-02-23 20:02:30,0.08377100,0.02000000
2018-02-23 20:02:30,0.08377200,0.02600000
2018-02-23 20:02:30,0.08377100,0.02000000
2018-02-23 20:02:30,0.08375700,0.13700000
2018-02-23 20:02:30,0.08375700,0.26100000
2018-02-23 20:02:31,0.08375700,0.06400000
2018-02-23 20:02:31,0.08375700,0.09900000
2018-02-23 20:02:31,0.08375700,0.00600000
2018-02-23 20:02:31,0.08375700,0.02200000
2018-02-23 20:02:31,0.08377200,0.02600000
2018-02-23 20:02:31,0.08377500,1.76400000
2018-02-23 20:02:31,0.08375700,0.01700000
2018-02-23 20:02:31,0.08375700,0.41300000
2018-02-23 20:02:31,0.08375000,0.01600000
2018-02-23 20:02:31,0.08375000,0.03200000
2018-02-23 20:02:31,0.08375000,0.09000000
2018-02-23 20:02:31,0.08373500,0.03100000
2018-02-23 20:02:32,0.08373600,0.12500000
2018-02-23 20:02:32,0.08375800,2.95900000
2018-02-23 20:02:32,0.08375800,1.62000000
2018-02-23 20:02:32,0.08375800,1.32300000
2018-02-23 20:02:32,0.08375800,0.03900000
2018-02-23 20:02:32,0.08375800,1.30900000
2018-02-23 20:02:32,0.08373500,0.01700000
2018-02-23 20:02:32,0.08373300,0.02100000
2018-02-23 20:02:33,0.08373400,0.02000000
2018-02-23 20:02:33,0.08373300,1.17500000
2018-02-23 20:02:33,0.08377000,0.03200000
2018-02-23 20:02:33,0.08377000,0.01600000
2018-02-23 20:02:33,0.08373700,0.04700000
2018-02-23 20:02:33,0.08377100,0.02400000
2018-02-23 20:02:34,0.08377300,0.12500000
2018-02-23 20:02:34,0.08377400,0.02000000
2018-02-23 20:02:34,0.08373800,0.12500000
2018-02-23 20:02:34,0.08377400,0.02000000
2018-02-23 20:02:34,0.08377500,1.46400000
2018-02-23 20:02:34,0.08373700,0.02000000
2018-02-23 20:02:34,0.08376800,0.04800000
2018-02-23 20:02:34,0.08377400,0.02000000
2018-02-23 20:02:34,0.08378800,0.37500000
2018-02-23 20:02:34,0.08377400,0.02000000
2018-02-23 20:02:34,0.08379100,2.68600000
2018-02-23 20:02:34,0.08377400,0.02000000
2018-02-23 20:02:34,0.08377400,0.02000000
2018-02-23 20:02:34,0.08379200,0.01500000
2018-02-23 20:02:35,0.08377400,0.02000000
2018-02-23 20:02:35,0.08379600,0.13000000
2018-02-23 20:02:35,0.08379700,4.83800000
2018-02-23 20:02:35,0.08373900,0.14900000
2018-02-23 20:02:35,0.08373900,0.02900000
2018-02-23 20:02:36,0.08375100,0.09600000
2018-02-23 20:02:36,0.08375100,0.01600000
2018-02-23 20:02:37,0.08375100,0.03300000
2018-02-23 20:02:37,0.08375100,0.00100000
2018-02-23 20:02:37,0.08375000,0.01500000
2018-02-23 20:02:37,0.08374100,0.03100000
2018-02-23 20:02:37,0.08375100,0.02000000
2018-02-23 20:02:37,0.08375100,0.02000000
2018-02-23 20:02:37,0.08375100,0.02000000
2018-02-23 20:02:37,0.08375100,0.02000000
2018-02-23 20:02:37,0.08375100,0.02000000
2018-02-23 20:02:37,0.08375100,0.01900000
2018-02-23 20:02:38,0.08375100,0.00100000
2018-02-23 20:02:38,0.08374200,2.84900000
2018-02-23 20:02:38,0.08373900,0.12100000
2018-02-23 20:02:38,0.08375100,0.02000000
2018-02-23 20:02:38,0.08373900,0.03100000
2018-02-23 20:02:38,0.08373100,1.06800000
2018-02-23 20:02:38,0.08370800,0.01500000
2018-02-23 20:02:38,0.08369000,1.49300000
2018-02-23 20:02:38,0.08375100,0.02000000
2018-02-23 20:02:38,0.08369000,0.05200000
2018-02-23 20:02:38,0.08373900,0.02400000
2018-02-23 20:02:39,0.08373900,0.09900000
2018-02-23 20:02:39,0.08369000,0.38300000
2018-02-23 20:02:39,0.08373900,0.00100000
2018-02-23 20:02:39,0.08374000,1.10700000
2018-02-23 20:02:39,0.08374200,0.04800000
2018-02-23 20:02:39,0.08374200,0.04800000
2018-02-23 20:02:39,0.08375000,0.01500000
2018-02-23 20:02:39,0.08377000,0.68000000
2018-02-23 20:02:40,0.08374000,0.02000000
2018-02-23 20:02:40,0.08374000,0.05000000
2018-02-23 20:02:40,0.08374000,0.15900000
2018-02-23 20:02:40,0.08376900,0.19100000
2018-02-23 20:02:40,0.08375100,0.04000000
2018-02-23 20:02:40,0.08376900,0.07900000
2018-02-23 20:02:40,0.08374000,0.39300000
2018-02-23 20:02:41,0.08369100,0.21700000
2018-02-23 20:02:41,0.08369100,0.29700000
2018-02-23 20:02:42,0.08370800,0.01400000
2018-02-23 20:02:42,0.08370800,0.00100000
2018-02-23 20:02:42,0.08369400,0.01300000
2018-02-23 20:02:42,0.08369400,0.20800000
2018-02-23 20:02:42,0.08376800,0.11900000
2018-02-23 20:02:42,0.08376700,0.09600000
2018-02-23 20:02:43,0.08371600,0.02000000
2018-02-23 20:02:43,0.08375000,0.01500000
2018-02-23 20:02:43,0.08376700,0.02900000
2018-02-23 20:02:43,0.08376800,1.14900000
2018-02-23 20:02:43,0.08376800,0.01300000
2018-02-23 20:02:43,0.08376800,0.03400000
2018-02-23 20:02:43,0.08371600,0.07300000
2018-02-23 20:02:44,0.08372000,0.11000000
2018-02-23 20:02:44,0.08372000,0.18400000
2018-02-23 20:02:44,0.08372000,0.11100000
2018-02-23 20:02:44,0.08372000,0.06700000
2018-02-23 20:02:44,0.08371900,0.05000000
2018-02-23 20:02:44,0.08371800,0.68100000
2018-02-23 20:02:45,0.08376600,0.12600000
2018-02-23 20:02:45,0.08376700,0.09500000
2018-02-23 20:02:45,0.08375100,0.07100000
2018-02-23 20:02:45,0.08376700,0.14600000
2018-02-23 20:02:45,0.08376700,0.02000000
2018-02-23 20:02:45,0.08376900,0.80000000
2018-02-23 20:02:45,0.08375100,0.02800000
2018-02-23 20:02:45,0.08376700,0.02000000
2018-02-23 20:02:45,0.08376900,0.03800000
2018-02-23 20:02:45,0.08376900,0.02000000
2018-02-23 20:02:45,0.08376900,0.02300000
2018-02-23 20:02:45,0.08376900,0.05000000
2018-02-23 20:02:45,0.08376900,0.09300000
2018-02-23 20:02:45,0.08376900,0.61400000
2018-02-23 20:02:45,0.08375100,0.13900000
2018-02-23 20:02:46,0.08375100,0.03100000
2018-02-23 20:02:46,0.08375100,0.89400000
2018-02-23 20:02:46,0.08375100,0.03000000
2018-02-23 20:02:47,0.08375300,0.02500000
2018-02-23 20:02:47,0.08375100,0.09900000
2018-02-23 20:02:47,0.08375300,0.06500000
2018-02-23 20:02:47,0.08375100,0.03000000
2018-02-23 20:02:47,0.08375100,0.03000000
2018-02-23 20:02:47,0.08377000,1.11200000
2018-02-23 20:02:47,0.08375100,0.02800000
2018-02-23 20:02:47,0.08377000,0.04100000
2018-02-23 20:02:48,0.08375200,0.06700000
2018-02-23 20:02:48,0.08375200,0.05300000
2018-02-23 20:02:48,0.08375200,0.04600000
2018-02-23 20:02:48,0.08375200,0.01900000
2018-02-23 20:02:49,0.08375200,0.02800000
2018-02-23 20:02:49,0.08375200,0.02700000
2018-02-23 20:02:49,0.08375100,0.01400000
2018-02-23 20:02:49,0.08375100,0.04700000
2018-02-23 20:02:49,0.08375200,0.03100000
2018-02-23 20:02:49,0.08375200,0.04100000
2018-02-23 20:02:49,0.08375200,0.04800000
2018-02-23 20:02:49,0.08375100,0.17200000
2018-02-23 20:02:49,0.08377000,0.11700000
2018-02-23 20:02:49,0.08375200,0.12000000
2018-02-23 20:02:49,0.08375100,0.41000000
2018-02-23 20:02:49,0.08375100,0.12000000
2018-02-23 20:02:49,0.08377000,0.40400000
2018-02-23 20:02:50,0.08375200,1.81900000
2018-02-23 20:02:50,0.08375200,0.05200000
2018-02-23 20:02:50,0.08375200,0.35800000
2018-02-23 20:02:50,0.08375200,1.00000000
2018-02-23 20:02:50,0.08375200,0.14900000
2018-02-23 20:02:50,0.08375200,0.36400000
2018-02-23 20:02:50,0.08375200,0.05200000
2018-02-23 20:02:50,0.08377000,0.00500000
2018-02-23 20:02:50,0.08377000,0.03800000
2018-02-23 20:02:51,0.08377000,0.00100000
2018-02-23 20:02:51,0.08375200,0.16800000
2018-02-23 20:02:51,0.08375200,0.06800000
2018-02-23 20:02:51,0.08375200,0.43100000
2018-02-23 20:02:51,0.08375200,0.34500000
2018-02-23 20:02:51,0.08375200,0.13000000
2018-02-23 20:02:51,0.08375200,0.43300000
2018-02-23 20:02:51,0.08377000,0.04300000
2018-02-23 20:02:51,0.08377200,0.04800000
2018-02-23 20:02:51,0.08377300,0.02400000
2018-02-23 20:02:51,0.08377500,0.00400000
2018-02-23 20:02:52,0.08375200,0.03800000
2018-02-23 20:02:52,0.08375200,0.09200000
2018-02-23 20:02:52,0.08377500,0.00900000
2018-02-23 20:02:52,0.08379200,0.01500000
2018-02-23 20:02:52,0.08380100,1.70300000
2018-02-23 20:02:52,0.08380200,0.23000000
2018-02-23 20:02:53,0.08375400,0.10000000
2018-02-23 20:02:53,0.08377500,0.04700000
2018-02-23 20:02:53,0.08377500,0.00100000
2018-02-23 20:02:53,0.08375400,0.04600000
2018-02-23 20:02:53,0.08375400,0.04700000
2018-02-23 20:02:53,0.08375400,0.00700000
2018-02-23 20:02:53,0.08375300,0.03600000
2018-02-23 20:02:53,0.08375300,0.04700000
2018-02-23 20:02:53,0.08375300,0.04700000
2018-02-23 20:02:53,0.08375300,0.04700000
2018-02-23 20:02:53,0.08375300,0.03600000
2018-02-23 20:02:54,0.08377100,0.12500000
2018-02-23 20:02:54,0.08377000,0.09900000
2018-02-23 20:02:54,0.08377000,0.00100000
2018-02-23 20:02:54,0.08375400,0.09700000
2018-02-23 20:02:54,0.08377500,0.10500000
2018-02-23 20:02:55,0.08377500,0.39700000
2018-02-23 20:02:55,0.08377500,0.02200000
2018-02-23 20:02:55,0.08377500,0.47000000
2018-02-23 20:02:55,0.08377500,0.46800000
2018-02-23 20:02:55,0.08380100,0.21200000
2018-02-23 20:02:55,0.08377500,0.14200000
2018-02-23 20:02:55,0.08380100,0.00100000
2018-02-23 20:02:55,0.08380100,0.16700000
2018-02-23 20:02:56,0.08380200,0.11900000
2018-02-23 20:02:56,0.08377500,0.02300000
2018-02-23 20:02:56,0.08377500,0.02000000
2018-02-23 20:02:56,0.08377500,0.02400000
2018-02-23 20:02:56,0.08380200,0.30100000
2018-02-23 20:02:56,0.08377500,0.22900000
2018-02-23 20:02:56,0.08377500,0.02000000
2018-02-23 20:02:56,0.08377500,0.03900000
2018-02-23 20:02:56,0.08376900,0.40000000
2018-02-23 20:02:56,0.08376900,0.00300000
2018-02-23 20:02:56,0.08377500,0.05900000
2018-02-23 20:02:57,0.08380100,0.02000000
2018-02-23 20:02:57,0.08380100,0.04700000
2018-02-23 20:02:57,0.08380100,0.02000000
2018-02-23 20:02:57,0.08377800,0.04600000
2018-02-23 20:02:57,0.08377800,0.01300000
2018-02-23 20:02:57,0.08376900,0.01000000
2018-02-23 20:02:57,0.08376900,0.06600000
2018-02-23 20:02:57,0.08376900,0.06600000
2018-02-23 20:02:57,0.08376900,0.06400000
2018-02-23 20:02:57,0.08376900,0.02000000
2018-02-23 20:02:57,0.08376900,0.05100000
2018-02-23 20:02:57,0.08376900,0.06600000
2018-02-23 20:02:57,0.08376900,0.00500000
2018-02-23 20:02:57,0.08377500,0.04800000
2018-02-23 20:02:57,0.08376900,0.04700000
2018-02-23 20:02:57,0.08375900,0.24300000
2018-02-23 20:02:57,0.08375900,0.40000000
2018-02-23 20:02:57,0.08377000,0.60000000
2018-02-23 20:02:58,0.08377100,0.02000000
2018-02-23 20:02:58,0.08377100,0.10500000
2018-02-23 20:02:58,0.08380100,0.12400000
2018-02-23 20:02:59,0.08377000,0.55300000
2018-02-23 20:02:59,0.08377000,0.08800000
2018-02-23 20:02:59,0.08377200,0.05200000
2018-02-23 20:02:59,0.08377200,0.40000000
2018-02-23 20:02:59,0.08377200,0.72600000
2018-02-23 20:02:59,0.08380000,0.12500000
2018-02-23 20:02:59,0.08377200,0.01500000
2018-02-23 20:02:59,0.08377000,0.71300000
2018-02-23 20:02:59,0.08380000,0.04800000
2018-02-23 20:03:00,0.08379900,0.03000000
2018-02-23 20:03:00,0.08377100,0.01100000
2018-02-23 20:03:00,0.08379900,0.01700000
2018-02-23 20:03:01,0.08377900,0.02400000
2018-02-23 20:03:01,0.08377900,0.02300000
2018-02-23 20:03:01,0.08379900,0.00100000
2018-02-23 20:03:01,0.08377100,0.11500000
2018-02-23 20:03:01,0.08377000,0.00400000
2018-02-23 20:03:01,0.08379900,0.74100000
2018-02-23 20:03:01,0.08380000,0.42700000
2018-02-23 20:03:01,0.08380200,0.04400000
2018-02-23 20:03:01,0.08380500,0.19900000
2018-02-23 20:03:01,0.08380900,0.23000000
2018-02-23 20:03:01,0.08381000,0.06700000
2018-02-23 20:03:01,0.08381700,0.23700000
2018-02-23 20:03:01,0.08381800,0.04700000
2018-02-23 20:03:01,0.08381900,0.02000000
2018-02-23 20:03:01,0.08381900,0.02000000
2018-02-23 20:03:01,0.08381900,0.55400000
2018-02-23 20:03:01,0.08381900,0.02000000
2018-02-23 20:03:01,0.08381900,0.06900000
2018-02-23 20:03:01,0.08381900,0.04200000
2018-02-23 20:03:01,0.08381900,0.02000000
2018-02-23 20:03:01,0.08381900,0.02000000
2018-02-23 20:03:01,0.08381900,0.01900000
2018-02-23 20:03:01,0.08381900,0.02000000
2018-02-23 20:03:01,0.08381900,0.01600000
2018-02-23 20:03:01,0.08381900,0.02000000
2018-02-23 20:03:01,0.08381900,0.08200000
2018-02-23 20:03:01,0.08381900,0.07900000
2018-02-23 20:03:01,0.08381900,0.02000000
2018-02-23 20:03:01,0.08381900,0.15000000
2018-02-23 20:03:01,0.08381900,0.06900000
2018-02-23 20:03:01,0.08381900,0.01900000
2018-02-23 20:03:01,0.08381900,0.05200000
2018-02-23 20:03:01,0.08381900,0.05100000
2018-02-23 20:03:01,0.08381900,0.02000000
2018-02-23 20:03:02,0.08381900,0.20500000
2018-02-23 20:03:02,0.08380000,0.14300000
2018-02-23 20:03:02,0.08379800,0.02300000
2018-02-23 20:03:02,0.08379800,0.43900000
2018-02-23 20:03:02,0.08379800,0.02400000
2018-02-23 20:03:02,0.08379800,0.03800000
2018-02-23 20:03:02,0.08379800,0.09300000
2018-02-23 20:03:03,0.08377100,0.08100000
2018-02-23 20:03:03,0.08377100,0.02000000
2018-02-23 20:03:03,0.08377000,0.09600000
2018-02-23 20:03:03,0.08377300,0.22500000
2018-02-23 20:03:03,0.08377100,0.02400000
2018-02-23 20:03:03,0.08377100,0.01800000
2018-02-23 20:03:04,0.08377100,0.02100000
2018-02-23 20:03:04,0.08379800,0.20900000
2018-02-23 20:03:04,0.08379800,0.02500000
2018-02-23 20:03:04,0.08379700,0.02400000
2018-02-23 20:03:04,0.08379800,0.15500000
2018-02-23 20:03:04,0.08382000,0.01800000
2018-02-23 20:03:04,0.08379800,0.01300000
2018-02-23 20:03:04,0.08379800,0.01600000
2018-02-23 20:03:05,0.08379800,0.14900000
2018-02-23 20:03:05,0.08379800,0.05100000
2018-02-23 20:03:05,0.08377100,0.00100000
2018-02-23 20:03:05,0.08376200,0.09600000
2018-02-23 20:03:05,0.08377100,0.02000000
2018-02-23 20:03:05,0.08376200,0.06100000
2018-02-23 20:03:05,0.08377100,0.01900000
2018-02-23 20:03:05,0.08377100,0.01900000
2018-02-23 20:03:05,0.08382000,0.46200000
2018-02-23 20:03:06,0.08377500,0.18000000
2018-02-23 20:03:06,0.08377500,0.16900000
2018-02-23 20:03:06,0.08377500,0.02700000
2018-02-23 20:03:06,0.08377500,0.04000000
2018-02-23 20:03:06,0.08377500,0.04700000
2018-02-23 20:03:06,0.08377500,0.06600000
2018-02-23 20:03:06,0.08381900,0.04800000
2018-02-23 20:03:06,0.08381900,0.07400000
2018-02-23 20:03:07,0.08381800,0.07100000
2018-02-23 20:03:07,0.08377700,0.10100000
2018-02-23 20:03:07,0.08377600,4.03100000
2018-02-23 20:03:07,0.08377500,0.86800000
2018-02-23 20:03:07,0.08381800,0.10000000
2018-02-23 20:03:07,0.08381800,0.08300000
2018-02-23 20:03:08,0.08377900,0.01900000
2018-02-23 20:03:08,0.08381800,0.03600000
2018-02-23 20:03:08,0.08381700,0.50900000
2018-02-23 20:03:08,0.08378100,0.04800000
2018-02-23 20:03:08,0.08377900,0.00100000
2018-02-23 20:03:08,0.08377800,0.18000000
2018-02-23 20:03:08,0.08378000,0.00300000
2018-02-23 20:03:08,0.08378000,0.10700000
2018-02-23 20:03:09,0.08378000,0.45500000
2018-02-23 20:03:09,0.08378000,0.07300000
2018-02-23 20:03:09,0.08378000,0.09700000
2018-02-23 20:03:09,0.08378100,0.02000000
2018-02-23 20:03:09,0.08381400,0.13500000
2018-02-23 20:03:10,0.08380100,0.30200000
2018-02-23 20:03:10,0.08380100,0.19800000
2018-02-23 20:03:10,0.08378100,0.00400000
2018-02-23 20:03:10,0.08378100,0.01200000
2018-02-23 20:03:10,0.08377400,0.02400000
2018-02-23 20:03:10,0.08377100,0.02200000
2018-02-23 20:03:10,0.08375200,0.28000000
2018-02-23 20:03:10,0.08375200,0.29800000
2018-02-23 20:03:10,0.08375200,0.12500000
2018-02-23 20:03:10,0.08381300,0.12900000
2018-02-23 20:03:11,0.08381100,0.02400000
2018-02-23 20:03:11,0.08381100,0.02400000
2018-02-23 20:03:11,0.08381000,0.25500000
2018-02-23 20:03:11,0.08381000,0.02400000
2018-02-23 20:03:12,0.08376000,0.64900000
2018-02-23 20:03:12,0.08376000,0.00100000
2018-02-23 20:03:12,0.08375600,0.17800000
2018-02-23 20:03:12,0.08375400,0.03400000
2018-02-23 20:03:12,0.08375100,0.13100000
2018-02-23 20:03:12,0.08380800,0.89800000
2018-02-23 20:03:12,0.08380900,0.17900000
2018-02-23 20:03:13,0.08380900,0.06000000
2018-02-23 20:03:13,0.08380900,0.13900000
2018-02-23 20:03:14,0.08380900,0.13000000
2018-02-23 20:03:14,0.08380700,0.30200000
2018-02-23 20:03:14,0.08380700,0.07500000
2018-02-23 20:03:14,0.08380800,0.06000000
2018-02-23 20:03:15,0.08375900,0.19600000
2018-02-23 20:03:15,0.08375900,0.04600000
2018-02-23 20:03:15,0.08380600,0.04800000
2018-02-23 20:03:15,0.08380700,2.70000000
2018-02-23 20:03:15,0.08380800,1.81800000
2018-02-23 20:03:15,0.08380900,0.14000000
2018-02-23 20:03:16,0.08380900,0.25500000
2018-02-23 20:03:16,0.08380900,0.13300000
2018-02-23 20:03:16,0.08380900,0.14400000
2018-02-23 20:03:16,0.08380900,0.02400000
2018-02-23 20:03:16,0.08380900,1.19700000
2018-02-23 20:03:16,0.08380900,0.36100000
2018-02-23 20:03:16,0.08377900,0.16300000
2018-02-23 20:03:16,0.08380600,0.03400000
2018-02-23 20:03:16,0.08380800,0.02000000
2018-02-23 20:03:16,0.08381000,0.08100000
2018-02-23 20:03:16,0.08381000,0.38400000
2018-02-23 20:03:17,0.08381000,0.26600000
2018-02-23 20:03:17,0.08381400,0.02400000
2018-02-23 20:03:17,0.08381600,0.04800000
2018-02-23 20:03:17,0.08382000,0.21000000
2018-02-23 20:03:17,0.08382100,0.09700000
2018-02-23 20:03:17,0.08378000,0.03600000
2018-02-23 20:03:17,0.08378000,0.05100000
2018-02-23 20:03:17,0.08382100,0.18000000
2018-02-23 20:03:18,0.08379500,0.04700000
2018-02-23 20:03:18,0.08379500,0.07000000
2018-02-23 20:03:19,0.08379500,0.00100000
2018-02-23 20:03:19,0.08378500,0.07000000
2018-02-23 20:03:19,0.08378500,0.02000000
2018-02-23 20:03:20,0.08378500,0.23600000
2018-02-23 20:03:20,0.08378500,0.02000000
2018-02-23 20:03:20,0.08378500,0.05800000
2018-02-23 20:03:20,0.08378500,0.00100000
2018-02-23 20:03:20,0.08378500,0.02900000
2018-02-23 20:03:20,0.08378500,0.12500000
2018-02-23 20:03:20,0.08382000,0.08700000
2018-02-23 20:03:20,0.08382100,0.35600000
2018-02-23 20:03:20,0.08378800,0.04800000
2018-02-23 20:03:20,0.08378800,0.04800000
2018-02-23 20:03:21,0.08378900,0.02000000
2018-02-23 20:03:21,0.08378800,0.07800000
2018-02-23 20:03:21,0.08378800,0.55700000
2018-02-23 20:03:21,0.08378800,0.06900000
2018-02-23 20:03:21,0.08378900,0.01900000
2018-02-23 20:03:21,0.08381700,0.89200000
2018-02-23 20:03:22,0.08381700,0.00100000
2018-02-23 20:03:22,0.08382000,0.23600000
2018-02-23 20:03:22,0.08382000,0.04700000
2018-02-23 20:03:22,0.08382000,0.60900000
2018-02-23 20:03:22,0.08379000,0.23600000
2018-02-23 20:03:22,0.08378900,0.00100000
2018-02-23 20:03:22,0.08378800,0.13200000
2018-02-23 20:03:22,0.08378700,0.04800000
2018-02-23 20:03:22,0.08378500,0.18300000
2018-02-23 20:03:22,0.08378500,0.01700000
2018-02-23 20:03:22,0.08378400,0.02400000
2018-02-23 20:03:22,0.08378400,0.00600000
2018-02-23 20:03:22,0.08377900,0.33700000
2018-02-23 20:03:22,0.08375800,0.14600000
2018-02-23 20:03:22,0.08381600,0.03100000
2018-02-23 20:03:22,0.08381600,0.40000000
2018-02-23 20:03:22,0.08381500,0.22500000
2018-02-23 20:03:22,0.08381600,0.57800000
2018-02-23 20:03:23,0.08381500,0.15000000
2018-02-23 20:03:23,0.08381600,0.25000000
2018-02-23 20:03:23,0.08381400,0.46500000
2018-02-23 20:03:23,0.08381400,0.27200000
2018-02-23 20:03:23,0.08381400,0.02700000
2018-02-23 20:03:24,0.08376300,0.04600000
2018-02-23 20:03:24,0.08381300,0.38100000
2018-02-23 20:03:24,0.08381300,0.00100000
2018-02-23 20:03:24,0.08381400,0.05600000
2018-02-23 20:03:24,0.08381500,0.13000000
2018-02-23 20:03:24,0.08381600,0.01800000
2018-02-23 20:03:25,0.08376400,0.17500000
2018-02-23 20:03:25,0.08376400,0.38600000
2018-02-23 20:03:25,0.08376500,1.17400000
2018-02-23 20:03:26,0.08380900,1.17400000
2018-02-23 20:03:26,0.08381000,5.00000000
2018-02-23 20:03:26,0.08381300,0.04200000
2018-02-23 20:03:26,0.08376600,1.17000000
2018-02-23 20:03:27,0.08376800,0.25500000
2018-02-23 20:03:27,0.08376800,0.00100000
2018-02-23 20:03:27,0.08376700,0.25400000
2018-02-23 20:03:27,0.08376800,0.06800000
2018-02-23 20:03:27,0.08376700,0.69700000
2018-02-23 20:03:27,0.08376700,1.42200000
2018-02-23 20:03:27,0.08376400,0.00100000
2018-02-23 20:03:27,0.08380800,0.04800000
2018-02-23 20:03:27,0.08380900,0.03600000
2018-02-23 20:03:27,0.08380900,0.21800000
2018-02-23 20:03:27,0.08381300,0.53900000
2018-02-23 20:03:27,0.08381600,0.34800000
2018-02-23 20:03:28,0.08376900,0.15700000
2018-02-23 20:03:28,0.08378700,0.11900000
2018-02-23 20:03:29,0.08381200,0.12500000
2018-02-23 20:03:29,0.08378700,0.17500000
2018-02-23 20:03:29,0.08378700,0.02400000
2018-02-23 20:03:29,0.08378700,0.94100000
2018-02-23 20:03:29,0.08381200,0.95500000
2018-02-23 20:03:29,0.08378700,0.27400000
2018-02-23 20:03:29,0.08381200,0.09000000
2018-02-23 20:03:29,0.08381400,0.15700000
2018-02-23 20:03:29,0.08381500,1.13600000
2018-02-23 20:03:30,0.08378800,0.23600000
2018-02-23 20:03:30,0.08381400,0.23600000
2018-02-23 20:03:31,0.08378800,0.16900000
2018-02-23 20:03:31,0.08381400,0.16200000
2018-02-23 20:03:31,0.08381400,0.02400000
2018-02-23 20:03:31,0.08381400,0.06200000
2018-02-23 20:03:31,0.08381400,0.04600000
2018-02-23 20:03:31,0.08381500,0.35300000
2018-02-23 20:03:31,0.08381400,0.12600000
2018-02-23 20:03:31,0.08381400,0.95300000
2018-02-23 20:03:31,0.08381400,0.04900000
2018-02-23 20:03:31,0.08381400,0.04600000
2018-02-23 20:03:31,0.08381400,1.16000000
2018-02-23 20:03:31,0.08381400,0.01900000
2018-02-23 20:03:31,0.08381400,0.04800000
2018-02-23 20:03:32,0.08381500,0.13300000
2018-02-23 20:03:32,0.08381400,0.64100000
2018-02-23 20:03:33,0.08381500,0.04100000
2018-02-23 20:03:33,0.08381400,0.00600000
2018-02-23 20:03:33,0.08379000,1.49300000
2018-02-23 20:03:33,0.08381500,0.15100000
2018-02-23 20:03:33,0.08381500,0.07500000
2018-02-23 20:03:33,0.08381500,0.23000000
2018-02-23 20:03:33,0.08381600,0.07400000
2018-02-23 20:03:33,0.08381600,0.23000000
2018-02-23 20:03:33,0.08381600,0.31100000
2018-02-23 20:03:33,0.08381600,0.07300000
2018-02-23 20:03:33,0.08378700,0.03500000
2018-02-23 20:03:34,0.08381500,0.23600000
2018-02-23 20:03:34,0.08381600,0.08200000
2018-02-23 20:03:34,0.08381600,0.23600000
2018-02-23 20:03:34,0.08381800,0.04800000
2018-02-23 20:03:34,0.08382100,0.19300000
2018-02-23 20:03:34,0.08382400,0.32300000
2018-02-23 20:03:34,0.08378900,0.52300000
2018-02-23 20:03:34,0.08378800,0.47700000
2018-02-23 20:03:35,0.08382400,0.02500000
2018-02-23 20:03:35,0.08382100,0.01700000
2018-02-23 20:03:35,0.08382400,0.02500000
2018-02-23 20:03:35,0.08382200,0.66600000
2018-02-23 20:03:35,0.08382200,0.29400000
2018-02-23 20:03:35,0.08382200,0.09200000
2018-02-23 20:03:35,0.08382100,0.36800000
2018-02-23 20:03:35,0.08382500,0.07100000
2018-02-23 20:03:36,0.08382100,0.25100000
2018-02-23 20:03:36,0.08382500,0.13300000
2018-02-23 20:03:37,0.08383100,0.02400000
2018-02-23 20:03:37,0.08382100,0.12600000
2018-02-23 20:03:37,0.08382100,0.01900000
2018-02-23 20:03:37,0.08383000,0.18100000
2018-02-23 20:03:37,0.08382100,0.41900000
2018-02-23 20:03:38,0.08381700,0.23600000
2018-02-23 20:03:38,0.08379100,0.23500000
2018-02-23 20:03:39,0.08379100,0.05200000
2018-02-23 20:03:39,0.08379000,0.02100000
2018-02-23 20:03:39,0.08379100,0.28600000
2018-02-23 20:03:40,0.08381800,0.00100000
2018-02-23 20:03:40,0.08381800,0.04600000
2018-02-23 20:03:40,0.08381800,0.07600000
2018-02-23 20:03:40,0.08381800,0.14800000
2018-02-23 20:03:40,0.08382900,0.05100000
2018-02-23 20:03:40,0.08381800,0.12900000
2018-02-23 20:03:40,0.08381800,0.14700000
2018-02-23 20:03:40,0.08382900,0.00100000
2018-02-23 20:03:40,0.08383000,0.02300000
2018-02-23 20:03:40,0.08381800,0.06900000
2018-02-23 20:03:40,0.08379200,0.02000000
2018-02-23 20:03:40,0.08383000,2.53900000
2018-02-23 20:03:40,0.08383000,0.35700000
2018-02-23 20:03:41,0.08383400,0.51800000
2018-02-23 20:03:41,0.08383000,0.24200000
2018-02-23 20:03:41,0.08383000,0.00100000
2018-02-23 20:03:41,0.08379200,0.24000000
2018-02-23 20:03:41,0.08379200,0.23900000
2018-02-23 20:03:41,0.08379200,0.24200000
2018-02-23 20:03:41,0.08379200,1.08000000
2018-02-23 20:03:41,0.08379100,1.27300000
2018-02-23 20:03:41,0.08383500,0.63500000
2018-02-23 20:03:41,0.08383700,0.08600000
2018-02-23 20:03:41,0.08383800,0.13000000
2018-02-23 20:03:41,0.08383800,0.14700000
2018-02-23 20:03:41,0.08385300,0.65000000
2018-02-23 20:03:41,0.08383800,0.12300000
2018-02-23 20:03:41,0.08383800,0.14900000
2018-02-23 20:03:41,0.08383000,1.80200000
2018-02-23 20:03:41,0.08379300,1.40200000
2018-02-23 20:03:41,0.08379200,0.14800000
2018-02-23 20:03:41,0.08379200,0.03700000
2018-02-23 20:03:41,0.08379200,0.08900000
2018-02-23 20:03:41,0.08379200,0.02500000
2018-02-23 20:03:42,0.08382900,0.33000000
2018-02-23 20:03:42,0.08379300,0.36600000
2018-02-23 20:03:42,0.08379200,0.50700000
2018-02-23 20:03:42,0.08379200,0.85200000
2018-02-23 20:03:42,0.08379000,0.33100000
2018-02-23 20:03:42,0.08379400,0.33000000
2018-02-23 20:03:43,0.08382500,0.14500000
2018-02-23 20:03:43,0.08381700,0.04900000
2018-02-23 20:03:43,0.08381700,0.02700000
2018-02-23 20:03:44,0.08381700,0.18700000
2018-02-23 20:03:44,0.08381900,0.13600000
2018-02-23 20:03:45,0.08381700,0.13300000
2018-02-23 20:03:45,0.08381800,0.14900000
2018-02-23 20:03:45,0.08381800,1.07700000
2018-02-23 20:03:46,0.08381700,0.02400000
2018-02-23 20:03:46,0.08381700,0.00100000
2018-02-23 20:03:46,0.08379700,0.03100000
2018-02-23 20:03:46,0.08379700,0.03500000
2018-02-23 20:03:47,0.08379700,0.00600000
2018-02-23 20:03:47,0.08378900,0.14700000
2018-02-23 20:03:47,0.08378900,0.00200000
2018-02-23 20:03:47,0.08378900,0.02300000
2018-02-23 20:03:47,0.08381700,0.24500000
2018-02-23 20:03:47,0.08378900,0.04800000
2018-02-23 20:03:47,0.08381700,1.17800000
2018-02-23 20:03:47,0.08381800,0.81000000
2018-02-23 20:03:47,0.08382000,0.33000000
2018-02-23 20:03:47,0.08382500,3.32500000
2018-02-23 20:03:47,0.08382600,0.04800000
2018-02-23 20:03:47,0.08382700,5.98300000
2018-02-23 20:03:47,0.08383400,0.01500000
2018-02-23 20:03:47,0.08383800,0.11800000
2018-02-23 20:03:47,0.08385100,0.40300000
2018-02-23 20:03:48,0.08381600,0.02400000
2018-02-23 20:03:50,0.08384900,0.04300000
2018-02-23 20:03:51,0.08382100,0.04700000
2018-02-23 20:03:51,0.08382100,0.00100000
2018-02-23 20:03:52,0.08382200,0.06000000
2018-02-23 20:03:52,0.08384600,0.02500000
2018-02-23 20:03:52,0.08382200,0.00100000
2018-02-23 20:03:52,0.08381700,0.05900000
2018-02-23 20:03:52,0.08381700,0.06000000
2018-02-23 20:03:52,0.08381700,0.06000000
2018-02-23 20:03:52,0.08381700,0.02300000
2018-02-23 20:03:52,0.08382200,0.23600000
2018-02-23 20:03:52,0.08381700,0.04500000
2018-02-23 20:03:52,0.08381700,0.01300000
2018-02-23 20:03:52,0.08381700,0.03500000
2018-02-23 20:03:53,0.08381700,0.04000000
2018-02-23 20:03:53,0.08381700,0.30700000
2018-02-23 20:03:53,0.08382400,0.15900000
2018-02-23 20:03:53,0.08381700,0.01900000
2018-02-23 20:03:53,0.08381700,0.19500000
2018-02-23 20:03:54,0.08381700,0.04500000
2018-02-23 20:03:54,0.08381700,0.02200000
2018-02-23 20:03:54,0.08381700,0.01200000
2018-02-23 20:03:54,0.08381700,0.02000000
2018-02-23 20:03:55,0.08381700,0.22400000
2018-02-23 20:03:55,0.08381700,1.19300000
2018-02-23 20:03:55,0.08381700,1.09400000
2018-02-23 20:03:55,0.08382400,0.02800000
2018-02-23 20:03:55,0.08381700,0.00100000
2018-02-23 20:03:55,0.08379300,0.02900000
2018-02-23 20:03:56,0.08379300,1.19300000
2018-02-23 20:03:56,0.08379300,0.68400000
2018-02-23 20:03:56,0.08382400,0.88900000
2018-02-23 20:03:56,0.08379400,0.17900000
2018-02-23 20:03:56,0.08379400,0.15100000
2018-02-23 20:03:56,0.08379300,0.00100000
2018-02-23 20:03:56,0.08379300,0.04100000
2018-02-23 20:03:56,0.08382400,1.80300000
2018-02-23 20:03:57,0.08380400,0.06900000
2018-02-23 20:03:57,0.08382400,1.16900000
2018-02-23 20:03:57,0.08382300,0.08500000
2018-02-23 20:03:57,0.08382300,0.08300000
2018-02-23 20:03:57,0.08382500,0.02500000
2018-02-23 20:03:57,0.08382500,0.05200000
2018-02-23 20:03:57,0.08382500,0.00800000
2018-02-23 20:03:57,0.08382500,0.04500000
2018-02-23 20:03:57,0.08380400,0.07600000
2018-02-23 20:03:58,0.08384700,0.09800000
2018-02-23 20:03:58,0.08380400,0.35700000
2018-02-23 20:03:58,0.08384700,0.13000000
2018-02-23 20:03:58,0.08384700,0.05000000
2018-02-23 20:03:58,0.08380500,0.97100000
2018-02-23 20:03:58,0.08384600,0.09900000
2018-02-23 20:03:59,0.08380700,0.02000000
2018-02-23 20:03:59,0.08380600,0.07500000
2018-02-23 20:03:59,0.08380700,0.01900000
2018-02-23 20:03:59,0.08380700,0.01900000
2018-02-23 20:03:59,0.08380700,0.13300000
2018-02-23 20:03:59,0.08380700,0.08500000
2018-02-23 20:03:59,0.08380600,0.06700000
2018-02-23 20:03:59,0.08380700,0.02000000
2018-02-23 20:03:59,0.08380600,0.02700000
2018-02-23 20:03:59,0.08384500,0.40000000
2018-02-23 20:03:59,0.08384400,0.09500000
2018-02-23 20:04:01,0.08381200,0.23600000
2018-02-23 20:04:01,0.08381100,0.04100000
2018-02-23 20:04:04,0.08381100,0.00400000
2018-02-23 20:04:04,0.08384000,0.04200000
2018-02-23 20:04:05,0.08383800,0.09900000
2018-02-23 20:04:06,0.08383800,0.09500000
2018-02-23 20:04:07,0.08381000,0.04700000
2018-02-23 20:04:07,0.08381000,0.00100000
2018-02-23 20:04:07,0.08380400,0.02500000
2018-02-23 20:04:08,0.08383700,0.05500000
2018-02-23 20:04:08,0.08380500,0.19000000
2018-02-23 20:04:08,0.08380400,0.52600000
2018-02-23 20:04:08,0.08379200,0.03900000
2018-02-23 20:04:08,0.08379100,0.86600000
2018-02-23 20:04:08,0.08379100,0.10200000
2018-02-23 20:04:08,0.08379200,0.47400000
2018-02-23 20:04:08,0.08379200,0.08400000
2018-02-23 20:04:08,0.08379300,0.47400000
2018-02-23 20:04:08,0.08379300,0.82900000
2018-02-23 20:04:09,0.08379400,0.02000000
2018-02-23 20:04:09,0.08379300,0.96700000
2018-02-23 20:04:09,0.08380500,0.14900000
2018-02-23 20:04:09,0.08379300,0.23400000
2018-02-23 20:04:09,0.08380500,0.04100000
2018-02-23 20:04:09,0.08383500,0.01200000
2018-02-23 20:04:09,0.08379300,1.19500000
2018-02-23 20:04:09,0.08379300,0.37900000
2018-02-23 20:04:09,0.08379200,1.19400000
2018-02-23 20:04:09,0.08379300,0.37800000
2018-02-23 20:04:09,0.08379300,0.02500000
2018-02-23 20:04:09,0.08379200,0.11400000
2018-02-23 20:04:10,0.08378900,0.15600000
2018-02-23 20:04:10,0.08378900,1.19500000
2018-02-23 20:04:10,0.08378900,0.04700000
2018-02-23 20:04:10,0.08379200,0.04200000
2018-02-23 20:04:10,0.08379200,0.23400000
2018-02-23 20:04:10,0.08380700,0.04100000
2018-02-23 20:04:10,0.08378900,0.02800000
2018-02-23 20:04:10,0.08376900,1.16700000
2018-02-23 20:04:10,0.08376900,0.14300000
2018-02-23 20:04:10,0.08376900,0.06100000
2018-02-23 20:04:10,0.08376000,0.14200000
2018-02-23 20:04:11,0.08380600,1.19300000
2018-02-23 20:04:11,0.08375200,0.02900000
2018-02-23 20:04:11,0.08380600,0.45900000
2018-02-23 20:04:11,0.08375200,0.84200000
2018-02-23 20:04:11,0.08375200,0.84200000
2018-02-23 20:04:11,0.08375200,8.31800000
2018-02-23 20:04:12,0.08375200,0.07400000
2018-02-23 20:04:12,0.08375200,0.03000000
2018-02-23 20:04:12,0.08375200,0.02900000
2018-02-23 20:04:12,0.08375200,0.24500000
2018-02-23 20:04:12,0.08375100,0.04800000
2018-02-23 20:04:12,0.08375200,0.23800000
2018-02-23 20:04:12,0.08375200,0.11500000
2018-02-23 20:04:12,0.08375200,0.12800000
2018-02-23 20:04:12,0.08380400,0.01700000
2018-02-23 20:04:13,0.08380300,0.02900000
2018-02-23 20:04:13,0.08375300,0.10100000
2018-02-23 20:04:13,0.08380300,0.03900000
2018-02-23 20:04:15,0.08377300,0.13100000
2018-02-23 20:04:15,0.08379900,0.21000000
2018-02-23 20:04:15,0.08380000,0.38600000
2018-02-23 20:04:16,0.08380000,0.27500000
2018-02-23 20:04:16,0.08379200,0.55700000
2018-02-23 20:04:16,0.08380000,0.52300000
2018-02-23 20:04:16,0.08380000,0.36100000
2018-02-23 20:04:16,0.08380000,0.52300000
2018-02-23 20:04:16,0.08380000,0.19600000
2018-02-23 20:04:16,0.08380000,1.80600000
2018-02-23 20:04:16,0.08380000,0.60200000
2018-02-23 20:04:16,0.08380000,0.13300000
2018-02-23 20:04:16,0.08380000,1.29800000
2018-02-23 20:04:16,0.08379200,0.37500000
2018-02-23 20:04:16,0.08379200,0.15800000
2018-02-23 20:04:16,0.08380200,2.69200000
2018-02-23 20:04:17,0.08378900,0.18200000
2018-02-23 20:04:17,0.08378900,0.51700000
2018-02-23 20:04:17,0.08378900,0.06900000
2018-02-23 20:04:17,0.08378900,0.12800000
2018-02-23 20:04:17,0.08378900,0.01800000
2018-02-23 20:04:17,0.08378900,0.01700000
2018-02-23 20:04:17,0.08378900,0.44700000
2018-02-23 20:04:17,0.08380200,0.64500000
2018-02-23 20:04:18,0.08378900,0.01700000
2018-02-23 20:04:18,0.08378900,0.24400000
2018-02-23 20:04:18,0.08378900,0.08900000
2018-02-23 20:04:18,0.08380200,0.40000000
2018-02-23 20:04:18,0.08379000,0.09700000
2018-02-23 20:04:18,0.08379000,0.00400000
2018-02-23 20:04:18,0.08380200,0.05200000
2018-02-23 20:04:19,0.08378900,0.16100000
2018-02-23 20:04:20,0.08378900,0.14900000
2018-02-23 20:04:20,0.08380200,0.03800000
2018-02-23 20:04:20,0.08378900,0.12500000
2018-02-23 20:04:21,0.08378900,0.44800000
2018-02-23 20:04:21,0.08378900,0.87800000
2018-02-23 20:04:21,0.08378900,0.12000000
2018-02-23 20:04:21,0.08380400,0.26400000
2018-02-23 20:04:22,0.08378900,1.19300000
2018-02-23 20:04:22,0.08378900,0.63300000
2018-02-23 20:04:22,0.08378600,0.01700000
2018-02-23 20:04:23,0.08378600,0.03700000
2018-02-23 20:04:23,0.08380400,0.36300000
2018-02-23 20:04:23,0.08380400,0.03500000
2018-02-23 20:04:23,0.08377200,0.30100000
2018-02-23 20:04:23,0.08377200,0.04600000
2018-02-23 20:04:23,0.08380400,0.18100000
2018-02-23 20:04:24,0.08380000,0.40000000
2018-02-23 20:04:24,0.08380000,0.03000000
2018-02-23 20:04:24,0.08377300,0.07200000
2018-02-23 20:04:24,0.08380000,1.23100000
2018-02-23 20:04:24,0.08377300,0.11700000
2018-02-23 20:04:24,0.08377300,0.66200000
2018-02-23 20:04:24,0.08377200,0.07300000
2018-02-23 20:04:24,0.08375500,1.77600000
2018-02-23 20:04:24,0.08380300,0.30500000
2018-02-23 20:04:24,0.08380400,0.09300000
2018-02-23 20:04:25,0.08375600,0.01900000
2018-02-23 20:04:25,0.08375600,0.37100000
2018-02-23 20:04:25,0.08375200,0.35100000
2018-02-23 20:04:25,0.08375100,0.05900000
2018-02-23 20:04:25,0.08380300,0.02000000
2018-02-23 20:04:25,0.08380300,0.01700000
2018-02-23 20:04:25,0.08380300,0.11900000
2018-02-23 20:04:25,0.08380200,0.04700000
2018-02-23 20:04:27,0.08379800,0.12900000
2018-02-23 20:04:28,0.08379600,0.49600000
2018-02-23 20:04:28,0.08375700,0.09900000
2018-02-23 20:04:28,0.08375700,0.22600000
2018-02-23 20:04:28,0.08379600,0.26300000
2018-02-23 20:04:28,0.08375700,0.00100000
2018-02-23 20:04:28,0.08375700,0.02000000
2018-02-23 20:04:28,0.08375700,0.02000000
2018-02-23 20:04:28,0.08375700,0.60100000
2018-02-23 20:04:28,0.08375700,0.59300000
2018-02-23 20:04:28,0.08376000,0.04200000
2018-02-23 20:04:29,0.08379400,0.15600000
2018-02-23 20:04:29,0.08379500,0.37600000
2018-02-23 20:04:29,0.08376000,0.51600000
2018-02-23 20:04:29,0.08376000,0.04000000
2018-02-23 20:04:29,0.08376000,0.05200000
2018-02-23 20:04:30,0.08376000,0.24200000
2018-02-23 20:04:30,0.08379000,0.36800000
2018-02-23 20:04:30,0.08379000,0.13000000
2018-02-23 20:04:31,0.08376200,0.04800000
2018-02-23 20:04:31,0.08376200,0.05100000
2018-02-23 20:04:31,0.08379000,0.47200000
2018-02-23 20:04:31,0.08379000,0.14000000
2018-02-23 20:04:31,0.08378900,0.05900000
2018-02-23 20:04:31,0.08378900,0.00100000
2018-02-23 20:04:31,0.08379000,0.09500000
2018-02-23 20:04:31,0.08379000,0.27300000
2018-02-23 20:04:31,0.08379000,0.15600000
2018-02-23 20:04:32,0.08376100,0.03400000
2018-02-23 20:04:32,0.08376100,0.04600000
2018-02-23 20:04:32,0.08378700,0.11900000
2018-02-23 20:04:33,0.08378000,1.19300000
2018-02-23 20:04:33,0.08378000,0.27400000
2018-02-23 20:04:33,0.08378900,0.16500000
2018-02-23 20:04:33,0.08378000,0.47800000
2018-02-23 20:04:33,0.08378000,0.15000000
2018-02-23 20:04:33,0.08378000,0.54300000
2018-02-23 20:04:34,0.08378000,0.01400000
2018-02-23 20:04:34,0.08378900,0.59800000
2018-02-23 20:04:34,0.08376000,0.30100000
2018-02-23 20:04:34,0.08376000,0.00100000
2018-02-23 20:04:34,0.08375800,0.03300000
2018-02-23 20:04:34,0.08376100,0.06700000
2018-02-23 20:04:35,0.08376100,0.12200000
2018-02-23 20:04:35,0.08376300,0.03800000
2018-02-23 20:04:35,0.08378600,0.19000000
2018-02-23 20:04:35,0.08378800,0.08500000
2018-02-23 20:04:35,0.08378600,0.25400000
2018-02-23 20:04:35,0.08378600,0.22700000
2018-02-23 20:04:35,0.08378800,0.04800000
2018-02-23 20:04:36,0.08376300,0.20000000
2018-02-23 20:04:36,0.08376300,0.03800000
2018-02-23 20:04:36,0.08375900,0.23200000
2018-02-23 20:04:36,0.08375900,0.53500000
2018-02-23 20:04:36,0.08375900,0.52800000
2018-02-23 20:04:36,0.08375900,0.10100000
2018-02-23 20:04:36,0.08375900,0.15800000
2018-02-23 20:04:36,0.08375800,0.04800000
2018-02-23 20:04:36,0.08375800,0.02500000
2018-02-23 20:04:36,0.08375800,0.25900000
2018-02-23 20:04:36,0.08375800,0.05600000
2018-02-23 20:04:36,0.08375900,0.27500000
2018-02-23 20:04:36,0.08375900,0.25300000
2018-02-23 20:04:36,0.08376000,0.11900000
2018-02-23 20:04:36,0.08376000,0.05700000
2018-02-23 20:04:37,0.08376000,0.26000000
2018-02-23 20:04:37,0.08376100,0.08100000
2018-02-23 20:04:37,0.08376000,0.10200000
2018-02-23 20:04:37,0.08376300,0.47300000
2018-02-23 20:04:37,0.08376300,0.00100000
2018-02-23 20:04:37,0.08378800,0.07800000
2018-02-23 20:04:37,0.08379000,0.00100000
2018-02-23 20:04:37,0.08379200,0.04700000
2018-02-23 20:04:37,0.08376000,0.40100000
2018-02-23 20:04:37,0.08376000,0.00100000
2018-02-23 20:04:37,0.08375800,0.47600000
2018-02-23 20:04:37,0.08375800,0.09100000
2018-02-23 20:04:37,0.08375800,0.10200000
2018-02-23 20:04:37,0.08375800,0.31900000
2018-02-23 20:04:37,0.08375800,0.05100000
2018-02-23 20:04:37,0.08375700,0.44300000
2018-02-23 20:04:37,0.08379200,0.23600000
2018-02-23 20:04:38,0.08375700,0.02300000
2018-02-23 20:04:38,0.08376000,0.13200000
2018-02-23 20:04:38,0.08375700,0.12700000
2018-02-23 20:04:38,0.08375100,1.90000000
2018-02-23 20:04:39,0.08379200,0.13800000
2018-02-23 20:04:39,0.08379100,0.15000000
2018-02-23 20:04:40,0.08376000,0.05200000
2018-02-23 20:04:40,0.08378900,0.20900000
2018-02-23 20:04:40,0.08379000,0.99400000
2018-02-23 20:04:40,0.08376100,0.19000000
2018-02-23 20:04:40,0.08376000,0.03800000
2018-02-23 20:04:40,0.08375800,0.14700000
2018-02-23 20:04:40,0.08376600,0.04400000
2018-02-23 20:04:41,0.08375400,0.12900000
2018-02-23 20:04:41,0.08375300,0.04800000
2018-02-23 20:04:41,0.08375100,0.03300000
2018-02-23 20:04:41,0.08376100,0.02800000
2018-02-23 20:04:41,0.08375100,0.40000000
2018-02-23 20:04:42,0.08375100,0.69900000
2018-02-23 20:04:42,0.08375100,0.04000000
2018-02-23 20:04:42,0.08375100,0.11900000
2018-02-23 20:04:42,0.08375100,0.10000000
2018-02-23 20:04:42,0.08375100,0.04200000
2018-02-23 20:04:42,0.08376000,0.12300000
2018-02-23 20:04:42,0.08376000,0.00200000
2018-02-23 20:04:42,0.08376100,0.01300000
2018-02-23 20:04:42,0.08376100,0.03800000
2018-02-23 20:04:43,0.08376100,0.04000000
2018-02-23 20:04:43,0.08376500,0.15900000
2018-02-23 20:04:43,0.08375100,0.16200000
2018-02-23 20:04:43,0.08376100,0.01600000
2018-02-23 20:04:44,0.08376000,0.05600000
2018-02-23 20:04:45,0.08375900,0.01400000
2018-02-23 20:04:46,0.08375100,0.31700000
2018-02-23 20:04:46,0.08375100,0.00100000
2018-02-23 20:04:46,0.08375000,0.08400000
2018-02-23 20:04:47,0.08375800,0.05600000
2018-02-23 20:04:48,0.08375300,0.06900000
2018-02-23 20:04:48,0.08375700,2.65300000
2018-02-23 20:04:48,0.08375300,0.08100000
2018-02-23 20:04:48,0.08375300,0.39100000
2018-02-23 20:04:49,0.08375600,0.02400000
2018-02-23 20:04:49,0.08375600,0.02400000
2018-02-23 20:04:49,0.08375600,0.80200000
2018-02-23 20:04:49,0.08375600,0.01600000
2018-02-23 20:04:50,0.08376400,0.04800000
2018-02-23 20:04:50,0.08376400,0.02400000
2018-02-23 20:04:50,0.08376400,0.02400000
2018-02-23 20:04:50,0.08375600,0.05600000
2018-02-23 20:04:51,0.08375400,0.01400000
2018-02-23 20:04:51,0.08375400,0.00600000
2018-02-23 20:04:51,0.08375500,0.14600000
2018-02-23 20:04:51,0.08375400,0.02000000
2018-02-23 20:04:51,0.08375500,0.37600000
2018-02-23 20:04:51,0.08375400,0.02000000
2018-02-23 20:04:51,0.08376000,0.06300000
2018-02-23 20:04:52,0.08375400,0.02000000
2018-02-23 20:04:52,0.08376000,0.19600000
2018-02-23 20:04:52,0.08376000,0.01800000
2018-02-23 20:04:52,0.08375000,0.07600000
2018-02-23 20:04:52,0.08375400,0.01400000
2018-02-23 20:04:52,0.08375000,0.01700000
2018-02-23 20:04:52,0.08375300,0.07700000
2018-02-23 20:04:52,0.08375300,0.05800000
2018-02-23 20:04:52,0.08375300,0.27500000
2018-02-23 20:04:53,0.08375200,0.06800000
2018-02-23 20:04:53,0.08375300,0.00100000
2018-02-23 20:04:55,0.08375000,0.00100000
2018-02-23 20:04:55,0.08371200,0.05800000
2018-02-23 20:04:55,0.08370800,0.01500000
2018-02-23 20:04:56,0.08375000,0.01400000
2018-02-23 20:04:56,0.08375000,1.27200000
2018-02-23 20:04:56,0.08374900,0.21000000
2018-02-23 20:04:56,0.08372100,0.40000000
2018-02-23 20:04:57,0.08374900,0.05800000
2018-02-23 20:04:57,0.08375000,0.48300000
2018-02-23 20:04:57,0.08372100,0.02100000
2018-02-23 20:04:57,0.08375000,0.11900000
2018-02-23 20:04:57,0.08372100,0.02200000
2018-02-23 20:04:58,0.08374900,0.02300000
2018-02-23 20:04:58,0.08372200,0.11300000
2018-02-23 20:04:58,0.08372200,0.07700000
2018-02-23 20:04:58,0.08372100,0.05700000
2018-02-23 20:04:58,0.08372100,0.02400000
2018-02-23 20:04:58,0.08372100,0.02600000
2018-02-23 20:04:58,0.08370800,0.01500000
2018-02-23 20:04:58,0.08370600,0.27200000
2018-02-23 20:04:59,0.08370600,0.05900000
2018-02-23 20:05:00,0.08372100,3.60000000
2018-02-23 20:05:00,0.08372100,0.05400000
2018-02-23 20:05:00,0.08371600,0.04700000
2018-02-23 20:05:00,0.08371100,2.00000000
2018-02-23 20:05:01,0.08370700,0.05400000
2018-02-23 20:05:01,0.08371100,0.25400000
2018-02-23 20:05:01,0.08371100,0.29500000
2018-02-23 20:05:01,0.08371000,1.19400000
2018-02-23 20:05:01,0.08370700,0.02100000
2018-02-23 20:05:02,0.08371000,0.04800000
2018-02-23 20:05:02,0.08371000,0.04800000
2018-02-23 20:05:02,0.08370900,0.15300000
2018-02-23 20:05:03,0.08370900,0.03000000
2018-02-23 20:05:03,0.08370700,0.00100000
2018-02-23 20:05:03,0.08370400,0.35900000
2018-02-23 20:05:03,0.08370400,0.35800000
2018-02-23 20:05:03,0.08370400,0.24400000
2018-02-23 20:05:03,0.08370400,0.23300000
2018-02-23 20:05:03,0.08370400,0.36800000
2018-02-23 20:05:03,0.08370400,0.00100000
2018-02-23 20:05:03,0.08370700,0.00900000
2018-02-23 20:05:04,0.08370700,0.03400000
2018-02-23 20:05:04,0.08370700,0.05400000
2018-02-23 20:05:04,0.08370000,0.01500000
2018-02-23 20:05:05,0.08370000,0.49400000
2018-02-23 20:05:05,0.08370600,0.01600000
2018-02-23 20:05:05,0.08370600,0.01700000
2018-02-23 20:05:05,0.08370600,0.71200000
2018-02-23 20:05:05,0.08370700,0.76100000
2018-02-23 20:05:05,0.08370900,0.04800000
2018-02-23 20:05:05,0.08371000,4.70000000
2018-02-23 20:05:05,0.08371000,8.97100000
2018-02-23 20:05:05,0.08371000,0.34800000
2018-02-23 20:05:05,0.08370600,0.40200000
2018-02-23 20:05:05,0.08370000,0.02200000
2018-02-23 20:05:06,0.08370000,0.03900000
2018-02-23 20:05:06,0.08370000,0.24100000
2018-02-23 20:05:06,0.08370500,1.19400000
2018-02-23 20:05:06,0.08370500,0.40300000
2018-02-23 20:05:06,0.08370000,0.04300000
2018-02-23 20:05:06,0.08370500,0.00100000
2018-02-23 20:05:06,0.08371000,0.14600000
2018-02-23 20:05:06,0.08370000,0.04200000
2018-02-23 20:05:06,0.08370000,0.40600000
2018-02-23 20:05:06,0.08370000,0.00100000
2018-02-23 20:05:06,0.08369500,0.05900000
2018-02-23 20:05:06,0.08369500,0.02200000
2018-02-23 20:05:06,0.08371000,0.12300000
2018-02-23 20:05:07,0.08369500,0.03200000
2018-02-23 20:05:07,0.08369500,0.40000000
2018-02-23 20:05:07,0.08371000,0.13700000
2018-02-23 20:05:07,0.08367700,0.18400000
2018-02-23 20:05:08,0.08371000,0.04800000
2018-02-23 20:05:08,0.08371000,0.03200000
2018-02-23 20:05:08,0.08371500,0.04700000
2018-02-23 20:05:08,0.08367800,0.00200000
2018-02-23 20:05:08,0.08367800,0.40000000
2018-02-23 20:05:09,0.08370900,0.14100000
2018-02-23 20:05:09,0.08372100,0.02300000
2018-02-23 20:05:09,0.08370800,0.16000000
2018-02-23 20:05:09,0.08368000,0.02000000
2018-02-23 20:05:09,0.08367900,0.80100000
2018-02-23 20:05:10,0.08370800,0.01400000
2018-02-23 20:05:10,0.08370800,0.04000000
2018-02-23 20:05:11,0.08368000,0.12500000
2018-02-23 20:05:12,0.08369500,1.19400000
2018-02-23 20:05:12,0.08369500,0.03900000
2018-02-23 20:05:12,0.08369500,0.35800000
2018-02-23 20:05:12,0.08369500,0.19000000
2018-02-23 20:05:12,0.08369500,0.21900000
2018-02-23 20:05:13,0.08370400,0.57700000
2018-02-23 20:05:13,0.08368000,0.01700000
2018-02-23 20:05:13,0.08367800,0.03500000
2018-02-23 20:05:13,0.08367700,0.04700000
2018-02-23 20:05:14,0.08369700,0.09900000
2018-02-23 20:05:14,0.08370300,0.11900000
2018-02-23 20:05:14,0.08367700,0.42800000
2018-02-23 20:05:14,0.08367700,0.00100000
2018-02-23 20:05:14,0.08367300,0.02900000
2018-02-23 20:05:14,0.08366600,0.01500000
2018-02-23 20:05:14,0.08366400,0.01500000
2018-02-23 20:05:14,0.08365500,0.15700000
2018-02-23 20:05:14,0.08365500,0.53900000
2018-02-23 20:05:14,0.08370300,0.06400000
2018-02-23 20:05:14,0.08370500,1.49100000
2018-02-23 20:05:14,0.08370500,1.55500000
2018-02-23 20:05:14,0.08370500,0.57400000
2018-02-23 20:05:14,0.08370500,0.11900000
2018-02-23 20:05:14,0.08370300,0.06400000
2018-02-23 20:05:15,0.08370200,2.39700000
2018-02-23 20:05:15,0.08370400,2.07500000
2018-02-23 20:05:15,0.08370500,0.77100000
2018-02-23 20:05:15,0.08370500,1.08900000
2018-02-23 20:05:15,0.08370500,0.00100000
2018-02-23 20:05:15,0.08370700,0.16600000
2018-02-23 20:05:15,0.08370800,0.92300000
2018-02-23 20:05:15,0.08370500,0.12600000
2018-02-23 20:05:15,0.08370500,0.96300000
2018-02-23 20:05:15,0.08370400,0.02300000
2018-02-23 20:05:15,0.08370400,0.10400000
2018-02-23 20:05:15,0.08370200,0.01600000
2018-02-23 20:05:15,0.08370200,0.12000000
2018-02-23 20:05:15,0.08370200,0.32000000
2018-02-23 20:05:15,0.08370200,0.14100000
2018-02-23 20:05:15,0.08365700,0.01900000
2018-02-23 20:05:15,0.08367400,2.00000000
2018-02-23 20:05:15,0.08365800,1.30000000
2018-02-23 20:05:15,0.08365700,4.35800000
2018-02-23 20:05:16,0.08367400,0.01900000
2018-02-23 20:05:16,0.08365700,0.01900000
2018-02-23 20:05:16,0.08367400,0.01700000
2018-02-23 20:05:16,0.08367400,0.00100000
2018-02-23 20:05:16,0.08370100,0.01600000
2018-02-23 20:05:16,0.08370100,0.00400000
2018-02-23 20:05:16,0.08370200,0.01300000
2018-02-23 20:05:16,0.08370200,0.01700000
2018-02-23 20:05:16,0.08365700,0.00100000
2018-02-23 20:05:16,0.08364900,0.00100000
2018-02-23 20:05:16,0.08365700,0.00300000
2018-02-23 20:05:17,0.08365900,0.06700000
2018-02-23 20:05:19,0.08369700,0.24200000
2018-02-23 20:05:19,0.08369700,0.22200000
2018-02-23 20:05:20,0.08369600,0.41400000
2018-02-23 20:05:20,0.08369600,1.06900000
2018-02-23 20:05:20,0.08368400,0.01300000
2018-02-23 20:05:20,0.08368400,0.01600000
2018-02-23 20:05:21,0.08369600,1.00000000
2018-02-23 20:05:21,0.08369600,0.47700000
2018-02-23 20:05:21,0.08369600,0.00100000
2018-02-23 20:05:21,0.08369500,0.17400000
2018-02-23 20:05:21,0.08369500,0.04900000
2018-02-23 20:05:21,0.08369500,0.17100000
2018-02-23 20:05:21,0.08369900,0.72200000
2018-02-23 20:05:21,0.08369900,0.35700000
2018-02-23 20:05:21,0.08369900,0.34600000
2018-02-23 20:05:22,0.08369500,0.22200000
2018-02-23 20:05:22,0.08369900,0.04400000
2018-02-23 20:05:22,0.08369900,0.13400000
2018-02-23 20:05:23,0.08369500,0.10500000
2018-02-23 20:05:23,0.08369500,0.00100000
2018-02-23 20:05:23,0.08368400,0.01800000
2018-02-23 20:05:23,0.08367000,0.04400000
2018-02-23 20:05:24,0.08367100,0.04200000
2018-02-23 20:05:24,0.08367100,0.23900000
2018-02-23 20:05:24,0.08369900,0.12100000
2018-02-23 20:05:24,0.08369900,0.01600000
2018-02-23 20:05:24,0.08367100,0.05100000
2018-02-23 20:05:24,0.08369900,0.01600000
2018-02-23 20:05:25,0.08369900,0.03900000
2018-02-23 20:05:25,0.08369800,0.11900000
2018-02-23 20:05:25,0.08369800,0.04300000
2018-02-23 20:05:26,0.08369800,0.02100000
2018-02-23 20:05:26,0.08367300,0.05100000
2018-02-23 20:05:27,0.08366000,0.19800000
2018-02-23 20:05:27,0.08366000,0.26200000
2018-02-23 20:05:28,0.08369700,0.14000000
2018-02-23 20:05:28,0.08369500,0.02300000
2018-02-23 20:05:28,0.08366100,0.14200000
2018-02-23 20:05:28,0.08366000,0.72000000
2018-02-23 20:05:28,0.08366000,0.07400000
2018-02-23 20:05:29,0.08369500,0.20400000
2018-02-23 20:05:29,0.08369500,0.21300000
2018-02-23 20:05:29,0.08369600,0.14200000
2018-02-23 20:05:29,0.08369700,0.06100000
2018-02-23 20:05:29,0.08369400,0.72900000
2018-02-23 20:05:29,0.08369700,0.03500000
2018-02-23 20:05:29,0.08369700,0.10600000
2018-02-23 20:05:29,0.08369400,0.03000000
2018-02-23 20:05:29,0.08369400,0.09200000
2018-02-23 20:05:30,0.08368000,0.06200000
2018-02-23 20:05:30,0.08368000,0.04700000
2018-02-23 20:05:30,0.08368000,0.05500000
2018-02-23 20:05:30,0.08366200,0.01400000
2018-02-23 20:05:31,0.08368000,0.09900000
2018-02-23 20:05:31,0.08368000,0.29600000
2018-02-23 20:05:31,0.08368000,0.03600000
2018-02-23 20:05:31,0.08368000,0.38300000
2018-02-23 20:05:31,0.08366200,0.03400000
2018-02-23 20:05:31,0.08364900,0.04000000
2018-02-23 20:05:31,0.08368000,0.13300000
2018-02-23 20:05:32,0.08364900,0.01900000
2018-02-23 20:05:32,0.08368000,0.47700000
2018-02-23 20:05:32,0.08367900,0.05600000
2018-02-23 20:05:32,0.08367900,0.07700000
2018-02-23 20:05:32,0.08367900,0.02800000
2018-02-23 20:05:33,0.08367900,0.12100000
2018-02-23 20:05:33,0.08367900,0.02100000
2018-02-23 20:05:33,0.08367800,0.03900000
2018-02-23 20:05:33,0.08367800,0.50600000
2018-02-23 20:05:33,0.08367800,0.11900000
2018-02-23 20:05:33,0.08367800,0.00800000
2018-02-23 20:05:33,0.08367900,0.62500000
2018-02-23 20:05:33,0.08366900,0.04700000
2018-02-23 20:05:33,0.08365000,0.18900000
2018-02-23 20:05:34,0.08367000,0.21800000
2018-02-23 20:05:34,0.08367000,0.02800000
2018-02-23 20:05:34,0.08367000,0.35800000
2018-02-23 20:05:34,0.08367000,0.35800000
2018-02-23 20:05:34,0.08367000,0.12900000
2018-02-23 20:05:34,0.08367000,0.11900000
2018-02-23 20:05:34,0.08367000,0.63300000
2018-02-23 20:05:34,0.08367000,0.35800000
2018-02-23 20:05:35,0.08367000,1.19400000
2018-02-23 20:05:35,0.08367000,0.12800000
2018-02-23 20:05:35,0.08367000,0.55800000
2018-02-23 20:05:35,0.08367000,0.12800000
2018-02-23 20:05:35,0.08367000,0.11600000
2018-02-23 20:05:35,0.08367000,1.00000000
2018-02-23 20:05:36,0.08367000,0.23100000
2018-02-23 20:05:36,0.08364900,0.29400000
2018-02-23 20:05:37,0.08367000,0.47200000
2018-02-23 20:05:37,0.08367000,0.76200000
2018-02-23 20:05:37,0.08367000,0.16800000
2018-02-23 20:05:37,0.08367000,0.19100000
2018-02-23 20:05:38,0.08367000,0.68000000
2018-02-23 20:05:38,0.08367000,0.51000000
2018-02-23 20:05:38,0.08366000,0.35800000
2018-02-23 20:05:38,0.08366000,0.55100000
2018-02-23 20:05:38,0.08366000,0.09100000
2018-02-23 20:05:38,0.08367000,0.55000000
2018-02-23 20:05:39,0.08364900,0.00100000
2018-02-23 20:05:39,0.08364600,0.15700000
2018-02-23 20:05:39,0.08364200,0.05100000
2018-02-23 20:05:39,0.08367900,0.27200000
2018-02-23 20:05:39,0.08367900,0.13000000
2018-02-23 20:05:39,0.08367900,0.07700000
2018-02-23 20:05:40,0.08367800,0.04500000
2018-02-23 20:05:40,0.08364600,0.76900000
2018-02-23 20:05:40,0.08364400,0.04800000
2018-02-23 20:05:40,0.08364300,1.96600000
2018-02-23 20:05:40,0.08364200,0.20200000
2018-02-23 20:05:40,0.08364100,0.49400000
2018-02-23 20:05:40,0.08363300,0.23700000
2018-02-23 20:05:40,0.08362500,0.01500000
2018-02-23 20:05:40,0.08362400,0.56900000
2018-02-23 20:05:40,0.08367700,0.04800000
2018-02-23 20:05:40,0.08367800,0.00200000
2018-02-23 20:05:41,0.08367800,0.19000000
2018-02-23 20:05:41,0.08366600,0.01400000
2018-02-23 20:05:42,0.08366500,0.13000000
2018-02-23 20:05:42,0.08366500,0.01200000
2018-02-23 20:05:42,0.08366600,0.11800000
2018-02-23 20:05:42,0.08366600,0.04200000
2018-02-23 20:05:42,0.08366600,0.10000000
2018-02-23 20:05:43,0.08366500,0.04700000
2018-02-23 20:05:43,0.08366500,0.00100000
2018-02-23 20:05:43,0.08366600,0.00100000
2018-02-23 20:05:43,0.08366800,0.02200000
2018-02-23 20:05:43,0.08366800,0.04700000
2018-02-23 20:05:43,0.08362700,1.18300000
2018-02-23 20:05:43,0.08362700,0.14200000
2018-02-23 20:05:44,0.08362800,0.27800000
2018-02-23 20:05:44,0.08366800,0.26300000
2018-02-23 20:05:45,0.08366400,0.05100000
2018-02-23 20:05:45,0.08362900,0.14200000
2018-02-23 20:05:45,0.08362700,0.04900000
2018-02-23 20:05:45,0.08362700,0.16400000
2018-02-23 20:05:45,0.08366400,0.03500000
2018-02-23 20:05:46,0.08366400,0.06700000
2018-02-23 20:05:46,0.08366400,0.74800000
2018-02-23 20:05:46,0.08362800,1.65200000
2018-02-23 20:05:46,0.08362800,0.07500000
2018-02-23 20:05:47,0.08366000,0.14100000
2018-02-23 20:05:47,0.08366300,1.00000000
2018-02-23 20:05:47,0.08366200,0.10000000
2018-02-23 20:05:47,0.08366200,0.04200000
2018-02-23 20:05:47,0.08366300,0.09700000
2018-02-23 20:05:48,0.08366200,0.46400000
2018-02-23 20:05:49,0.08366200,0.03200000
2018-02-23 20:05:49,0.08366200,1.19400000
2018-02-23 20:05:49,0.08366200,0.08500000
2018-02-23 20:05:49,0.08366200,0.00100000
2018-02-23 20:05:49,0.08366400,0.00100000
2018-02-23 20:05:49,0.08368000,0.08300000
2018-02-23 20:05:49,0.08363300,0.27100000
2018-02-23 20:05:49,0.08363300,0.29600000
2018-02-23 20:05:50,0.08363400,0.53500000
2018-02-23 20:05:50,0.08363400,1.19400000
2018-02-23 20:05:50,0.08368000,0.18100000
2018-02-23 20:05:50,0.08363500,0.10200000
2018-02-23 20:05:50,0.08367900,0.45700000
2018-02-23 20:05:51,0.08363500,0.18500000
2018-02-23 20:05:51,0.08367900,1.19400000
2018-02-23 20:05:51,0.08367900,0.59900000
2018-02-23 20:05:51,0.08367800,0.04000000
2018-02-23 20:05:51,0.08367800,0.10100000
2018-02-23 20:05:51,0.08367900,0.00100000
2018-02-23 20:05:51,0.08368000,0.00100000
2018-02-23 20:05:51,0.08368900,0.13800000
2018-02-23 20:05:51,0.08367800,0.02800000
2018-02-23 20:05:51,0.08367800,0.00100000
2018-02-23 20:05:51,0.08363600,0.02600000
2018-02-23 20:05:53,0.08368600,0.43900000
2018-02-23 20:05:53,0.08368600,0.15200000
2018-02-23 20:05:53,0.08368600,0.14200000
2018-02-23 20:05:53,0.08368900,0.34300000
2018-02-23 20:05:53,0.08368900,0.34300000
2018-02-23 20:05:53,0.08368900,0.34300000
2018-02-23 20:05:54,0.08368900,0.22500000
2018-02-23 20:05:54,0.08368900,0.00100000
2018-02-23 20:05:54,0.08368600,0.02000000
2018-02-23 20:05:54,0.08368700,0.10500000
2018-02-23 20:05:54,0.08368700,0.28300000
2018-02-23 20:05:54,0.08368700,0.25300000
2018-02-23 20:05:54,0.08368700,0.02000000
2018-02-23 20:05:54,0.08368700,0.16400000
2018-02-23 20:05:54,0.08368700,0.30500000
2018-02-23 20:05:54,0.08368700,0.02200000
2018-02-23 20:05:54,0.08370700,1.72900000
2018-02-23 20:05:55,0.08370800,0.01500000
2018-02-23 20:05:55,0.08371100,0.38500000
2018-02-23 20:05:55,0.08371100,0.01400000
2018-02-23 20:05:55,0.08368600,0.26300000
2018-02-23 20:05:55,0.08371100,0.02400000
2018-02-23 20:05:55,0.08368700,0.11600000
2018-02-23 20:05:55,0.08368600,0.00100000
2018-02-23 20:05:55,0.08366900,2.00000000
2018-02-23 20:05:55,0.08365100,0.47600000
2018-02-23 20:05:55,0.08365000,12.01000000
2018-02-23 20:05:55,0.08364500,0.23900000
2018-02-23 20:05:55,0.08364200,5.84500000
2018-02-23 20:05:55,0.08363700,0.02000000
2018-02-23 20:05:55,0.08363600,0.02800000
2018-02-23 20:05:55,0.08363300,0.13000000
2018-02-23 20:05:55,0.08362700,0.21300000
2018-02-23 20:05:55,0.08362500,0.01500000
2018-02-23 20:05:55,0.08360700,1.84800000
2018-02-23 20:05:55,0.08360400,0.28600000
2018-02-23 20:05:55,0.08360200,0.02000000
2018-02-23 20:05:55,0.08360000,0.02000000
2018-02-23 20:05:55,0.08360000,0.02000000
2018-02-23 20:05:55,0.08360000,0.03000000
2018-02-23 20:05:55,0.08360000,0.10000000
2018-02-23 20:05:55,0.08360000,0.16900000
2018-02-23 20:05:55,0.08360000,0.03000000
2018-02-23 20:05:55,0.08360000,0.02000000
2018-02-23 20:05:55,0.08360000,0.02400000
2018-02-23 20:05:55,0.08360000,0.02000000
2018-02-23 20:05:55,0.08360000,0.05700000
2018-02-23 20:05:55,0.08360000,0.33100000
2018-02-23 20:05:55,0.08360000,0.33100000
2018-02-23 20:05:55,0.08360000,0.03000000
2018-02-23 20:05:55,0.08360000,0.10000000
2018-02-23 20:05:55,0.08360000,0.02000000
2018-02-23 20:05:55,0.08360000,0.05600000
2018-02-23 20:05:55,0.08360000,0.02000000
2018-02-23 20:05:55,0.08360000,0.18700000
2018-02-23 20:05:55,0.08360000,0.18700000
2018-02-23 20:05:55,0.08360000,0.09800000
2018-02-23 20:05:55,0.08360000,0.10000000
2018-02-23 20:05:55,0.08360000,0.02000000
2018-02-23 20:05:55,0.08360000,0.02000000
2018-02-23 20:05:55,0.08360000,0.02000000
2018-02-23 20:05:55,0.08360000,0.12500000
2018-02-23 20:05:55,0.08360000,0.02000000
2018-02-23 20:05:55,0.08360000,0.09800000
2018-02-23 20:05:55,0.08360000,3.57000000
2018-02-23 20:05:55,0.08360000,0.02000000
2018-02-23 20:05:55,0.08360000,0.02000000
2018-02-23 20:05:55,0.08360000,0.02000000
2018-02-23 20:05:55,0.08360000,0.06300000
2018-02-23 20:05:55,0.08360000,0.34100000
2018-02-23 20:05:55,0.08360000,0.02000000
2018-02-23 20:05:55,0.08360000,0.02400000
2018-02-23 20:05:55,0.08360000,0.02000000
2018-02-23 20:05:55,0.08360000,0.35800000
2018-02-23 20:05:55,0.08360000,0.12600000
2018-02-23 20:05:55,0.08360000,0.07500000
2018-02-23 20:05:55,0.08359500,0.10400000
2018-02-23 20:05:55,0.08360000,0.11000000
2018-02-23 20:05:55,0.08360000,2.22000000
2018-02-23 20:05:56,0.08359900,0.02500000
2018-02-23 20:05:56,0.08359900,0.45300000
2018-02-23 20:05:56,0.08359900,0.02700000
2018-02-23 20:05:56,0.08359900,0.02400000
2018-02-23 20:05:56,0.08359900,0.14900000
2018-02-23 20:05:56,0.08359900,0.35500000
2018-02-23 20:05:56,0.08359900,1.19400000
2018-02-23 20:05:56,0.08359900,0.06800000
2018-02-23 20:05:56,0.08360000,0.00900000
2018-02-23 20:05:56,0.08360000,0.01800000
2018-02-23 20:05:56,0.08360000,0.04100000
2018-02-23 20:05:56,0.08360000,0.67900000
2018-02-23 20:05:56,0.08360000,1.17200000
2018-02-23 20:05:56,0.08360000,0.18000000
2018-02-23 20:05:56,0.08360000,0.02500000
2018-02-23 20:05:56,0.08360000,0.01400000
2018-02-23 20:05:56,0.08360000,0.03500000
2018-02-23 20:05:56,0.08359500,0.02500000
2018-02-23 20:05:56,0.08360000,0.02300000
2018-02-23 20:05:56,0.08360000,8.97700000
2018-02-23 20:05:56,0.08360000,0.11200000
2018-02-23 20:05:56,0.08360000,0.14900000
2018-02-23 20:05:56,0.08360000,0.15000000
2018-02-23 20:05:56,0.08360000,0.15000000
2018-02-23 20:05:56,0.08360000,0.07000000
2018-02-23 20:05:56,0.08360000,0.07000000
2018-02-23 20:05:56,0.08360000,0.02400000
2018-02-23 20:05:56,0.08360000,0.51100000
2018-02-23 20:05:56,0.08360000,0.02400000
2018-02-23 20:05:56,0.08360000,0.07600000
2018-02-23 20:05:56,0.08360000,0.99500000
2018-02-23 20:05:56,0.08360000,0.35800000
2018-02-23 20:05:56,0.08360000,0.60300000
2018-02-23 20:05:56,0.08360000,0.35800000
2018-02-23 20:05:57,0.08360000,0.72400000
2018-02-23 20:05:57,0.08360000,0.13500000
2018-02-23 20:05:57,0.08360000,0.35800000
2018-02-23 20:05:57,0.08360000,0.08000000
2018-02-23 20:05:57,0.08360000,3.10400000
2018-02-23 20:05:57,0.08360000,5.00000000
2018-02-23 20:05:57,0.08360000,0.35700000
2018-02-23 20:05:57,0.08360000,0.35800000
2018-02-23 20:05:57,0.08359500,0.07700000
2018-02-23 20:05:57,0.08360000,0.35800000
2018-02-23 20:05:58,0.08360000,1.19500000
2018-02-23 20:05:58,0.08360000,0.35800000
2018-02-23 20:05:58,0.08359900,1.37700000
2018-02-23 20:05:58,0.08359900,0.35800000
2018-02-23 20:05:58,0.08360000,1.83400000
2018-02-23 20:05:58,0.08359900,0.35800000
2018-02-23 20:05:58,0.08359900,0.09900000
2018-02-23 20:05:58,0.08359900,0.35700000
2018-02-23 20:05:58,0.08359900,0.35800000
2018-02-23 20:05:58,0.08359900,0.16000000
2018-02-23 20:05:58,0.08360000,0.02700000
2018-02-23 20:05:58,0.08360000,0.35800000
2018-02-23 20:05:58,0.08359900,0.34600000
2018-02-23 20:05:59,0.08359500,0.49300000
2018-02-23 20:05:59,0.08359200,0.10400000
2018-02-23 20:05:59,0.08359000,0.00500000
2018-02-23 20:05:59,0.08359900,0.26700000
2018-02-23 20:05:59,0.08359900,0.00100000
2018-02-23 20:05:59,0.08360000,0.01300000
2018-02-23 20:05:59,0.08360000,1.20100000
2018-02-23 20:05:59,0.08360000,0.87800000
2018-02-23 20:05:59,0.08360000,0.35800000
2018-02-23 20:05:59,0.08360000,0.11500000
2018-02-23 20:05:59,0.08360000,0.16400000
2018-02-23 20:05:59,0.08360000,0.35800000
2018-02-23 20:05:59,0.08360000,1.59600000
2018-02-23 20:05:59,0.08360000,0.08500000
2018-02-23 20:05:59,0.08360000,0.35800000
2018-02-23 20:05:59,0.08360000,2.04700000
2018-02-23 20:05:59,0.08359000,0.11100000
2018-02-23 20:06:00,0.08360000,2.04700000
2018-02-23 20:06:00,0.08359000,0.02000000
2018-02-23 20:06:00,0.08360000,1.19500000
2018-02-23 20:06:00,0.08360000,11.06700000
2018-02-23 20:06:00,0.08360000,0.24000000
2018-02-23 20:06:00,0.08360000,0.44500000
2018-02-23 20:06:00,0.08360000,0.35800000
2018-02-23 20:06:01,0.08360000,0.03100000
2018-02-23 20:06:02,0.08360000,0.31100000
2018-02-23 20:06:02,0.08360000,0.43600000
2018-02-23 20:06:02,0.08360000,0.43700000
2018-02-23 20:06:02,0.08359000,0.04700000
2018-02-23 20:06:03,0.08359000,0.05700000
2018-02-23 20:06:04,0.08360000,0.56000000
2018-02-23 20:06:04,0.08360000,0.27300000
2018-02-23 20:06:05,0.08360000,0.11000000
2018-02-23 20:06:05,0.08360000,1.58300000
2018-02-23 20:06:06,0.08360000,0.03200000
2018-02-23 20:06:06,0.08360000,0.33100000
2018-02-23 20:06:06,0.08360000,0.02800000
2018-02-23 20:06:06,0.08360000,0.37900000
2018-02-23 20:06:06,0.08360000,0.32300000
2018-02-23 20:06:06,0.08360000,0.13600000
2018-02-23 20:06:07,0.08360000,0.22200000
2018-02-23 20:06:07,0.08359100,0.03900000
2018-02-23 20:06:07,0.08360000,0.30800000
2018-02-23 20:06:07,0.08360000,0.19400000
2018-02-23 20:06:07,0.08359100,0.14700000
2018-02-23 20:06:07,0.08359100,0.11600000
2018-02-23 20:06:07,0.08359100,0.11600000
2018-02-23 20:06:07,0.08360000,0.33700000
2018-02-23 20:06:07,0.08360000,0.33700000
2018-02-23 20:06:07,0.08360000,0.05800000
2018-02-23 20:06:08,0.08360000,8.15200000
2018-02-23 20:06:08,0.08360000,2.04500000
2018-02-23 20:06:08,0.08360000,0.73500000
2018-02-23 20:06:08,0.08360000,0.33700000
2018-02-23 20:06:08,0.08360000,5.31200000
2018-02-23 20:06:08,0.08360000,4.61600000
2018-02-23 20:06:08,0.08360000,1.85000000
2018-02-23 20:06:08,0.08360000,0.59800000
2018-02-23 20:06:08,0.08360000,0.80300000
2018-02-23 20:06:08,0.08360000,0.02800000
2018-02-23 20:06:08,0.08360000,0.38500000
2018-02-23 20:06:08,0.08360000,0.15100000
2018-02-23 20:06:08,0.08360000,0.10600000
2018-02-23 20:06:08,0.08360000,0.15400000
2018-02-23 20:06:08,0.08360000,0.67000000
2018-02-23 20:06:08,0.08360000,0.07600000
2018-02-23 20:06:08,0.08360000,0.67000000
2018-02-23 20:06:08,0.08360000,0.67000000
2018-02-23 20:06:08,0.08360000,0.72400000
2018-02-23 20:06:08,0.08360000,0.31600000
2018-02-23 20:06:08,0.08360000,0.11900000
2018-02-23 20:06:09,0.08360000,0.79300000
2018-02-23 20:06:09,0.08360000,0.08800000
2018-02-23 20:06:09,0.08360000,0.09300000
2018-02-23 20:06:09,0.08360000,0.27000000
2018-02-23 20:06:09,0.08360000,0.09300000
2018-02-23 20:06:09,0.08360000,0.08900000
2018-02-23 20:06:09,0.08360000,0.27800000
2018-02-23 20:06:10,0.08360000,1.19500000
2018-02-23 20:06:10,0.08360000,1.80400000
2018-02-23 20:06:10,0.08359400,0.38400000
2018-02-23 20:06:10,0.08359400,1.20900000
2018-02-23 20:06:10,0.08360000,0.04800000
2018-02-23 20:06:10,0.08359400,0.04000000
2018-02-23 20:06:10,0.08360000,0.28800000
2018-02-23 20:06:11,0.08360000,0.02500000
2018-02-23 20:06:11,0.08359500,1.18200000
2018-02-23 20:06:12,0.08360000,1.19500000
2018-02-23 20:06:12,0.08360000,2.46000000
2018-02-23 20:06:12,0.08360000,1.94900000
2018-02-23 20:06:12,0.08360000,0.72400000
2018-02-23 20:06:12,0.08360000,1.58200000
2018-02-23 20:06:13,0.08360000,0.05000000
2018-02-23 20:06:14,0.08360000,0.14500000
2018-02-23 20:06:14,0.08360000,1.19500000
2018-02-23 20:06:14,0.08360000,0.14900000
2018-02-23 20:06:14,0.08359600,1.60700000
2018-02-23 20:06:14,0.08360000,0.03300000
2018-02-23 20:06:14,0.08359600,0.78600000
2018-02-23 20:06:14,0.08360000,0.07100000
2018-02-23 20:06:14,0.08360000,0.25400000
2018-02-23 20:06:15,0.08360000,1.19500000
2018-02-23 20:06:15,0.08360000,1.19400000
2018-02-23 20:06:15,0.08360000,0.15700000
2018-02-23 20:06:15,0.08360000,0.59800000
2018-02-23 20:06:15,0.08360000,0.14100000
2018-02-23 20:06:15,0.08360000,0.58600000
2018-02-23 20:06:15,0.08360000,0.86400000
2018-02-23 20:06:15,0.08360000,1.49500000
2018-02-23 20:06:16,0.08360000,0.18900000
2018-02-23 20:06:16,0.08360000,0.33600000
2018-02-23 20:06:16,0.08359600,0.59100000
2018-02-23 20:06:16,0.08359600,0.58600000
2018-02-23 20:06:16,0.08359500,0.05600000
2018-02-23 20:06:16,0.08359000,0.09000000
2018-02-23 20:06:16,0.08359600,0.01300000
2018-02-23 20:06:16,0.08360000,1.41600000
2018-02-23 20:06:16,0.08359000,0.25300000
2018-02-23 20:06:16,0.08359000,0.59900000
2018-02-23 20:06:16,0.08359000,2.49200000
2018-02-23 20:06:16,0.08359000,0.26000000
2018-02-23 20:06:16,0.08359000,2.16500000
2018-02-23 20:06:16,0.08358200,0.25600000
2018-02-23 20:06:16,0.08359300,1.60100000
2018-02-23 20:06:16,0.08359600,0.35900000
2018-02-23 20:06:16,0.08359600,0.06900000
2018-02-23 20:06:16,0.08359600,1.52000000
2018-02-23 20:06:16,0.08359600,0.00100000
2018-02-23 20:06:16,0.08358200,0.00100000
2018-02-23 20:06:16,0.08360000,0.03700000
2018-02-23 20:06:16,0.08358200,0.06300000
2018-02-23 20:06:17,0.08360000,0.40000000
2018-02-23 20:06:17,0.08360000,0.99700000
2018-02-23 20:06:17,0.08360000,0.40000000
2018-02-23 20:06:17,0.08360000,0.80900000
2018-02-23 20:06:17,0.08360000,0.15200000
2018-02-23 20:06:17,0.08359900,0.01500000
2018-02-23 20:06:17,0.08358200,0.00500000
2018-02-23 20:06:17,0.08358000,0.01500000
2018-02-23 20:06:17,0.08357100,0.19000000
2018-02-23 20:06:17,0.08357100,0.73100000
2018-02-23 20:06:17,0.08356600,0.03500000
2018-02-23 20:06:17,0.08356400,0.32900000
2018-02-23 20:06:17,0.08353200,0.47600000
2018-02-23 20:06:17,0.08353000,0.10900000
2018-02-23 20:06:17,0.08353000,0.13300000
2018-02-23 20:06:17,0.08353000,0.10600000
2018-02-23 20:06:18,0.08355100,1.00800000
2018-02-23 20:06:18,0.08359800,0.14000000
2018-02-23 20:06:18,0.08359800,0.15000000
2018-02-23 20:06:18,0.08359900,0.13900000
2018-02-23 20:06:18,0.08359800,0.11900000
2018-02-23 20:06:18,0.08359800,0.12000000
2018-02-23 20:06:18,0.08359800,0.04100000
2018-02-23 20:06:19,0.08359700,0.11800000
2018-02-23 20:06:19,0.08359700,0.21200000
2018-02-23 20:06:19,0.08359700,0.76400000
2018-02-23 20:06:19,0.08355400,0.02000000
2018-02-23 20:06:19,0.08355300,0.00100000
2018-02-23 20:06:19,0.08359600,0.02000000
2018-02-23 20:06:19,0.08359700,0.03300000
2018-02-23 20:06:19,0.08355400,0.40900000
2018-02-23 20:06:19,0.08355500,0.00500000
2018-02-23 20:06:20,0.08359600,0.02000000
2018-02-23 20:06:20,0.08355500,0.22500000
2018-02-23 20:06:20,0.08359900,0.01900000
2018-02-23 20:06:20,0.08359600,0.02000000
2018-02-23 20:06:20,0.08359900,1.98100000
2018-02-23 20:06:20,0.08355500,0.53200000
2018-02-23 20:06:20,0.08360000,1.05300000
2018-02-23 20:06:20,0.08355500,0.22500000
2018-02-23 20:06:20,0.08359600,0.01900000
2018-02-23 20:06:20,0.08355700,1.16100000
2018-02-23 20:06:21,0.08359500,0.09600000
2018-02-23 20:06:21,0.08359500,0.43400000
2018-02-23 20:06:21,0.08355800,0.06000000
2018-02-23 20:06:21,0.08359500,0.05000000
2018-02-23 20:06:21,0.08359500,0.01500000
2018-02-23 20:06:21,0.08359500,0.39200000
2018-02-23 20:06:21,0.08359600,0.06400000
2018-02-23 20:06:21,0.08359600,0.30600000
2018-02-23 20:06:22,0.08359900,0.02000000
2018-02-23 20:06:22,0.08360000,0.01900000
2018-02-23 20:06:22,0.08359800,0.06500000
2018-02-23 20:06:22,0.08359800,0.08600000
2018-02-23 20:06:22,0.08359500,0.04000000
2018-02-23 20:06:22,0.08360000,1.33000000
2018-02-23 20:06:22,0.08359500,0.02000000
2018-02-23 20:06:22,0.08359500,0.59900000
2018-02-23 20:06:22,0.08359500,0.12500000
2018-02-23 20:06:23,0.08359900,0.01900000
2018-02-23 20:06:23,0.08359900,0.00100000
2018-02-23 20:06:23,0.08360000,0.01800000
2018-02-23 20:06:23,0.08360000,0.87900000
2018-02-23 20:06:23,0.08360000,0.16200000
2018-02-23 20:06:23,0.08360000,0.08300000
2018-02-23 20:06:24,0.08360000,0.08300000
2018-02-23 20:06:25,0.08359500,0.01800000
2018-02-23 20:06:25,0.08359500,0.22800000
2018-02-23 20:06:25,0.08359500,0.15200000
2018-02-23 20:06:26,0.08356400,0.35900000
2018-02-23 20:06:26,0.08356400,0.36000000
2018-02-23 20:06:27,0.08356500,0.12600000
2018-02-23 20:06:27,0.08359600,0.04600000
2018-02-23 20:06:27,0.08359600,0.09400000
2018-02-23 20:06:28,0.08359500,0.02000000
2018-02-23 20:06:29,0.08359600,0.30100000
2018-02-23 20:06:30,0.08359900,0.08800000
2018-02-23 20:06:30,0.08359600,0.03500000
2018-02-23 20:06:30,0.08359900,0.27400000
2018-02-23 20:06:30,0.08359900,0.11900000
2018-02-23 20:06:30,0.08359900,1.13300000
2018-02-23 20:06:31,0.08359900,0.03800000
2018-02-23 20:06:31,0.08359600,0.20900000
2018-02-23 20:06:31,0.08359900,0.40000000
2018-02-23 20:06:31,0.08359900,0.04500000
2018-02-23 20:06:31,0.08359900,0.40000000
2018-02-23 20:06:31,0.08359900,0.05500000
2018-02-23 20:06:31,0.08359600,0.02800000
2018-02-23 20:06:31,0.08359600,0.01500000
2018-02-23 20:06:31,0.08359900,0.14900000
2018-02-23 20:06:31,0.08359900,1.43800000
2018-02-23 20:06:31,0.08359900,0.05600000
2018-02-23 20:06:32,0.08359600,0.04300000
2018-02-23 20:06:32,0.08359900,0.81300000
2018-02-23 20:06:33,0.08359600,1.73600000
2018-02-23 20:06:33,0.08357200,0.16400000
2018-02-23 20:06:33,0.08356200,2.00000000
2018-02-23 20:06:33,0.08355100,0.00100000
2018-02-23 20:06:33,0.08353000,0.33200000
2018-02-23 20:06:33,0.08352900,0.10200000
2018-02-23 20:06:33,0.08352800,0.35600000
2018-02-23 20:06:33,0.08352700,0.45900000
2018-02-23 20:06:33,0.08352100,0.18200000
2018-02-23 20:06:33,0.08351900,0.21800000
2018-02-23 20:06:33,0.08351600,0.29000000
2018-02-23 20:06:33,0.08351500,0.01500000
2018-02-23 20:06:33,0.08351300,0.35100000
2018-02-23 20:06:33,0.08351100,0.05800000
2018-02-23 20:06:33,0.08351000,0.29400000
2018-02-23 20:06:33,0.08350900,0.35200000
2018-02-23 20:06:33,0.08350400,0.44600000
2018-02-23 20:06:33,0.08350300,0.12200000
2018-02-23 20:06:33,0.08350000,2.47700000
2018-02-23 20:06:33,0.08349900,0.53400000
2018-02-23 20:06:33,0.08349600,0.01500000
2018-02-23 20:06:33,0.08349500,0.35000000
2018-02-23 20:06:33,0.08348000,0.50000000
2018-02-23 20:06:33,0.08347900,0.40000000
2018-02-23 20:06:33,0.08347600,0.06600000
2018-02-23 20:06:33,0.08346900,0.29200000
2018-02-23 20:06:33,0.08346500,0.14100000
2018-02-23 20:06:33,0.08345700,0.06000000
2018-02-23 20:06:33,0.08345000,1.00400000
2018-02-23 20:06:33,0.08344900,0.40000000
2018-02-23 20:06:33,0.08344200,0.34900000
2018-02-23 20:06:33,0.08343900,0.30100000
2018-02-23 20:06:33,0.08343800,0.19200000
2018-02-23 20:06:33,0.08343200,0.13100000
2018-02-23 20:06:33,0.08342900,0.09300000
2018-02-23 20:06:33,0.08342600,0.08400000
2018-02-23 20:06:33,0.08342300,0.68500000
2018-02-23 20:06:33,0.08342200,0.16400000
2018-02-23 20:06:33,0.08340800,0.11700000
2018-02-23 20:06:33,0.08340100,3.49300000
2018-02-23 20:06:33,0.08340000,6.67400000
2018-02-23 20:06:34,0.08359700,0.05000000
2018-02-23 20:06:34,0.08359800,0.06900000
2018-02-23 20:06:35,0.08359500,0.69000000
2018-02-23 20:06:35,0.08359600,0.31000000
2018-02-23 20:06:36,0.08359300,0.02900000
2018-02-23 20:06:36,0.08359300,0.71400000
2018-02-23 20:06:37,0.08359100,0.14900000
2018-02-23 20:06:37,0.08359100,1.85000000
2018-02-23 20:06:37,0.08359100,0.00100000
2018-02-23 20:06:37,0.08359100,0.05500000
2018-02-23 20:06:37,0.08359200,1.09200000
2018-02-23 20:06:37,0.08359100,0.09400000
2018-02-23 20:06:37,0.08359100,0.07500000
2018-02-23 20:06:37,0.08359200,2.81500000
