DATE,PRICE,VOLUME
2018-02-25 17:00:00,0.08805100,0.09900000
2018-02-25 17:00:01,0.08813700,2.00000000
2018-02-25 17:00:02,0.08806300,0.12300000
2018-02-25 17:00:06,0.08813600,0.11600000
2018-02-25 17:00:07,0.08813600,0.00700000
2018-02-25 17:00:07,0.08813700,0.06800000
2018-02-25 17:00:07,0.08813700,0.04700000
2018-02-25 17:00:08,0.08806400,0.12300000
2018-02-25 17:00:10,0.08806500,0.04700000
2018-02-25 17:00:11,0.08806500,0.94500000
2018-02-25 17:00:16,0.08806500,0.26000000
2018-02-25 17:00:16,0.08806500,2.57100000
2018-02-25 17:00:16,0.08806600,0.00500000
2018-02-25 17:00:16,0.08808900,0.11300000
2018-02-25 17:00:16,0.08806600,0.09000000
2018-02-25 17:00:16,0.08808900,0.22600000
2018-02-25 17:00:17,0.08806600,0.01800000
2018-02-25 17:00:17,0.08806600,0.10000000
2018-02-25 17:00:17,0.08806600,0.19300000
2018-02-25 17:00:19,0.08806600,0.04100000
2018-02-25 17:00:19,0.08808800,0.11300000
2018-02-25 17:00:20,0.08806600,0.05200000
2018-02-25 17:00:20,0.08806600,0.00100000
2018-02-25 17:00:20,0.08806500,0.05100000
2018-02-25 17:00:20,0.08806500,1.28300000
2018-02-25 17:00:20,0.08806500,0.02100000
2018-02-25 17:00:22,0.08806500,0.02600000
2018-02-25 17:00:26,0.08806500,1.13500000
2018-02-25 17:00:26,0.08806500,0.13200000
2018-02-25 17:00:26,0.08808700,3.35000000
2018-02-25 17:00:26,0.08808800,0.41600000
2018-02-25 17:00:26,0.08809000,0.23400000
2018-02-25 17:00:28,0.08809000,0.12700000
2018-02-25 17:00:28,0.08809000,0.10300000
2018-02-25 17:00:28,0.08809300,0.02400000
2018-02-25 17:00:28,0.08809300,0.02100000
2018-02-25 17:00:28,0.08813500,0.03600000
2018-02-25 17:00:28,0.08813800,0.03400000
2018-02-25 17:00:28,0.08813900,0.20500000
2018-02-25 17:00:28,0.08815600,0.02000000
2018-02-25 17:00:28,0.08815800,0.03600000
2018-02-25 17:00:28,0.08816000,0.12300000
2018-02-25 17:00:28,0.08816100,0.32500000
2018-02-25 17:00:30,0.08806500,0.06500000
2018-02-25 17:00:30,0.08806300,0.02900000
2018-02-25 17:00:30,0.08806300,0.08200000
2018-02-25 17:00:31,0.08810500,0.21500000
2018-02-25 17:00:31,0.08810500,0.04700000
2018-02-25 17:00:31,0.08810500,0.46300000
2018-02-25 17:00:31,0.08810500,0.21500000
2018-02-25 17:00:31,0.08810500,0.04400000
2018-02-25 17:00:33,0.08806200,0.04500000
2018-02-25 17:00:33,0.08806200,0.15500000
2018-02-25 17:00:33,0.08805200,0.01300000
2018-02-25 17:00:33,0.08805100,0.02400000
2018-02-25 17:00:34,0.08805100,0.07100000
2018-02-25 17:00:35,0.08805100,0.16300000
2018-02-25 17:00:36,0.08805100,0.46900000
2018-02-25 17:00:37,0.08805100,0.33100000
2018-02-25 17:00:38,0.08810500,0.01000000
2018-02-25 17:00:38,0.08810500,0.16100000
2018-02-25 17:00:38,0.08812600,0.01300000
2018-02-25 17:00:38,0.08812700,0.39400000
2018-02-25 17:00:39,0.08805100,0.02400000
2018-02-25 17:00:39,0.08805100,0.02300000
2018-02-25 17:00:40,0.08805200,0.01200000
2018-02-25 17:00:43,0.08805200,0.05100000
2018-02-25 17:00:43,0.08805200,0.05100000
2018-02-25 17:00:44,0.08805200,0.06800000
2018-02-25 17:00:44,0.08812600,0.11100000
2018-02-25 17:00:44,0.08812700,0.28900000
2018-02-25 17:00:45,0.08812700,0.70400000
2018-02-25 17:00:45,0.08812700,0.40000000
2018-02-25 17:00:45,0.08807800,0.04500000
2018-02-25 17:00:45,0.08807800,0.06600000
2018-02-25 17:00:45,0.08807700,0.04400000
2018-02-25 17:00:46,0.08807700,0.03300000
2018-02-25 17:00:46,0.08807700,0.19700000
2018-02-25 17:00:46,0.08807700,0.04500000
2018-02-25 17:00:46,0.08807700,0.04000000
2018-02-25 17:00:46,0.08807700,0.07100000
2018-02-25 17:00:46,0.08807700,0.60600000
2018-02-25 17:00:46,0.08805200,0.00100000
2018-02-25 17:00:46,0.08805100,0.10700000
2018-02-25 17:00:46,0.08805100,0.02000000
2018-02-25 17:00:46,0.08812600,0.01200000
2018-02-25 17:00:47,0.08812600,0.00100000
2018-02-25 17:00:47,0.08812600,0.11000000
2018-02-25 17:00:47,0.08812700,0.11000000
2018-02-25 17:00:47,0.08812700,0.03500000
2018-02-25 17:00:48,0.08812700,1.13400000
2018-02-25 17:00:48,0.08812700,0.40000000
2018-02-25 17:00:48,0.08805300,0.12200000
2018-02-25 17:00:48,0.08812700,0.29600000
2018-02-25 17:00:48,0.08812800,0.39900000
2018-02-25 17:00:48,0.08805300,0.00100000
2018-02-25 17:00:48,0.08805200,0.06600000
2018-02-25 17:00:48,0.08805200,0.31200000
2018-02-25 17:00:49,0.08805200,0.02000000
2018-02-25 17:00:49,0.08805200,0.00100000
2018-02-25 17:00:49,0.08805100,0.01900000
2018-02-25 17:00:49,0.08812700,0.12300000
2018-02-25 17:00:49,0.08805100,0.02500000
2018-02-25 17:00:49,0.08812700,0.00100000
2018-02-25 17:00:49,0.08812800,0.11200000
2018-02-25 17:00:50,0.08805200,0.04600000
2018-02-25 17:00:50,0.08805200,0.07800000
2018-02-25 17:00:50,0.08805100,0.04500000
2018-02-25 17:00:50,0.08812800,0.53800000
2018-02-25 17:00:50,0.08805100,0.04600000
2018-02-25 17:00:51,0.08805100,0.03400000
2018-02-25 17:00:53,0.08805100,0.34100000
2018-02-25 17:00:53,0.08812700,0.04100000
2018-02-25 17:00:54,0.08812700,0.04700000
2018-02-25 17:00:54,0.08812700,3.20000000
2018-02-25 17:00:54,0.08812700,0.00100000
2018-02-25 17:00:54,0.08812800,0.00100000
2018-02-25 17:00:54,0.08813700,0.09900000
2018-02-25 17:00:54,0.08815300,0.01200000
2018-02-25 17:00:54,0.08815200,0.40000000
2018-02-25 17:00:55,0.08805200,0.01200000
2018-02-25 17:00:55,0.08805100,0.00100000
2018-02-25 17:00:55,0.08805100,1.13500000
2018-02-25 17:00:55,0.08812800,0.12500000
2018-02-25 17:00:55,0.08805100,0.11900000
2018-02-25 17:00:55,0.08805100,0.62500000
2018-02-25 17:00:56,0.08805100,0.17400000
2018-02-25 17:00:56,0.08805100,0.00100000
2018-02-25 17:00:56,0.08805100,0.21200000
2018-02-25 17:00:57,0.08805000,0.06100000
2018-02-25 17:00:58,0.08805100,0.00100000
2018-02-25 17:00:58,0.08812700,0.01200000
2018-02-25 17:00:58,0.08812800,0.10000000
2018-02-25 17:01:01,0.08807900,0.01200000
2018-02-25 17:01:01,0.08807800,0.00800000
2018-02-25 17:01:02,0.08807800,0.20200000
2018-02-25 17:01:02,0.08807800,0.05700000
2018-02-25 17:01:02,0.08807800,0.02300000
2018-02-25 17:01:03,0.08807800,0.04800000
2018-02-25 17:01:05,0.08807800,0.19300000
2018-02-25 17:01:06,0.08812800,0.11300000
2018-02-25 17:01:07,0.08807900,0.21100000
2018-02-25 17:01:07,0.08807800,0.49900000
2018-02-25 17:01:07,0.08807800,0.13900000
2018-02-25 17:01:07,0.08805400,0.57100000
2018-02-25 17:01:09,0.08805300,0.07200000
2018-02-25 17:01:09,0.08805300,0.56700000
2018-02-25 17:01:09,0.08805200,0.35500000
2018-02-25 17:01:09,0.08805000,0.75800000
2018-02-25 17:01:09,0.08812800,0.04100000
2018-02-25 17:01:09,0.08815300,0.01200000
2018-02-25 17:01:09,0.08815400,0.07200000
2018-02-25 17:01:11,0.08813000,0.53700000
2018-02-25 17:01:12,0.08813000,0.00100000
2018-02-25 17:01:12,0.08815200,0.11200000
2018-02-25 17:01:12,0.08815300,0.02000000
2018-02-25 17:01:12,0.08815400,0.40500000
2018-02-25 17:01:14,0.08812800,0.11900000
2018-02-25 17:01:14,0.08815300,0.44100000
2018-02-25 17:01:14,0.08815300,0.81800000
2018-02-25 17:01:14,0.08805900,0.05000000
2018-02-25 17:01:15,0.08807800,0.09500000
2018-02-25 17:01:15,0.08815200,0.54600000
2018-02-25 17:01:15,0.08807800,0.35300000
2018-02-25 17:01:15,0.08807800,0.08900000
2018-02-25 17:01:16,0.08807900,0.07400000
2018-02-25 17:01:16,0.08807800,0.58100000
2018-02-25 17:01:16,0.08806000,0.70900000
2018-02-25 17:01:17,0.08806100,0.01900000
2018-02-25 17:01:19,0.08814800,0.07400000
2018-02-25 17:01:19,0.08814900,0.32600000
2018-02-25 17:01:20,0.08806200,0.06700000
2018-02-25 17:01:20,0.08806200,0.02700000
2018-02-25 17:01:20,0.08806000,0.06600000
2018-02-25 17:01:23,0.08806000,0.13700000
2018-02-25 17:01:25,0.08814600,0.05000000
2018-02-25 17:01:25,0.08814700,0.16000000
2018-02-25 17:01:26,0.08814600,0.07400000
2018-02-25 17:01:26,0.08814700,0.12100000
2018-02-25 17:01:28,0.08806300,0.12300000
2018-02-25 17:01:28,0.08806300,0.00100000
2018-02-25 17:01:28,0.08806200,0.08900000
2018-02-25 17:01:28,0.08814700,0.41100000
2018-02-25 17:01:28,0.08806200,0.09000000
2018-02-25 17:01:29,0.08809700,0.03300000
2018-02-25 17:01:29,0.08809700,0.29500000
2018-02-25 17:01:30,0.08814600,0.12400000
2018-02-25 17:01:30,0.08814700,1.32000000
2018-02-25 17:01:30,0.08815100,0.02000000
2018-02-25 17:01:30,0.08815200,0.33600000
2018-02-25 17:01:31,0.08809700,0.14200000
2018-02-25 17:01:31,0.08809700,0.26300000
2018-02-25 17:01:31,0.08809700,0.12300000
2018-02-25 17:01:31,0.08806400,0.01900000
2018-02-25 17:01:31,0.08806400,0.14200000
2018-02-25 17:01:32,0.08806500,0.01900000
2018-02-25 17:01:32,0.08806500,0.00100000
2018-02-25 17:01:32,0.08806400,0.45000000
2018-02-25 17:01:34,0.08815000,0.09700000
2018-02-25 17:01:34,0.08807000,0.02500000
2018-02-25 17:01:34,0.08815000,0.13700000
2018-02-25 17:01:35,0.08807000,0.00100000
2018-02-25 17:01:35,0.08807000,0.01300000
2018-02-25 17:01:36,0.08807000,0.02900000
2018-02-25 17:01:36,0.08806600,0.12300000
2018-02-25 17:01:36,0.08807000,0.05400000
2018-02-25 17:01:36,0.08815000,0.00200000
2018-02-25 17:01:36,0.08815100,0.02600000
2018-02-25 17:01:36,0.08815100,0.08200000
2018-02-25 17:01:36,0.08815100,0.08200000
2018-02-25 17:01:36,0.08815100,0.16400000
2018-02-25 17:01:36,0.08807000,0.06600000
2018-02-25 17:01:37,0.08815000,0.33900000
2018-02-25 17:01:37,0.08815100,0.02300000
2018-02-25 17:01:37,0.08815100,0.11000000
2018-02-25 17:01:37,0.08815200,0.01200000
2018-02-25 17:01:38,0.08815200,0.02900000
2018-02-25 17:01:39,0.08807200,0.02300000
2018-02-25 17:01:40,0.08807200,0.10000000
2018-02-25 17:01:40,0.08807200,0.00100000
2018-02-25 17:01:40,0.08807100,0.09900000
2018-02-25 17:01:40,0.08807100,0.03300000
2018-02-25 17:01:40,0.08815200,0.11300000
2018-02-25 17:01:42,0.08815100,0.12400000
2018-02-25 17:01:42,0.08815200,0.49200000
2018-02-25 17:01:44,0.08807500,0.12300000
2018-02-25 17:01:44,0.08810200,1.15600000
2018-02-25 17:01:45,0.08810200,0.00300000
2018-02-25 17:01:45,0.08807500,0.00100000
2018-02-25 17:01:45,0.08807300,0.03600000
2018-02-25 17:01:45,0.08815100,0.01400000
2018-02-25 17:01:45,0.08807500,0.01200000
2018-02-25 17:01:46,0.08815100,0.10800000
2018-02-25 17:01:46,0.08815100,0.01300000
2018-02-25 17:01:47,0.08807600,0.10900000
2018-02-25 17:01:47,0.08815100,0.00100000
2018-02-25 17:01:47,0.08815200,0.11200000
2018-02-25 17:01:48,0.08815200,0.07500000
2018-02-25 17:01:48,0.08807700,0.01300000
2018-02-25 17:01:49,0.08807700,0.00100000
2018-02-25 17:01:49,0.08807600,1.14500000
2018-02-25 17:01:49,0.08807600,0.15100000
2018-02-25 17:01:49,0.08807600,0.24400000
2018-02-25 17:01:50,0.08807300,0.18500000
2018-02-25 17:01:50,0.08807700,0.39300000
2018-02-25 17:01:51,0.08807300,0.00100000
2018-02-25 17:01:51,0.08807000,0.00200000
2018-02-25 17:01:51,0.08806700,0.05800000
2018-02-25 17:01:53,0.08806900,1.13400000
2018-02-25 17:01:54,0.08815200,0.12300000
2018-02-25 17:01:54,0.08807000,0.33100000
2018-02-25 17:01:54,0.08807000,0.40900000
2018-02-25 17:01:56,0.08807600,0.12200000
2018-02-25 17:01:57,0.08815200,0.12300000
2018-02-25 17:01:57,0.08815300,0.04200000
2018-02-25 17:01:57,0.08815400,0.23500000
2018-02-25 17:01:57,0.08807600,0.24100000
2018-02-25 17:01:57,0.08815400,0.03800000
2018-02-25 17:01:58,0.08807700,0.12200000
2018-02-25 17:01:58,0.08815400,0.40000000
2018-02-25 17:01:58,0.08807700,0.00100000
2018-02-25 17:01:58,0.08807600,0.15900000
2018-02-25 17:01:58,0.08807500,0.53800000
2018-02-25 17:01:58,0.08806900,0.00100000
2018-02-25 17:01:58,0.08806700,0.29800000
2018-02-25 17:01:58,0.08815400,0.21500000
2018-02-25 17:01:58,0.08815300,0.09900000
2018-02-25 17:01:59,0.08810400,0.67300000
2018-02-25 17:01:59,0.08815300,0.02000000
2018-02-25 17:02:00,0.08813000,0.08000000
2018-02-25 17:02:00,0.08810400,0.18000000
2018-02-25 17:02:00,0.08810400,0.08100000
2018-02-25 17:02:01,0.08813000,0.05700000
2018-02-25 17:02:01,0.08810400,0.01600000
2018-02-25 17:02:01,0.08810400,0.28000000
2018-02-25 17:02:02,0.08813000,0.21500000
2018-02-25 17:02:03,0.08813000,0.18500000
2018-02-25 17:02:03,0.08810400,0.00100000
2018-02-25 17:02:03,0.08807800,0.11900000
2018-02-25 17:02:03,0.08807700,0.40000000
2018-02-25 17:02:03,0.08807600,0.10500000
2018-02-25 17:02:03,0.08807300,0.05800000
2018-02-25 17:02:03,0.08813000,0.00100000
2018-02-25 17:02:03,0.08815200,0.03400000
2018-02-25 17:02:03,0.08815300,0.00500000
2018-02-25 17:02:03,0.08815400,0.20900000
2018-02-25 17:02:04,0.08807300,0.43200000
2018-02-25 17:02:04,0.08815400,0.11200000
2018-02-25 17:02:04,0.08807300,0.00100000
2018-02-25 17:02:04,0.08807000,0.04800000
2018-02-25 17:02:04,0.08815400,0.05000000
2018-02-25 17:02:04,0.08815400,0.29200000
2018-02-25 17:02:04,0.08816400,0.02000000
2018-02-25 17:02:04,0.08816500,0.04800000
2018-02-25 17:02:05,0.08807000,0.43900000
2018-02-25 17:02:05,0.08815300,0.09500000
2018-02-25 17:02:05,0.08815300,0.02400000
2018-02-25 17:02:05,0.08816500,0.29700000
2018-02-25 17:02:05,0.08817500,0.02000000
2018-02-25 17:02:05,0.08818400,0.05900000
2018-02-25 17:02:07,0.08807300,0.14300000
2018-02-25 17:02:07,0.08817300,0.02000000
2018-02-25 17:02:07,0.08817400,4.50400000
2018-02-25 17:02:07,0.08817500,0.44000000
2018-02-25 17:02:07,0.08818900,0.05200000
2018-02-25 17:02:08,0.08808000,0.46900000
2018-02-25 17:02:09,0.08808300,0.07900000
2018-02-25 17:02:10,0.08817700,0.07900000
2018-02-25 17:02:10,0.08817900,0.12400000
2018-02-25 17:02:10,0.08818000,0.21300000
2018-02-25 17:02:11,0.08809000,0.09100000
2018-02-25 17:02:11,0.08809000,0.03400000
2018-02-25 17:02:12,0.08809200,0.12300000
2018-02-25 17:02:12,0.08809200,0.00100000
2018-02-25 17:02:12,0.08809100,0.12200000
2018-02-25 17:02:12,0.08809200,0.29800000
2018-02-25 17:02:12,0.08817900,0.04800000
2018-02-25 17:02:13,0.08817900,0.39300000
2018-02-25 17:02:13,0.08809200,0.01900000
2018-02-25 17:02:13,0.08809200,0.12300000
2018-02-25 17:02:13,0.08817900,0.02000000
2018-02-25 17:02:13,0.08813000,0.34200000
2018-02-25 17:02:13,0.08813000,0.50000000
2018-02-25 17:02:13,0.08813000,0.00100000
2018-02-25 17:02:13,0.08809400,0.01600000
2018-02-25 17:02:14,0.08817400,0.33500000
2018-02-25 17:02:14,0.08809400,0.10700000
2018-02-25 17:02:14,0.08809400,0.00100000
2018-02-25 17:02:14,0.08809300,0.09800000
2018-02-25 17:02:15,0.08809500,0.07900000
2018-02-25 17:02:15,0.08817000,0.38900000
2018-02-25 17:02:15,0.08816900,0.09800000
2018-02-25 17:02:15,0.08817000,0.00100000
2018-02-25 17:02:15,0.08817400,0.00100000
2018-02-25 17:02:15,0.08817900,0.88100000
2018-02-25 17:02:15,0.08817900,0.70900000
2018-02-25 17:02:16,0.08809600,0.01900000
2018-02-25 17:02:16,0.08817600,0.09200000
2018-02-25 17:02:16,0.08817600,0.08100000
2018-02-25 17:02:16,0.08818800,0.03400000
2018-02-25 17:02:16,0.08818900,0.23700000
2018-02-25 17:02:17,0.08809700,0.01900000
2018-02-25 17:02:17,0.08818700,0.12300000
2018-02-25 17:02:17,0.08809700,0.00100000
2018-02-25 17:02:17,0.08809600,0.28200000
2018-02-25 17:02:17,0.08809600,0.06800000
2018-02-25 17:02:17,0.08818700,0.00100000
2018-02-25 17:02:17,0.08818900,0.19300000
2018-02-25 17:02:17,0.08819000,0.16600000
2018-02-25 17:02:17,0.08819400,0.02000000
2018-02-25 17:02:17,0.08819900,0.02000000
2018-02-25 17:02:18,0.08810100,0.14300000
2018-02-25 17:02:18,0.08810000,0.08300000
2018-02-25 17:02:19,0.08810000,0.03500000
2018-02-25 17:02:21,0.08818900,0.11200000
2018-02-25 17:02:21,0.08810000,0.00100000
2018-02-25 17:02:21,0.08809700,0.59300000
2018-02-25 17:02:21,0.08819000,0.02800000
2018-02-25 17:02:21,0.08809700,0.27100000
2018-02-25 17:02:22,0.08809800,0.04400000
2018-02-25 17:02:23,0.08815000,0.05500000
2018-02-25 17:02:23,0.08818900,0.12300000
2018-02-25 17:02:23,0.08819000,0.05200000
2018-02-25 17:02:23,0.08819300,0.03600000
2018-02-25 17:02:23,0.08819500,0.02000000
2018-02-25 17:02:23,0.08819900,0.28200000
2018-02-25 17:02:23,0.08820000,0.43400000
2018-02-25 17:02:23,0.08820000,0.50000000
2018-02-25 17:02:24,0.08818000,0.10500000
2018-02-25 17:02:24,0.08819400,0.04400000
2018-02-25 17:02:24,0.08819500,0.02000000
2018-02-25 17:02:24,0.08820000,0.82500000
2018-02-25 17:02:24,0.08820100,0.10800000
2018-02-25 17:02:25,0.08810500,0.02700000
2018-02-25 17:02:25,0.08819900,0.88300000
2018-02-25 17:02:25,0.08819900,0.00100000
2018-02-25 17:02:25,0.08820000,0.02700000
2018-02-25 17:02:25,0.08820100,0.12900000
2018-02-25 17:02:27,0.08820100,0.01200000
2018-02-25 17:02:27,0.08811100,0.13800000
2018-02-25 17:02:27,0.08811300,0.12300000
2018-02-25 17:02:27,0.08811200,0.17200000
2018-02-25 17:02:27,0.08820100,0.00100000
2018-02-25 17:02:27,0.08820200,0.06800000
2018-02-25 17:02:27,0.08820600,0.02000000
2018-02-25 17:02:27,0.08821400,0.14400000
2018-02-25 17:02:27,0.08820600,0.02000000
2018-02-25 17:02:27,0.08821400,0.69300000
2018-02-25 17:02:28,0.08811300,0.01900000
2018-02-25 17:02:28,0.08811300,0.00100000
2018-02-25 17:02:28,0.08811200,0.01800000
2018-02-25 17:02:28,0.08821300,0.04900000
2018-02-25 17:02:28,0.08815100,1.00900000
2018-02-25 17:02:28,0.08815100,0.00100000
2018-02-25 17:02:28,0.08811300,0.02000000
2018-02-25 17:02:28,0.08811200,0.81600000
2018-02-25 17:02:28,0.08811300,0.02000000
2018-02-25 17:02:28,0.08811200,0.04600000
2018-02-25 17:02:29,0.08812000,0.46900000
2018-02-25 17:02:29,0.08821000,0.15100000
2018-02-25 17:02:30,0.08820900,0.11300000
2018-02-25 17:02:30,0.08811700,1.13400000
2018-02-25 17:02:30,0.08811700,0.53500000
2018-02-25 17:02:31,0.08811700,0.67800000
2018-02-25 17:02:31,0.08811700,0.80000000
2018-02-25 17:02:31,0.08811700,1.13400000
2018-02-25 17:02:31,0.08811700,4.57700000
2018-02-25 17:02:32,0.08817900,0.01200000
2018-02-25 17:02:32,0.08817900,0.00100000
2018-02-25 17:02:32,0.08811700,0.00100000
2018-02-25 17:02:32,0.08811600,0.01000000
2018-02-25 17:02:32,0.08811600,0.01200000
2018-02-25 17:02:32,0.08811800,0.01200000
2018-02-25 17:02:32,0.08811800,0.00800000
2018-02-25 17:02:32,0.08811600,0.00400000
2018-02-25 17:02:32,0.08811600,0.01200000
2018-02-25 17:02:32,0.08811600,0.01200000
2018-02-25 17:02:32,0.08811800,0.01200000
2018-02-25 17:02:32,0.08811800,0.00800000
2018-02-25 17:02:32,0.08811600,0.00600000
2018-02-25 17:02:32,0.08810800,0.00300000
2018-02-25 17:02:34,0.08811000,0.02000000
2018-02-25 17:02:36,0.08811900,0.70900000
2018-02-25 17:02:36,0.08811900,0.00100000
2018-02-25 17:02:36,0.08810800,0.70800000
2018-02-25 17:02:36,0.08819700,0.03500000
2018-02-25 17:02:36,0.08811000,0.00700000
2018-02-25 17:02:38,0.08811000,0.00700000
2018-02-25 17:02:38,0.08811000,0.19100000
2018-02-25 17:02:38,0.08811000,0.12900000
2018-02-25 17:02:39,0.08811000,0.05300000
2018-02-25 17:02:41,0.08811000,0.68900000
2018-02-25 17:02:41,0.08811000,0.14700000
2018-02-25 17:02:41,0.08819700,0.00100000
2018-02-25 17:02:41,0.08819800,0.12300000
2018-02-25 17:02:41,0.08819900,0.17400000
2018-02-25 17:02:42,0.08811100,1.13400000
2018-02-25 17:02:42,0.08819900,0.73500000
2018-02-25 17:02:42,0.08819900,0.00100000
2018-02-25 17:02:42,0.08820600,0.02000000
2018-02-25 17:02:42,0.08820700,0.05500000
2018-02-25 17:02:42,0.08811100,0.39000000
2018-02-25 17:02:42,0.08820000,0.33800000
2018-02-25 17:02:42,0.08811100,0.01500000
2018-02-25 17:02:42,0.08811100,0.14700000
2018-02-25 17:02:42,0.08815000,0.77000000
2018-02-25 17:02:42,0.08815000,0.00100000
2018-02-25 17:02:43,0.08814700,0.09000000
2018-02-25 17:02:43,0.08814700,0.00100000
2018-02-25 17:02:43,0.08820000,0.00200000
2018-02-25 17:02:43,0.08820700,0.01800000
2018-02-25 17:02:43,0.08820600,1.50000000
2018-02-25 17:02:44,0.08820600,0.16800000
2018-02-25 17:02:44,0.08820600,0.00100000
2018-02-25 17:02:44,0.08820700,0.07400000
2018-02-25 17:02:44,0.08820700,0.01200000
2018-02-25 17:02:44,0.08820700,0.01300000
2018-02-25 17:02:44,0.08811300,0.12100000
2018-02-25 17:02:44,0.08820700,0.18500000
2018-02-25 17:02:44,0.08820900,0.02000000
2018-02-25 17:02:44,0.08821100,0.03600000
2018-02-25 17:02:44,0.08821400,1.99000000
2018-02-25 17:02:44,0.08821800,0.20600000
2018-02-25 17:02:44,0.08821900,0.18000000
2018-02-25 17:02:44,0.08822000,0.21900000
2018-02-25 17:02:44,0.08823000,0.01500000
2018-02-25 17:02:44,0.08825000,0.05800000
2018-02-25 17:02:44,0.08826100,0.05600000
2018-02-25 17:02:44,0.08827000,0.29900000
2018-02-25 17:02:44,0.08827800,1.73600000
2018-02-25 17:02:44,0.08821500,0.02000000
2018-02-25 17:02:44,0.08821500,0.02000000
2018-02-25 17:02:44,0.08821500,0.02000000
2018-02-25 17:02:44,0.08821500,0.02000000
2018-02-25 17:02:44,0.08821500,0.08900000
2018-02-25 17:02:44,0.08821500,0.78800000
2018-02-25 17:02:44,0.08811400,0.79200000
2018-02-25 17:02:44,0.08811400,0.78800000
2018-02-25 17:02:45,0.08811900,0.26400000
2018-02-25 17:02:45,0.08811900,0.86600000
2018-02-25 17:02:45,0.08811400,0.26300000
2018-02-25 17:02:45,0.08812000,0.02700000
2018-02-25 17:02:45,0.08812400,0.05000000
2018-02-25 17:02:45,0.08812300,3.40400000
2018-02-25 17:02:46,0.08812400,0.01900000
2018-02-25 17:02:46,0.08812400,0.35400000
2018-02-25 17:02:46,0.08812400,0.65100000
2018-02-25 17:02:47,0.08812600,0.01900000
2018-02-25 17:02:47,0.08812600,0.00100000
2018-02-25 17:02:47,0.08812500,0.01800000
2018-02-25 17:02:47,0.08812600,0.02000000
2018-02-25 17:02:47,0.08812500,2.15600000
2018-02-25 17:02:47,0.08825300,0.02400000
2018-02-25 17:02:47,0.08812600,0.02000000
2018-02-25 17:02:47,0.08812600,0.02700000
2018-02-25 17:02:47,0.08812600,0.02700000
2018-02-25 17:02:47,0.08825300,0.11300000
2018-02-25 17:02:47,0.08813000,0.47700000
2018-02-25 17:02:48,0.08824500,0.22600000
2018-02-25 17:02:48,0.08813100,0.56900000
2018-02-25 17:02:48,0.08824300,0.14100000
2018-02-25 17:02:48,0.08824400,0.10100000
2018-02-25 17:02:48,0.08825000,0.47000000
2018-02-25 17:02:48,0.08825200,0.44500000
2018-02-25 17:02:48,0.08825700,0.09500000
2018-02-25 17:02:48,0.08813100,0.04400000
2018-02-25 17:02:49,0.08823800,0.76700000
2018-02-25 17:02:49,0.08824300,0.02000000
2018-02-25 17:02:49,0.08825700,1.48500000
2018-02-25 17:02:49,0.08825800,0.18000000
2018-02-25 17:02:49,0.08826400,4.94900000
2018-02-25 17:02:49,0.08827800,0.19800000
2018-02-25 17:02:49,0.08828900,0.12300000
2018-02-25 17:02:49,0.08829000,0.03000000
2018-02-25 17:02:49,0.08829800,0.04600000
2018-02-25 17:02:49,0.08830000,2.13100000
2018-02-25 17:02:49,0.08813100,0.18000000
2018-02-25 17:02:49,0.08813100,0.02100000
2018-02-25 17:02:49,0.08813000,0.00300000
2018-02-25 17:02:49,0.08812700,0.15600000
2018-02-25 17:02:49,0.08824300,0.01900000
2018-02-25 17:02:49,0.08813100,0.02000000
2018-02-25 17:02:49,0.08812700,3.94300000
2018-02-25 17:02:49,0.08812700,0.02100000
2018-02-25 17:02:49,0.08811400,0.06300000
2018-02-25 17:02:49,0.08813100,0.01900000
2018-02-25 17:02:49,0.08824300,0.00100000
2018-02-25 17:02:49,0.08825800,0.18000000
2018-02-25 17:02:49,0.08830000,1.31900000
2018-02-25 17:02:49,0.08824300,0.01500000
2018-02-25 17:02:49,0.08824300,0.00500000
2018-02-25 17:02:49,0.08825800,0.18000000
2018-02-25 17:02:49,0.08813100,0.10500000
2018-02-25 17:02:49,0.08813100,0.07600000
2018-02-25 17:02:49,0.08813100,0.01300000
2018-02-25 17:02:49,0.08813100,0.06700000
2018-02-25 17:02:49,0.08811400,0.11300000
2018-02-25 17:02:49,0.08813600,0.76000000
2018-02-25 17:02:49,0.08824300,0.02000000
2018-02-25 17:02:49,0.08825200,1.24800000
2018-02-25 17:02:49,0.08825800,0.18000000
2018-02-25 17:02:49,0.08830000,0.04300000
2018-02-25 17:02:49,0.08830400,0.04600000
2018-02-25 17:02:49,0.08831000,0.01800000
2018-02-25 17:02:49,0.08831800,3.44500000
2018-02-25 17:02:50,0.08814300,0.37200000
2018-02-25 17:02:50,0.08814300,0.00100000
2018-02-25 17:02:50,0.08813800,0.08000000
2018-02-25 17:02:50,0.08813700,0.29100000
2018-02-25 17:02:50,0.08813700,0.49600000
2018-02-25 17:02:50,0.08814000,0.94700000
2018-02-25 17:02:51,0.08814100,0.47200000
2018-02-25 17:02:51,0.08814100,0.03100000
2018-02-25 17:02:51,0.08826500,0.76200000
2018-02-25 17:02:52,0.08815300,0.05600000
2018-02-25 17:02:52,0.08815300,0.46400000
2018-02-25 17:02:52,0.08814200,0.05500000
2018-02-25 17:02:52,0.08814200,0.51800000
2018-02-25 17:02:52,0.08814200,0.05000000
2018-02-25 17:02:52,0.08814200,0.98000000
2018-02-25 17:02:52,0.08814300,0.60900000
2018-02-25 17:02:52,0.08815500,0.01400000
2018-02-25 17:02:52,0.08825800,0.32300000
2018-02-25 17:02:52,0.08825900,0.37100000
2018-02-25 17:02:52,0.08826400,0.26300000
2018-02-25 17:02:53,0.08825700,0.32500000
2018-02-25 17:02:53,0.08815500,0.02000000
2018-02-25 17:02:53,0.08815500,0.00100000
2018-02-25 17:02:53,0.08814500,0.01900000
2018-02-25 17:02:53,0.08814500,0.01600000
2018-02-25 17:02:53,0.08814500,0.00100000
2018-02-25 17:02:53,0.08814400,0.01900000
2018-02-25 17:02:53,0.08825700,0.02800000
2018-02-25 17:02:53,0.08825800,0.20000000
2018-02-25 17:02:53,0.08816100,0.07800000
2018-02-25 17:02:53,0.08816100,0.04500000
2018-02-25 17:02:53,0.08816000,0.42400000
2018-02-25 17:02:53,0.08816000,0.04600000
2018-02-25 17:02:53,0.08815500,0.02000000
2018-02-25 17:02:53,0.08814500,0.07000000
2018-02-25 17:02:53,0.08814400,0.33300000
2018-02-25 17:02:54,0.08814500,0.17900000
2018-02-25 17:02:54,0.08825500,0.20000000
2018-02-25 17:02:54,0.08825600,0.43400000
2018-02-25 17:02:54,0.08814500,0.00100000
2018-02-25 17:02:54,0.08814400,0.17800000
2018-02-25 17:02:54,0.08815300,0.36300000
2018-02-25 17:02:54,0.08815300,0.03700000
2018-02-25 17:02:54,0.08814500,0.20000000
2018-02-25 17:02:54,0.08814400,0.54400000
2018-02-25 17:02:55,0.08814700,0.05300000
2018-02-25 17:02:55,0.08825000,0.47900000
2018-02-25 17:02:55,0.08825000,0.00100000
2018-02-25 17:02:55,0.08825300,0.24200000
2018-02-25 17:02:56,0.08815000,0.02900000
2018-02-25 17:02:56,0.08815000,0.45000000
2018-02-25 17:02:56,0.08824700,0.12300000
2018-02-25 17:02:56,0.08824800,1.37700000
2018-02-25 17:02:57,0.08815100,0.34700000
2018-02-25 17:02:57,0.08824700,0.02000000
2018-02-25 17:02:57,0.08824800,1.42000000
2018-02-25 17:02:57,0.08825000,0.48000000
2018-02-25 17:02:57,0.08815200,0.02000000
2018-02-25 17:02:57,0.08815100,1.20500000
2018-02-25 17:02:57,0.08815100,0.36400000
2018-02-25 17:02:57,0.08820300,0.02500000
2018-02-25 17:02:57,0.08820400,0.12300000
2018-02-25 17:02:57,0.08820300,0.99400000
2018-02-25 17:02:57,0.08820300,0.12400000
2018-02-25 17:02:57,0.08815200,0.52000000
2018-02-25 17:02:57,0.08815200,0.12100000
2018-02-25 17:02:57,0.08824700,0.02000000
2018-02-25 17:02:57,0.08826200,1.24900000
2018-02-25 17:02:57,0.08826300,0.03600000
2018-02-25 17:02:57,0.08827900,0.18000000
2018-02-25 17:02:57,0.08831700,0.06700000
2018-02-25 17:02:57,0.08832000,0.95900000
2018-02-25 17:02:57,0.08832600,0.22300000
2018-02-25 17:02:57,0.08833100,0.07700000
2018-02-25 17:02:57,0.08833200,1.06900000
2018-02-25 17:02:57,0.08834000,0.05600000
2018-02-25 17:02:57,0.08834100,0.12100000
2018-02-25 17:02:57,0.08834500,0.03000000
2018-02-25 17:02:57,0.08835000,0.79800000
2018-02-25 17:02:57,0.08835100,0.05700000
2018-02-25 17:02:57,0.08835400,0.01300000
2018-02-25 17:02:57,0.08835900,0.04500000
2018-02-25 17:02:57,0.08827900,0.08000000
2018-02-25 17:02:57,0.08835900,0.08400000
2018-02-25 17:02:58,0.08820100,0.57800000
2018-02-25 17:02:58,0.08827800,0.03300000
2018-02-25 17:02:58,0.08815800,1.74900000
2018-02-25 17:02:59,0.08816400,0.04700000
2018-02-25 17:02:59,0.08816400,0.66000000
2018-02-25 17:03:00,0.08827300,1.74900000
2018-02-25 17:03:00,0.08827400,0.64100000
2018-02-25 17:03:00,0.08827600,0.20000000
2018-02-25 17:03:00,0.08827800,0.40400000
2018-02-25 17:03:01,0.08817100,0.05400000
2018-02-25 17:03:01,0.08817200,0.07300000
2018-02-25 17:03:01,0.08827100,0.38900000
2018-02-25 17:03:01,0.08817200,1.13600000
2018-02-25 17:03:01,0.08817100,0.30200000
2018-02-25 17:03:01,0.08817100,0.02100000
2018-02-25 17:03:01,0.08817100,2.17800000
2018-02-25 17:03:02,0.08817100,0.07100000
2018-02-25 17:03:02,0.08817100,0.19900000
2018-02-25 17:03:02,0.08827000,0.04000000
2018-02-25 17:03:02,0.08817200,2.14000000
2018-02-25 17:03:02,0.08817500,0.02300000
2018-02-25 17:03:03,0.08817500,0.50000000
2018-02-25 17:03:03,0.08817500,0.13100000
2018-02-25 17:03:03,0.08817500,0.13100000
2018-02-25 17:03:03,0.08826800,1.18900000
2018-02-25 17:03:04,0.08826800,0.07400000
2018-02-25 17:03:04,0.08826800,0.02000000
2018-02-25 17:03:04,0.08817600,0.00100000
2018-02-25 17:03:05,0.08835900,0.00100000
2018-02-25 17:03:05,0.08835900,0.12200000
2018-02-25 17:03:05,0.08836000,0.27800000
2018-02-25 17:03:05,0.08818200,0.01400000
2018-02-25 17:03:05,0.08818200,0.06100000
2018-02-25 17:03:05,0.08818200,0.04200000
2018-02-25 17:03:05,0.08818200,1.01400000
2018-02-25 17:03:05,0.08817700,0.11600000
2018-02-25 17:03:05,0.08818000,0.47900000
2018-02-25 17:03:05,0.08818200,0.15200000
2018-02-25 17:03:06,0.08826800,0.33100000
2018-02-25 17:03:06,0.08818200,0.14000000
2018-02-25 17:03:06,0.08818200,0.33100000
2018-02-25 17:03:06,0.08818200,0.87400000
2018-02-25 17:03:06,0.08818100,0.28200000
2018-02-25 17:03:06,0.08834000,0.63200000
2018-02-25 17:03:07,0.08834000,0.04100000
2018-02-25 17:03:07,0.08818400,0.19900000
2018-02-25 17:03:07,0.08818400,0.01700000
2018-02-25 17:03:07,0.08818400,0.06900000
2018-02-25 17:03:07,0.08825800,0.04300000
2018-02-25 17:03:08,0.08832700,0.12300000
2018-02-25 17:03:08,0.08833000,0.47000000
2018-02-25 17:03:08,0.08833100,2.43900000
2018-02-25 17:03:08,0.08833300,0.35200000
2018-02-25 17:03:08,0.08833400,0.20000000
2018-02-25 17:03:08,0.08833800,1.19700000
2018-02-25 17:03:08,0.08836000,0.09200000
2018-02-25 17:03:08,0.08837800,3.78600000
2018-02-25 17:03:08,0.08838200,1.34100000
2018-02-25 17:03:08,0.08825800,0.00100000
2018-02-25 17:03:08,0.08821500,0.02600000
2018-02-25 17:03:09,0.08821500,0.08700000
2018-02-25 17:03:09,0.08832200,0.45800000
2018-02-25 17:03:09,0.08818700,0.12200000
2018-02-25 17:03:09,0.08832100,0.72900000
2018-02-25 17:03:10,0.08818900,1.13200000
2018-02-25 17:03:10,0.08818900,0.00100000
2018-02-25 17:03:10,0.08818700,0.04900000
2018-02-25 17:03:10,0.08818700,2.00600000
2018-02-25 17:03:10,0.08818800,0.09800000
2018-02-25 17:03:11,0.08831400,0.32300000
2018-02-25 17:03:11,0.08831500,1.13300000
2018-02-25 17:03:11,0.08836500,0.04400000
2018-02-25 17:03:11,0.08831400,0.20000000
2018-02-25 17:03:11,0.08838200,8.65900000
2018-02-25 17:03:11,0.08838400,0.65100000
2018-02-25 17:03:11,0.08838500,1.04500000
2018-02-25 17:03:11,0.08831300,0.05400000
2018-02-25 17:03:11,0.08831400,0.85300000
2018-02-25 17:03:11,0.08831300,1.25600000
2018-02-25 17:03:12,0.08826400,0.02000000
2018-02-25 17:03:12,0.08826400,0.18100000
2018-02-25 17:03:12,0.08826400,0.36100000
2018-02-25 17:03:12,0.08826400,0.02700000
2018-02-25 17:03:12,0.08826400,0.25900000
2018-02-25 17:03:12,0.08819200,0.20000000
2018-02-25 17:03:12,0.08819100,0.38800000
2018-02-25 17:03:12,0.08819100,0.02200000
2018-02-25 17:03:12,0.08819100,0.84700000
2018-02-25 17:03:12,0.08819100,0.01700000
2018-02-25 17:03:12,0.08819200,0.06100000
2018-02-25 17:03:12,0.08819200,0.01900000
2018-02-25 17:03:12,0.08819100,0.26900000
2018-02-25 17:03:12,0.08819100,0.30300000
2018-02-25 17:03:12,0.08819100,0.28500000
2018-02-25 17:03:12,0.08831200,0.10000000
2018-02-25 17:03:12,0.08831300,3.32300000
2018-02-25 17:03:12,0.08831400,0.52500000
2018-02-25 17:03:14,0.08830000,0.15100000
2018-02-25 17:03:14,0.08838600,0.08700000
2018-02-25 17:03:14,0.08838700,0.01300000
2018-02-25 17:03:14,0.08839200,0.10100000
2018-02-25 17:03:14,0.08839400,0.33300000
2018-02-25 17:03:14,0.08839600,0.08600000
2018-02-25 17:03:14,0.08839900,0.01700000
2018-02-25 17:03:14,0.08840000,4.21200000
2018-02-25 17:03:14,0.08821100,1.13100000
2018-02-25 17:03:14,0.08820600,0.71000000
2018-02-25 17:03:15,0.08820900,0.07200000
2018-02-25 17:03:15,0.08829400,1.13100000
2018-02-25 17:03:15,0.08820900,0.89100000
2018-02-25 17:03:15,0.08820900,2.02900000
2018-02-25 17:03:15,0.08820600,0.32100000
2018-02-25 17:03:15,0.08821000,0.02800000
2018-02-25 17:03:15,0.08829800,0.40000000
2018-02-25 17:03:16,0.08829800,0.63100000
2018-02-25 17:03:17,0.08828800,0.12300000
2018-02-25 17:03:17,0.08828900,0.27700000
2018-02-25 17:03:17,0.08821200,0.01900000
2018-02-25 17:03:17,0.08823800,0.10000000
2018-02-25 17:03:17,0.08823800,0.00100000
2018-02-25 17:03:17,0.08821200,0.00100000
2018-02-25 17:03:17,0.08821100,0.09800000
2018-02-25 17:03:17,0.08821200,0.02000000
2018-02-25 17:03:17,0.08821100,0.08000000
2018-02-25 17:03:17,0.08821100,0.10000000
2018-02-25 17:03:17,0.08821100,0.09000000
2018-02-25 17:03:17,0.08821100,0.07200000
2018-02-25 17:03:17,0.08821200,0.05000000
2018-02-25 17:03:17,0.08821100,0.35700000
2018-02-25 17:03:17,0.08828900,0.04600000
2018-02-25 17:03:18,0.08821300,0.23400000
2018-02-25 17:03:18,0.08828600,0.05600000
2018-02-25 17:03:19,0.08821000,0.04500000
2018-02-25 17:03:19,0.08828400,0.01400000
2018-02-25 17:03:19,0.08820900,0.08400000
2018-02-25 17:03:19,0.08828400,0.10900000
2018-02-25 17:03:19,0.08828500,0.00400000
2018-02-25 17:03:19,0.08828500,0.22500000
2018-02-25 17:03:20,0.08821000,0.12300000
2018-02-25 17:03:20,0.08820900,0.02800000
2018-02-25 17:03:20,0.08820900,0.07200000
2018-02-25 17:03:20,0.08828200,0.42500000
2018-02-25 17:03:20,0.08828200,4.51900000
2018-02-25 17:03:20,0.08828500,0.56800000
2018-02-25 17:03:20,0.08828600,0.01500000
2018-02-25 17:03:20,0.08828600,0.09300000
2018-02-25 17:03:20,0.08828600,0.48900000
2018-02-25 17:03:20,0.08828600,0.27200000
2018-02-25 17:03:20,0.08820900,0.27100000
2018-02-25 17:03:20,0.08820900,0.07200000
2018-02-25 17:03:20,0.08820900,0.08000000
2018-02-25 17:03:20,0.08820900,1.34600000
2018-02-25 17:03:21,0.08828300,0.21700000
2018-02-25 17:03:21,0.08828600,0.86900000
2018-02-25 17:03:21,0.08828900,0.41400000
2018-02-25 17:03:21,0.08828900,0.05900000
2018-02-25 17:03:21,0.08829900,0.49600000
2018-02-25 17:03:21,0.08840000,3.02800000
2018-02-25 17:03:21,0.08840100,0.25000000
2018-02-25 17:03:21,0.08841700,0.21200000
2018-02-25 17:03:21,0.08841900,0.01500000
2018-02-25 17:03:21,0.08842000,0.02000000
2018-02-25 17:03:21,0.08842900,0.49600000
2018-02-25 17:03:21,0.08843000,0.03000000
2018-02-25 17:03:21,0.08843100,0.11400000
2018-02-25 17:03:21,0.08843300,0.03500000
2018-02-25 17:03:21,0.08844000,0.04800000
2018-02-25 17:03:21,0.08844100,0.19700000
2018-02-25 17:03:21,0.08821000,2.69600000
2018-02-25 17:03:21,0.08821000,0.08400000
2018-02-25 17:03:22,0.08821500,0.22500000
2018-02-25 17:03:22,0.08821500,0.03500000
2018-02-25 17:03:22,0.08843800,0.11300000
2018-02-25 17:03:23,0.08822900,0.08700000
2018-02-25 17:03:23,0.08822900,0.59200000
2018-02-25 17:03:23,0.08822900,0.19000000
2018-02-25 17:03:23,0.08822900,0.00100000
2018-02-25 17:03:23,0.08822400,0.12500000
2018-02-25 17:03:23,0.08822500,0.36100000
2018-02-25 17:03:24,0.08823200,0.24900000
2018-02-25 17:03:24,0.08824300,0.01300000
2018-02-25 17:03:24,0.08824300,0.00200000
2018-02-25 17:03:24,0.08823400,0.01200000
2018-02-25 17:03:24,0.08823400,0.01300000
2018-02-25 17:03:25,0.08824000,0.09900000
2018-02-25 17:03:25,0.08824000,0.37100000
2018-02-25 17:03:25,0.08823400,0.09800000
2018-02-25 17:03:25,0.08823400,0.58900000
2018-02-25 17:03:25,0.08823400,0.07200000
2018-02-25 17:03:26,0.08839800,0.01500000
2018-02-25 17:03:26,0.08835400,1.06400000
2018-02-25 17:03:26,0.08823600,0.06000000
2018-02-25 17:03:26,0.08835000,0.24900000
2018-02-25 17:03:26,0.08835100,0.00100000
2018-02-25 17:03:26,0.08839200,1.11500000
2018-02-25 17:03:26,0.08839700,0.13500000
2018-02-25 17:03:27,0.08835000,0.35300000
2018-02-25 17:03:27,0.08839700,0.22600000
2018-02-25 17:03:27,0.08840000,0.47000000
2018-02-25 17:03:27,0.08840400,0.20000000
2018-02-25 17:03:27,0.08840900,1.25300000
2018-02-25 17:03:27,0.08841900,0.72500000
2018-02-25 17:03:27,0.08823700,0.05700000
2018-02-25 17:03:27,0.08840400,0.03000000
2018-02-25 17:03:27,0.08824200,0.35800000
2018-02-25 17:03:28,0.08824300,1.13600000
2018-02-25 17:03:28,0.08824300,0.11200000
2018-02-25 17:03:28,0.08824300,0.00700000
2018-02-25 17:03:28,0.08824000,0.09200000
2018-02-25 17:03:28,0.08834300,0.04600000
2018-02-25 17:03:28,0.08834300,0.11300000
2018-02-25 17:03:28,0.08824400,0.08300000
2018-02-25 17:03:28,0.08834300,0.19900000
2018-02-25 17:03:28,0.08834800,0.03700000
2018-02-25 17:03:28,0.08824500,0.03700000
2018-02-25 17:03:28,0.08824500,0.04600000
2018-02-25 17:03:29,0.08825000,0.35200000
2018-02-25 17:03:29,0.08834000,0.19300000
2018-02-25 17:03:29,0.08831000,0.01400000
2018-02-25 17:03:29,0.08831000,0.00100000
2018-02-25 17:03:29,0.08825100,0.01300000
2018-02-25 17:03:29,0.08825100,0.05000000
2018-02-25 17:03:29,0.08825100,0.01400000
2018-02-25 17:03:29,0.08825100,0.01300000
2018-02-25 17:03:29,0.08825100,0.01300000
2018-02-25 17:03:29,0.08825100,1.30300000
2018-02-25 17:03:30,0.08833900,0.03700000
2018-02-25 17:03:30,0.08834000,0.07600000
2018-02-25 17:03:30,0.08825100,0.57600000
2018-02-25 17:03:30,0.08825100,0.10000000
2018-02-25 17:03:30,0.08825100,0.01700000
2018-02-25 17:03:30,0.08825100,0.58000000
2018-02-25 17:03:30,0.08825100,3.41800000
2018-02-25 17:03:30,0.08825100,0.03300000
2018-02-25 17:03:30,0.08824000,0.18000000
2018-02-25 17:03:30,0.08823500,0.14800000
2018-02-25 17:03:30,0.08825200,0.77000000
2018-02-25 17:03:31,0.08825300,0.03600000
2018-02-25 17:03:31,0.08825300,0.00100000
2018-02-25 17:03:31,0.08825200,0.04900000
2018-02-25 17:03:31,0.08834000,0.21100000
2018-02-25 17:03:31,0.08834700,0.69900000
2018-02-25 17:03:31,0.08834800,1.36100000
2018-02-25 17:03:31,0.08834900,0.13900000
2018-02-25 17:03:31,0.08825300,0.02000000
2018-02-25 17:03:31,0.08825200,0.08000000
2018-02-25 17:03:31,0.08825400,0.08500000
2018-02-25 17:03:31,0.08825400,0.00100000
2018-02-25 17:03:31,0.08825300,0.02700000
2018-02-25 17:03:32,0.08825300,0.27800000
2018-02-25 17:03:32,0.08825300,0.25300000
2018-02-25 17:03:32,0.08825300,0.26300000
2018-02-25 17:03:32,0.08825300,0.05600000
2018-02-25 17:03:32,0.08825300,1.67100000
2018-02-25 17:03:32,0.08825300,1.00000000
2018-02-25 17:03:32,0.08825300,0.04800000
2018-02-25 17:03:32,0.08825300,1.69100000
2018-02-25 17:03:33,0.08825400,0.35500000
2018-02-25 17:03:33,0.08825300,2.20500000
2018-02-25 17:03:33,0.08825300,0.18900000
2018-02-25 17:03:33,0.08825300,0.61400000
2018-02-25 17:03:33,0.08824000,0.02000000
2018-02-25 17:03:33,0.08823800,0.08000000
2018-02-25 17:03:34,0.08834600,0.04700000
2018-02-25 17:03:34,0.08834700,0.05900000
2018-02-25 17:03:34,0.08837300,0.02000000
2018-02-25 17:03:34,0.08838200,0.18000000
2018-02-25 17:03:34,0.08840200,0.03600000
2018-02-25 17:03:34,0.08841700,0.03700000
2018-02-25 17:03:34,0.08841800,0.12400000
2018-02-25 17:03:34,0.08826100,0.22000000
2018-02-25 17:03:34,0.08826100,0.90800000
2018-02-25 17:03:34,0.08826100,0.01200000
2018-02-25 17:03:35,0.08826100,0.02400000
2018-02-25 17:03:35,0.08826100,0.00100000
2018-02-25 17:03:35,0.08825600,0.02300000
2018-02-25 17:03:36,0.08833200,0.36200000
2018-02-25 17:03:36,0.08833200,0.76600000
2018-02-25 17:03:36,0.08833600,0.03700000
2018-02-25 17:03:36,0.08833700,0.32400000
2018-02-25 17:03:36,0.08833700,0.21500000
2018-02-25 17:03:36,0.08834500,0.06700000
2018-02-25 17:03:36,0.08825900,0.04800000
2018-02-25 17:03:36,0.08825900,0.48200000
2018-02-25 17:03:36,0.08825900,0.02000000
2018-02-25 17:03:36,0.08825900,2.62600000
2018-02-25 17:03:37,0.08831000,0.01900000
2018-02-25 17:03:37,0.08826000,0.03600000
2018-02-25 17:03:37,0.08831000,0.00100000
2018-02-25 17:03:37,0.08834300,0.01800000
2018-02-25 17:03:37,0.08826100,0.01800000
2018-02-25 17:03:38,0.08833300,0.03600000
2018-02-25 17:03:38,0.08833400,0.24800000
2018-02-25 17:03:38,0.08833300,0.04600000
2018-02-25 17:03:39,0.08829000,0.20000000
2018-02-25 17:03:39,0.08829000,0.11200000
2018-02-25 17:03:39,0.08829000,0.01900000
2018-02-25 17:03:39,0.08829000,0.24900000
2018-02-25 17:03:39,0.08825700,0.03700000
2018-02-25 17:03:39,0.08825600,0.12400000
2018-02-25 17:03:39,0.08833200,0.01700000
2018-02-25 17:03:39,0.08825600,0.57800000
2018-02-25 17:03:39,0.08825600,0.57900000
2018-02-25 17:03:39,0.08825600,0.27700000
2018-02-25 17:03:40,0.08825700,0.01600000
2018-02-25 17:03:41,0.08825700,0.00100000
2018-02-25 17:03:41,0.08825600,0.00100000
2018-02-25 17:03:41,0.08828000,0.02200000
2018-02-25 17:03:41,0.08828000,0.04100000
2018-02-25 17:03:41,0.08828000,0.20600000
2018-02-25 17:03:41,0.08828000,0.03400000
2018-02-25 17:03:41,0.08828000,0.32100000
2018-02-25 17:03:42,0.08828000,0.08600000
2018-02-25 17:03:42,0.08828000,0.20400000
2018-02-25 17:03:42,0.08825600,0.08300000
2018-02-25 17:03:42,0.08832900,0.03500000
2018-02-25 17:03:42,0.08825600,0.02500000
2018-02-25 17:03:42,0.08825600,0.01300000
2018-02-25 17:03:43,0.08825600,0.06400000
2018-02-25 17:03:43,0.08825600,1.03500000
2018-02-25 17:03:43,0.08825600,0.02200000
2018-02-25 17:03:43,0.08825600,1.13500000
2018-02-25 17:03:43,0.08825600,0.05700000
2018-02-25 17:03:43,0.08825600,0.09500000
2018-02-25 17:03:43,0.08832800,0.02800000
2018-02-25 17:03:43,0.08832900,0.00100000
2018-02-25 17:03:43,0.08833200,0.03800000
2018-02-25 17:03:43,0.08833300,0.04900000
2018-02-25 17:03:45,0.08825700,0.03700000
2018-02-25 17:03:46,0.08833200,0.08500000
2018-02-25 17:03:46,0.08833300,3.31300000
2018-02-25 17:03:46,0.08833400,0.96200000
2018-02-25 17:03:46,0.08834500,0.53800000
2018-02-25 17:03:46,0.08834400,0.03700000
2018-02-25 17:03:46,0.08834500,1.52500000
2018-02-25 17:03:46,0.08837300,0.02000000
2018-02-25 17:03:46,0.08838200,0.09300000
2018-02-25 17:03:46,0.08838200,0.08700000
2018-02-25 17:03:46,0.08841900,0.02600000
2018-02-25 17:03:47,0.08825800,0.23500000
2018-02-25 17:03:47,0.08825800,0.02000000
2018-02-25 17:03:47,0.08825800,0.08500000
2018-02-25 17:03:47,0.08825900,0.17600000
2018-02-25 17:03:47,0.08825900,0.05000000
2018-02-25 17:03:48,0.08826100,0.15300000
2018-02-25 17:03:48,0.08826200,0.11300000
2018-02-25 17:03:48,0.08837900,0.22600000
2018-02-25 17:03:48,0.08839300,0.02000000
2018-02-25 17:03:48,0.08840000,0.03700000
2018-02-25 17:03:48,0.08840100,0.03000000
2018-02-25 17:03:48,0.08840200,0.08700000
2018-02-25 17:03:49,0.08826700,0.02900000
2018-02-25 17:03:49,0.08826700,0.16600000
2018-02-25 17:03:49,0.08826700,1.58300000
2018-02-25 17:03:50,0.08827100,0.19800000
2018-02-25 17:03:50,0.08839000,0.02300000
2018-02-25 17:03:50,0.08827100,0.10600000
2018-02-25 17:03:50,0.08827100,0.02000000
2018-02-25 17:03:50,0.08827100,0.59700000
2018-02-25 17:03:51,0.08827300,0.19300000
2018-02-25 17:03:51,0.08827300,0.02000000
2018-02-25 17:03:51,0.08827300,0.16200000
2018-02-25 17:03:51,0.08837300,0.11300000
2018-02-25 17:03:51,0.08827400,0.04600000
2018-02-25 17:03:52,0.08828000,0.47900000
2018-02-25 17:03:52,0.08828000,0.00100000
2018-02-25 17:03:52,0.08827400,0.47800000
2018-02-25 17:03:52,0.08836000,0.30000000
2018-02-25 17:03:53,0.08828100,0.27100000
2018-02-25 17:03:53,0.08828100,0.04000000
2018-02-25 17:03:53,0.08828100,0.76000000
2018-02-25 17:03:53,0.08828100,0.44400000
2018-02-25 17:03:54,0.08828100,0.06400000
2018-02-25 17:03:54,0.08834300,1.13100000
2018-02-25 17:03:54,0.08834300,0.53400000
2018-02-25 17:03:55,0.08828100,0.68500000
2018-02-25 17:03:55,0.08825900,0.03400000
2018-02-25 17:03:55,0.08825900,0.03400000
2018-02-25 17:03:55,0.08826100,0.03600000
2018-02-25 17:03:55,0.08826000,0.59100000
2018-02-25 17:03:56,0.08829800,0.04000000
2018-02-25 17:03:56,0.08835200,0.01800000
2018-02-25 17:03:56,0.08829800,0.12100000
2018-02-25 17:03:56,0.08829800,0.66000000
2018-02-25 17:03:56,0.08826000,0.01100000
2018-02-25 17:03:56,0.08826000,0.55300000
2018-02-25 17:03:56,0.08825900,0.24100000
2018-02-25 17:03:56,0.08825900,0.53900000
2018-02-25 17:03:56,0.08825900,0.05500000
2018-02-25 17:03:56,0.08835200,0.01800000
2018-02-25 17:03:56,0.08835300,0.18300000
2018-02-25 17:03:56,0.08825900,0.02300000
2018-02-25 17:03:56,0.08835000,0.18000000
2018-02-25 17:03:56,0.08835300,0.41800000
2018-02-25 17:03:56,0.08835400,0.93200000
2018-02-25 17:03:57,0.08835400,0.11400000
2018-02-25 17:03:57,0.08835400,0.34100000
2018-02-25 17:03:57,0.08835400,0.02200000
2018-02-25 17:03:57,0.08835400,0.45300000
2018-02-25 17:03:57,0.08835400,0.03900000
2018-02-25 17:03:57,0.08835400,0.02000000
2018-02-25 17:03:57,0.08835400,0.46100000
2018-02-25 17:03:57,0.08835400,0.48800000
2018-02-25 17:03:57,0.08826000,0.11500000
2018-02-25 17:03:57,0.08826000,0.00800000
2018-02-25 17:03:57,0.08825900,0.03600000
2018-02-25 17:03:57,0.08825900,0.33000000
2018-02-25 17:03:57,0.08825900,1.13300000
2018-02-25 17:03:57,0.08825900,1.10200000
2018-02-25 17:03:57,0.08825900,0.01600000
2018-02-25 17:03:57,0.08828500,1.22400000
2018-02-25 17:03:58,0.08828500,0.03600000
2018-02-25 17:03:58,0.08828500,0.11300000
2018-02-25 17:03:58,0.08835100,0.12300000
2018-02-25 17:03:58,0.08835300,0.55800000
2018-02-25 17:03:59,0.08835300,1.13100000
2018-02-25 17:03:59,0.08828600,0.12200000
2018-02-25 17:03:59,0.08828600,0.00100000
2018-02-25 17:03:59,0.08828500,0.12000000
2018-02-25 17:03:59,0.08828500,2.02000000
2018-02-25 17:03:59,0.08828500,0.01200000
2018-02-25 17:03:59,0.08835300,0.04600000
2018-02-25 17:03:59,0.08835200,0.12300000
2018-02-25 17:03:59,0.08835300,1.80800000
2018-02-25 17:03:59,0.08835400,2.13700000
2018-02-25 17:04:00,0.08835400,0.00100000
2018-02-25 17:04:00,0.08838300,0.05300000
2018-02-25 17:04:01,0.08828800,0.05800000
2018-02-25 17:04:01,0.08829000,0.03500000
2018-02-25 17:04:01,0.08829000,0.00100000
2018-02-25 17:04:01,0.08828800,0.03400000
2018-02-25 17:04:01,0.08828900,0.96600000
2018-02-25 17:04:01,0.08828900,0.19800000
2018-02-25 17:04:01,0.08828900,0.29500000
2018-02-25 17:04:01,0.08838000,0.02900000
2018-02-25 17:04:01,0.08829000,0.09500000
2018-02-25 17:04:02,0.08829000,0.02700000
2018-02-25 17:04:02,0.08829000,0.00100000
2018-02-25 17:04:02,0.08828900,0.02600000
2018-02-25 17:04:02,0.08828900,0.78200000
2018-02-25 17:04:02,0.08828900,1.57400000
2018-02-25 17:04:02,0.08828900,0.15900000
2018-02-25 17:04:02,0.08828800,0.85800000
2018-02-25 17:04:02,0.08828800,0.04600000
2018-02-25 17:04:03,0.08838000,0.00700000
2018-02-25 17:04:03,0.08841200,0.12300000
2018-02-25 17:04:03,0.08841300,4.06000000
2018-02-25 17:04:03,0.08841400,1.46500000
2018-02-25 17:04:03,0.08828900,0.41500000
2018-02-25 17:04:04,0.08829100,0.12200000
2018-02-25 17:04:04,0.08829100,0.00100000
2018-02-25 17:04:04,0.08829000,0.02700000
2018-02-25 17:04:04,0.08829000,0.12200000
2018-02-25 17:04:04,0.08829000,0.11800000
2018-02-25 17:04:04,0.08829000,0.11000000
2018-02-25 17:04:04,0.08829000,1.49900000
2018-02-25 17:04:04,0.08829100,0.93500000
2018-02-25 17:04:04,0.08829100,0.90500000
2018-02-25 17:04:04,0.08837900,0.09100000
2018-02-25 17:04:05,0.08826000,0.05200000
2018-02-25 17:04:06,0.08831800,0.05000000
2018-02-25 17:04:06,0.08829000,0.09800000
2018-02-25 17:04:06,0.08831800,0.00100000
2018-02-25 17:04:06,0.08837600,0.63900000
2018-02-25 17:04:07,0.08832700,0.09500000
2018-02-25 17:04:07,0.08832700,0.31600000
2018-02-25 17:04:07,0.08832700,0.04500000
2018-02-25 17:04:07,0.08832700,7.26200000
2018-02-25 17:04:07,0.08831800,0.04300000
2018-02-25 17:04:07,0.08831800,0.02200000
2018-02-25 17:04:07,0.08831800,0.52400000
2018-02-25 17:04:07,0.08829000,0.00100000
2018-02-25 17:04:07,0.08828700,0.02000000
2018-02-25 17:04:07,0.08828700,0.93800000
2018-02-25 17:04:08,0.08828300,1.13100000
2018-02-25 17:04:08,0.08828300,1.13200000
2018-02-25 17:04:08,0.08828300,0.16100000
2018-02-25 17:04:08,0.08828300,1.27800000
2018-02-25 17:04:08,0.08828300,0.07400000
2018-02-25 17:04:08,0.08828300,0.48100000
2018-02-25 17:04:09,0.08826300,0.33800000
2018-02-25 17:04:09,0.08837700,0.09300000
2018-02-25 17:04:09,0.08837700,0.17600000
2018-02-25 17:04:09,0.08826500,1.10300000
2018-02-25 17:04:10,0.08826500,1.29200000
2018-02-25 17:04:10,0.08837400,0.08600000
2018-02-25 17:04:10,0.08826500,0.03100000
2018-02-25 17:04:10,0.08826400,0.00400000
2018-02-25 17:04:10,0.08837300,0.03500000
2018-02-25 17:04:10,0.08832700,1.23500000
2018-02-25 17:04:10,0.08832700,0.00100000
2018-02-25 17:04:10,0.08827000,0.48000000
2018-02-25 17:04:10,0.08826700,0.27000000
2018-02-25 17:04:10,0.08826600,0.02000000
2018-02-25 17:04:10,0.08826500,0.07900000
2018-02-25 17:04:10,0.08826300,0.00100000
2018-02-25 17:04:10,0.08825800,0.38400000
2018-02-25 17:04:12,0.08826900,0.03500000
2018-02-25 17:04:12,0.08836800,0.06800000
2018-02-25 17:04:15,0.08826800,0.04300000
2018-02-25 17:04:15,0.08826800,0.00100000
2018-02-25 17:04:15,0.08825700,0.02000000
2018-02-25 17:04:15,0.08825900,0.03600000
2018-02-25 17:04:15,0.08825700,0.01300000
2018-02-25 17:04:15,0.08825700,0.14600000
2018-02-25 17:04:15,0.08834500,0.09900000
2018-02-25 17:04:15,0.08825700,0.18600000
2018-02-25 17:04:17,0.08825500,0.01800000
2018-02-25 17:04:18,0.08825500,0.68900000
2018-02-25 17:04:19,0.08825000,0.09100000
2018-02-25 17:04:19,0.08825200,0.00100000
2018-02-25 17:04:19,0.08834500,0.04800000
2018-02-25 17:04:19,0.08835300,0.12300000
2018-02-25 17:04:19,0.08835400,0.05700000
2018-02-25 17:04:20,0.08830000,0.03800000
2018-02-25 17:04:20,0.08830000,0.07400000
2018-02-25 17:04:20,0.08825000,0.03700000
2018-02-25 17:04:20,0.08825000,0.05100000
2018-02-25 17:04:20,0.08825000,0.00100000
2018-02-25 17:04:20,0.08825000,0.01600000
2018-02-25 17:04:20,0.08831800,0.04400000
2018-02-25 17:04:20,0.08831800,0.00100000
2018-02-25 17:04:20,0.08833800,1.05000000
2018-02-25 17:04:20,0.08835300,0.02000000
2018-02-25 17:04:20,0.08835400,2.27200000
2018-02-25 17:04:20,0.08835400,0.27700000
2018-02-25 17:04:21,0.08825100,0.14200000
2018-02-25 17:04:22,0.08831900,0.04600000
2018-02-25 17:04:22,0.08831900,0.07700000
2018-02-25 17:04:22,0.08832000,0.40300000
2018-02-25 17:04:22,0.08832000,0.07700000
2018-02-25 17:04:22,0.08825200,0.02100000
2018-02-25 17:04:23,0.08825200,0.02600000
2018-02-25 17:04:23,0.08831900,0.03500000
2018-02-25 17:04:23,0.08831900,0.00100000
2018-02-25 17:04:23,0.08825700,0.02300000
2018-02-25 17:04:23,0.08825300,0.01100000
2018-02-25 17:04:23,0.08825300,0.03500000
2018-02-25 17:04:24,0.08825700,0.06000000
2018-02-25 17:04:24,0.08825700,0.01500000
2018-02-25 17:04:24,0.08825300,0.02000000
2018-02-25 17:04:24,0.08825500,0.03700000
2018-02-25 17:04:24,0.08825300,0.01000000
2018-02-25 17:04:24,0.08825300,0.06300000
2018-02-25 17:04:25,0.08825000,0.04500000
2018-02-25 17:04:25,0.08825000,0.02100000
2018-02-25 17:04:26,0.08825300,0.00100000
2018-02-25 17:04:26,0.08825700,0.00100000
2018-02-25 17:04:27,0.08828700,0.02000000
2018-02-25 17:04:28,0.08828700,0.12800000
2018-02-25 17:04:28,0.08828700,0.23900000
2018-02-25 17:04:29,0.08828700,0.11800000
2018-02-25 17:04:29,0.08828700,0.18400000
2018-02-25 17:04:29,0.08827000,0.11700000
2018-02-25 17:04:29,0.08827000,0.18300000
2018-02-25 17:04:29,0.08827000,0.35600000
2018-02-25 17:04:29,0.08827000,0.02100000
2018-02-25 17:04:30,0.08827000,0.42700000
2018-02-25 17:04:30,0.08827000,0.02000000
2018-02-25 17:04:31,0.08827000,0.65900000
2018-02-25 17:04:31,0.08827000,2.34500000
2018-02-25 17:04:31,0.08827000,1.02600000
2018-02-25 17:04:31,0.08832000,0.80400000
2018-02-25 17:04:31,0.08832000,0.62800000
2018-02-25 17:04:31,0.08834900,0.14600000
2018-02-25 17:04:32,0.08827000,1.14400000
2018-02-25 17:04:32,0.08827000,0.24200000
2018-02-25 17:04:32,0.08827000,1.13500000
2018-02-25 17:04:32,0.08827000,1.50000000
2018-02-25 17:04:32,0.08834900,0.20100000
2018-02-25 17:04:33,0.08827100,0.02100000
2018-02-25 17:04:33,0.08827100,0.03500000
2018-02-25 17:04:33,0.08827100,0.00100000
2018-02-25 17:04:33,0.08827000,0.35500000
2018-02-25 17:04:34,0.08827000,0.03700000
2018-02-25 17:04:34,0.08827100,0.03000000
2018-02-25 17:04:34,0.08827100,0.00100000
2018-02-25 17:04:34,0.08834800,0.04900000
2018-02-25 17:04:34,0.08827000,0.52700000
2018-02-25 17:04:34,0.08827000,0.33700000
2018-02-25 17:04:34,0.08827100,0.02000000
2018-02-25 17:04:35,0.08827100,0.02800000
2018-02-25 17:04:35,0.08834800,0.01200000
2018-02-25 17:04:36,0.08827200,0.01200000
2018-02-25 17:04:36,0.08827200,0.00100000
2018-02-25 17:04:36,0.08827100,0.00100000
2018-02-25 17:04:36,0.08827000,0.01000000
2018-02-25 17:04:36,0.08827000,0.01200000
2018-02-25 17:04:36,0.08827000,0.07200000
2018-02-25 17:04:36,0.08834700,0.04800000
2018-02-25 17:04:36,0.08834800,0.49000000
2018-02-25 17:04:36,0.08834800,0.49900000
2018-02-25 17:04:36,0.08834800,0.00300000
2018-02-25 17:04:37,0.08834700,0.07600000
2018-02-25 17:04:37,0.08834800,1.20800000
2018-02-25 17:04:37,0.08834800,1.10000000
2018-02-25 17:04:37,0.08835000,0.06900000
2018-02-25 17:04:37,0.08835100,1.18700000
2018-02-25 17:04:37,0.08827200,0.04300000
2018-02-25 17:04:37,0.08827200,0.00400000
2018-02-25 17:04:37,0.08827100,0.01700000
2018-02-25 17:04:37,0.08835100,0.05400000
2018-02-25 17:04:37,0.08835200,1.25600000
2018-02-25 17:04:37,0.08835600,0.03600000
2018-02-25 17:04:37,0.08835700,0.02000000
2018-02-25 17:04:37,0.08836600,0.18000000
2018-02-25 17:04:37,0.08840000,0.28300000
2018-02-25 17:04:38,0.08827200,0.02200000
2018-02-25 17:04:38,0.08827200,0.07700000
2018-02-25 17:04:38,0.08827200,0.10500000
2018-02-25 17:04:38,0.08827200,0.07100000
2018-02-25 17:04:38,0.08834800,0.03400000
2018-02-25 17:04:38,0.08834800,0.06200000
2018-02-25 17:04:38,0.08834800,0.00100000
2018-02-25 17:04:38,0.08827400,0.03600000
2018-02-25 17:04:38,0.08827300,0.02500000
2018-02-25 17:04:38,0.08827300,0.06200000
2018-02-25 17:04:39,0.08827300,0.51800000
2018-02-25 17:04:39,0.08827300,0.12300000
2018-02-25 17:04:39,0.08827300,0.10900000
2018-02-25 17:04:40,0.08827300,0.08000000
2018-02-25 17:04:40,0.08833800,0.29200000
2018-02-25 17:04:40,0.08837700,3.30000000
2018-02-25 17:04:40,0.08837800,0.04700000
2018-02-25 17:04:40,0.08837900,0.72800000
2018-02-25 17:04:40,0.08838000,0.57000000
2018-02-25 17:04:40,0.08833000,0.04600000
2018-02-25 17:04:40,0.08833000,0.02000000
2018-02-25 17:04:40,0.08833000,0.02000000
2018-02-25 17:04:40,0.08838000,0.42400000
2018-02-25 17:04:40,0.08838100,0.43100000
2018-02-25 17:04:40,0.08833000,0.21400000
2018-02-25 17:04:40,0.08838000,0.01900000
2018-02-25 17:04:40,0.08833000,0.61300000
2018-02-25 17:04:40,0.08833000,0.00100000
2018-02-25 17:04:40,0.08827300,0.02000000
2018-02-25 17:04:40,0.08827100,0.04700000
2018-02-25 17:04:40,0.08827000,0.17100000
2018-02-25 17:04:40,0.08827300,0.02000000
2018-02-25 17:04:40,0.08827000,0.09900000
2018-02-25 17:04:40,0.08827000,0.61300000
2018-02-25 17:04:41,0.08833100,3.80900000
2018-02-25 17:04:41,0.08833100,0.41800000
2018-02-25 17:04:42,0.08833100,1.44100000
2018-02-25 17:04:42,0.08833100,0.02100000
2018-02-25 17:04:42,0.08833100,0.01400000
2018-02-25 17:04:42,0.08833100,0.09100000
2018-02-25 17:04:42,0.08833100,0.14000000
2018-02-25 17:04:42,0.08833100,0.04300000
2018-02-25 17:04:42,0.08833100,3.03400000
2018-02-25 17:04:42,0.08833100,0.09900000
2018-02-25 17:04:42,0.08833100,0.03800000
2018-02-25 17:04:42,0.08833100,0.15400000
2018-02-25 17:04:42,0.08833100,0.25400000
2018-02-25 17:04:42,0.08833100,0.02300000
2018-02-25 17:04:42,0.08833100,0.32100000
2018-02-25 17:04:42,0.08836000,0.01900000
2018-02-25 17:04:42,0.08833100,0.09100000
2018-02-25 17:04:42,0.08833100,0.01300000
2018-02-25 17:04:42,0.08833100,0.09100000
2018-02-25 17:04:42,0.08833100,0.44000000
2018-02-25 17:04:43,0.08833100,0.09100000
2018-02-25 17:04:43,0.08827200,0.02000000
2018-02-25 17:04:43,0.08827000,0.32000000
2018-02-25 17:04:43,0.08833200,0.61400000
2018-02-25 17:04:43,0.08833200,0.05600000
2018-02-25 17:04:43,0.08833200,0.03600000
2018-02-25 17:04:43,0.08833200,0.51100000
2018-02-25 17:04:44,0.08836000,0.05400000
2018-02-25 17:04:44,0.08837400,0.04700000
2018-02-25 17:04:44,0.08837500,0.05500000
2018-02-25 17:04:44,0.08833200,0.91400000
2018-02-25 17:04:44,0.08833200,0.49500000
2018-02-25 17:04:44,0.08833200,1.44100000
2018-02-25 17:04:44,0.08833200,1.12700000
2018-02-25 17:04:44,0.08833200,0.40300000
2018-02-25 17:04:44,0.08833200,0.35500000
2018-02-25 17:04:44,0.08833300,0.04700000
2018-02-25 17:04:44,0.08833200,0.09300000
2018-02-25 17:04:44,0.08833200,0.70300000
2018-02-25 17:04:44,0.08837400,0.15100000
2018-02-25 17:04:45,0.08833200,0.04500000
2018-02-25 17:04:45,0.08833200,0.04700000
2018-02-25 17:04:45,0.08827100,0.38600000
2018-02-25 17:04:46,0.08827100,0.00800000
2018-02-25 17:04:46,0.08827200,1.12000000
2018-02-25 17:04:47,0.08827200,0.13700000
2018-02-25 17:04:47,0.08827100,1.78400000
2018-02-25 17:04:47,0.08827100,2.44600000
2018-02-25 17:04:48,0.08827000,0.21400000
2018-02-25 17:04:48,0.08827000,0.13600000
2018-02-25 17:04:48,0.08827000,0.07500000
2018-02-25 17:04:48,0.08827000,0.28200000
2018-02-25 17:04:49,0.08827000,0.08900000
2018-02-25 17:04:49,0.08827000,0.12100000
2018-02-25 17:04:50,0.08827000,0.73000000
2018-02-25 17:04:50,0.08836400,0.04600000
2018-02-25 17:04:50,0.08827400,0.03600000
2018-02-25 17:04:50,0.08827000,0.97500000
2018-02-25 17:04:51,0.08827000,0.28200000
2018-02-25 17:04:51,0.08827000,0.20800000
2018-02-25 17:04:52,0.08827000,0.00500000
2018-02-25 17:04:52,0.08833200,0.24300000
2018-02-25 17:04:52,0.08833200,0.31100000
2018-02-25 17:04:52,0.08833200,0.42500000
2018-02-25 17:04:52,0.08833200,0.28300000
2018-02-25 17:04:53,0.08833200,0.05300000
2018-02-25 17:04:53,0.08833200,0.26000000
2018-02-25 17:04:53,0.08833200,0.28200000
2018-02-25 17:04:54,0.08835800,0.08500000
2018-02-25 17:04:54,0.08833200,0.04900000
2018-02-25 17:04:55,0.08830800,1.13100000
2018-02-25 17:04:55,0.08835700,0.04400000
2018-02-25 17:04:57,0.08830800,0.01000000
2018-02-25 17:04:57,0.08830800,0.45800000
2018-02-25 17:04:57,0.08830800,1.92700000
2018-02-25 17:04:58,0.08830900,0.89500000
2018-02-25 17:04:58,0.08827200,0.08500000
2018-02-25 17:04:58,0.08827100,0.23000000
2018-02-25 17:04:58,0.08827100,0.07900000
2018-02-25 17:04:59,0.08827100,0.41700000
2018-02-25 17:05:00,0.08830800,0.05300000
2018-02-25 17:05:01,0.08827100,0.79800000
2018-02-25 17:05:01,0.08827000,3.73600000
2018-02-25 17:05:01,0.08825200,0.42800000
2018-02-25 17:05:02,0.08825200,0.19900000
2018-02-25 17:05:02,0.08825200,0.31800000
2018-02-25 17:05:02,0.08830800,0.00100000
2018-02-25 17:05:02,0.08833200,0.14500000
2018-02-25 17:05:05,0.08831800,0.19100000
2018-02-25 17:05:05,0.08833900,0.06300000
2018-02-25 17:05:05,0.08833200,0.05400000
2018-02-25 17:05:05,0.08833200,0.19800000
2018-02-25 17:05:06,0.08833200,1.19100000
2018-02-25 17:05:06,0.08827100,0.22800000
2018-02-25 17:05:06,0.08827100,0.00800000
2018-02-25 17:05:06,0.08832900,0.00200000
2018-02-25 17:05:06,0.08833900,0.07200000
2018-02-25 17:05:06,0.08833900,0.07100000
2018-02-25 17:05:06,0.08833900,0.08500000
2018-02-25 17:05:06,0.08827100,0.07000000
2018-02-25 17:05:06,0.08827100,0.00100000
2018-02-25 17:05:06,0.08825200,0.00100000
2018-02-25 17:05:06,0.08825100,0.06300000
2018-02-25 17:05:06,0.08825000,0.14300000
2018-02-25 17:05:06,0.08825000,0.01600000
2018-02-25 17:05:07,0.08825100,0.05900000
2018-02-25 17:05:07,0.08825100,0.00100000
2018-02-25 17:05:07,0.08825000,0.13300000
2018-02-25 17:05:07,0.08825000,0.00500000
2018-02-25 17:05:08,0.08825000,1.13300000
2018-02-25 17:05:08,0.08833800,0.06200000
2018-02-25 17:05:08,0.08825000,0.48400000
2018-02-25 17:05:08,0.08825100,0.06200000
2018-02-25 17:05:09,0.08827000,0.01900000
2018-02-25 17:05:09,0.08828800,0.50500000
2018-02-25 17:05:09,0.08828800,0.11300000
2018-02-25 17:05:10,0.08833800,0.04800000
2018-02-25 17:05:10,0.08828800,0.05000000
2018-02-25 17:05:10,0.08828800,0.01300000
2018-02-25 17:05:10,0.08828800,0.04800000
2018-02-25 17:05:11,0.08828800,0.17000000
2018-02-25 17:05:11,0.08833800,0.06200000
2018-02-25 17:05:11,0.08833800,0.01300000
2018-02-25 17:05:11,0.08833900,3.47200000
2018-02-25 17:05:11,0.08834000,0.08200000
2018-02-25 17:05:11,0.08834900,1.25700000
2018-02-25 17:05:11,0.08835000,0.02000000
2018-02-25 17:05:11,0.08835700,1.07300000
2018-02-25 17:05:12,0.08835000,0.01900000
2018-02-25 17:05:12,0.08828900,0.12300000
2018-02-25 17:05:12,0.08828800,0.02900000
2018-02-25 17:05:12,0.08828800,0.00100000
2018-02-25 17:05:13,0.08835700,0.12600000
2018-02-25 17:05:14,0.08828800,0.14100000
2018-02-25 17:05:16,0.08828800,0.32700000
2018-02-25 17:05:18,0.08828800,0.03300000
2018-02-25 17:05:18,0.08828800,0.13800000
2018-02-25 17:05:19,0.08827000,0.01200000
2018-02-25 17:05:19,0.08827000,0.03000000
2018-02-25 17:05:20,0.08835200,0.08100000
2018-02-25 17:05:20,0.08835200,0.04100000
2018-02-25 17:05:21,0.08827100,0.01800000
2018-02-25 17:05:22,0.08827200,0.02200000
2018-02-25 17:05:22,0.08835100,0.01800000
2018-02-25 17:05:23,0.08834900,0.02300000
2018-02-25 17:05:23,0.08835000,0.47700000
2018-02-25 17:05:24,0.08834900,0.01700000
2018-02-25 17:05:24,0.08830000,0.11100000
2018-02-25 17:05:25,0.08830100,0.02100000
2018-02-25 17:05:25,0.08830100,0.10100000
2018-02-25 17:05:25,0.08830000,0.04900000
2018-02-25 17:05:26,0.08834900,0.12200000
2018-02-25 17:05:26,0.08834900,0.00100000
2018-02-25 17:05:26,0.08835000,0.12100000
2018-02-25 17:05:26,0.08835000,0.33900000
2018-02-25 17:05:26,0.08835000,0.05700000
2018-02-25 17:05:27,0.08830100,0.02700000
2018-02-25 17:05:27,0.08833200,0.02300000
2018-02-25 17:05:27,0.08835000,0.05800000
2018-02-25 17:05:27,0.08835000,0.02200000
2018-02-25 17:05:27,0.08830100,0.09500000
2018-02-25 17:05:27,0.08835000,0.06100000
2018-02-25 17:05:29,0.08830100,0.00100000
2018-02-25 17:05:29,0.08830000,0.05000000
2018-02-25 17:05:29,0.08830100,0.07700000
2018-02-25 17:05:30,0.08835000,0.00800000
2018-02-25 17:05:30,0.08830100,0.00100000
2018-02-25 17:05:31,0.08834900,0.09100000
2018-02-25 17:05:31,0.08834900,0.03100000
2018-02-25 17:05:33,0.08830200,0.01400000
2018-02-25 17:05:33,0.08830200,0.01400000
2018-02-25 17:05:33,0.08830200,0.09400000
2018-02-25 17:05:33,0.08834900,0.01500000
2018-02-25 17:05:35,0.08830200,0.01500000
2018-02-25 17:05:35,0.08830100,0.09800000
2018-02-25 17:05:35,0.08830100,0.01600000
2018-02-25 17:05:37,0.08830100,0.18600000
2018-02-25 17:05:37,0.08830100,0.07000000
2018-02-25 17:05:38,0.08834900,0.10700000
2018-02-25 17:05:38,0.08834900,0.00100000
2018-02-25 17:05:38,0.08835000,0.11200000
2018-02-25 17:05:40,0.08830200,0.10700000
2018-02-25 17:05:40,0.08834900,0.01500000
2018-02-25 17:05:40,0.08834900,0.85200000
2018-02-25 17:05:41,0.08834900,0.23200000
2018-02-25 17:05:41,0.08834900,0.01400000
2018-02-25 17:05:41,0.08834900,0.10000000
2018-02-25 17:05:41,0.08834900,0.03300000
2018-02-25 17:05:41,0.08834900,1.12300000
2018-02-25 17:05:41,0.08834900,0.07500000
2018-02-25 17:05:41,0.08830200,0.00100000
2018-02-25 17:05:41,0.08830100,1.05800000
2018-02-25 17:05:41,0.08830100,0.18400000
2018-02-25 17:05:41,0.08830100,0.22200000
2018-02-25 17:05:41,0.08830100,0.07300000
2018-02-25 17:05:41,0.08830200,0.60200000
2018-02-25 17:05:41,0.08830200,0.02100000
2018-02-25 17:05:42,0.08835000,0.00100000
2018-02-25 17:05:42,0.08830300,0.01500000
2018-02-25 17:05:42,0.08830200,0.05000000
2018-02-25 17:05:43,0.08834900,0.10700000
2018-02-25 17:05:43,0.08830200,0.28500000
2018-02-25 17:05:44,0.08834900,0.01400000
2018-02-25 17:05:46,0.08830300,0.10700000
2018-02-25 17:05:48,0.08830300,0.01300000
2018-02-25 17:05:50,0.08830300,0.26700000
2018-02-25 17:05:53,0.08835000,0.02900000
2018-02-25 17:05:54,0.08830300,0.00100000
2018-02-25 17:05:54,0.08830300,0.03800000
2018-02-25 17:05:54,0.08835000,0.08200000
2018-02-25 17:05:54,0.08835000,0.14800000
2018-02-25 17:05:54,0.08835000,0.11200000
2018-02-25 17:05:54,0.08835000,0.31200000
2018-02-25 17:05:54,0.08835700,0.25900000
2018-02-25 17:05:54,0.08830300,0.11500000
2018-02-25 17:05:54,0.08830300,0.43500000
2018-02-25 17:05:55,0.08830300,0.00300000
2018-02-25 17:05:55,0.08830200,0.29700000
2018-02-25 17:05:55,0.08830300,0.01900000
2018-02-25 17:05:56,0.08835700,0.24100000
2018-02-25 17:05:57,0.08830300,0.00100000
2018-02-25 17:05:57,0.08830200,0.11500000
2018-02-25 17:05:57,0.08830200,0.07900000
2018-02-25 17:05:57,0.08830200,0.43000000
2018-02-25 17:05:58,0.08830200,0.25300000
2018-02-25 17:05:58,0.08830200,0.20200000
2018-02-25 17:05:59,0.08830200,0.03200000
2018-02-25 17:05:59,0.08834900,0.36800000
2018-02-25 17:06:02,0.08835700,0.11300000
2018-02-25 17:06:04,0.08835700,0.02900000
2018-02-25 17:06:04,0.08834900,0.00100000
2018-02-25 17:06:04,0.08830300,0.13700000
2018-02-25 17:06:05,0.08835700,0.01600000
2018-02-25 17:06:05,0.08830300,0.10000000
2018-02-25 17:06:06,0.08830300,0.33300000
2018-02-25 17:06:07,0.08830300,0.17900000
2018-02-25 17:06:07,0.08830300,1.00000000
2018-02-25 17:06:08,0.08835700,0.00100000
2018-02-25 17:06:08,0.08836500,0.03600000
2018-02-25 17:06:08,0.08838900,0.07600000
2018-02-25 17:06:08,0.08834900,0.06300000
2018-02-25 17:06:09,0.08838900,0.04600000
2018-02-25 17:06:09,0.08834900,0.00100000
2018-02-25 17:06:10,0.08834900,0.08900000
2018-02-25 17:06:10,0.08834900,0.35200000
2018-02-25 17:06:10,0.08830600,0.02500000
2018-02-25 17:06:11,0.08834900,0.01400000
2018-02-25 17:06:11,0.08834900,0.00100000
2018-02-25 17:06:11,0.08830600,0.01300000
2018-02-25 17:06:11,0.08830600,0.01400000
2018-02-25 17:06:11,0.08830600,0.01400000
2018-02-25 17:06:12,0.08830700,0.01600000
2018-02-25 17:06:12,0.08830700,0.03900000
2018-02-25 17:06:13,0.08830900,0.15400000
2018-02-25 17:06:15,0.08830700,0.47300000
2018-02-25 17:06:15,0.08834000,0.13100000
2018-02-25 17:06:16,0.08834000,0.09700000
2018-02-25 17:06:18,0.08834000,0.12700000
2018-02-25 17:06:19,0.08834000,0.20300000
2018-02-25 17:06:20,0.08831000,0.03700000
2018-02-25 17:06:21,0.08830900,0.24500000
2018-02-25 17:06:21,0.08830900,0.05700000
2018-02-25 17:06:23,0.08830900,0.10300000
2018-02-25 17:06:23,0.08831000,0.00800000
2018-02-25 17:06:23,0.08834000,0.03200000
2018-02-25 17:06:24,0.08830900,1.13200000
2018-02-25 17:06:24,0.08830900,1.36100000
2018-02-25 17:06:24,0.08834000,0.18400000
2018-02-25 17:06:24,0.08838800,0.06700000
2018-02-25 17:06:24,0.08838900,0.04000000
2018-02-25 17:06:24,0.08839000,0.07600000
2018-02-25 17:06:24,0.08830900,0.66100000
2018-02-25 17:06:24,0.08831000,0.06700000
2018-02-25 17:06:24,0.08830900,0.02500000
2018-02-25 17:06:25,0.08831000,0.03800000
2018-02-25 17:06:25,0.08831000,0.01000000
2018-02-25 17:06:25,0.08839000,0.03700000
2018-02-25 17:06:25,0.08830900,0.25100000
2018-02-25 17:06:25,0.08830900,1.13200000
2018-02-25 17:06:25,0.08839000,0.04700000
2018-02-25 17:06:25,0.08830900,0.48400000
2018-02-25 17:06:25,0.08830900,0.00900000
2018-02-25 17:06:25,0.08830700,0.02500000
2018-02-25 17:06:26,0.08830700,0.07300000
2018-02-25 17:06:27,0.08830700,0.06300000
2018-02-25 17:06:27,0.08830700,0.04300000
2018-02-25 17:06:27,0.08830300,0.06200000
2018-02-25 17:06:33,0.08830200,0.02400000
2018-02-25 17:06:33,0.08830200,0.01900000
2018-02-25 17:06:33,0.08830200,0.01000000
2018-02-25 17:06:33,0.08830200,0.02500000
2018-02-25 17:06:34,0.08830200,0.00100000
2018-02-25 17:06:34,0.08830200,0.04500000
2018-02-25 17:06:34,0.08830200,0.03500000
2018-02-25 17:06:34,0.08830200,2.44800000
2018-02-25 17:06:36,0.08830200,0.13600000
2018-02-25 17:06:36,0.08830200,0.11600000
2018-02-25 17:06:36,0.08830200,0.02700000
2018-02-25 17:06:36,0.08830200,1.45600000
2018-02-25 17:06:38,0.08830200,0.07000000
2018-02-25 17:06:38,0.08830200,0.18700000
2018-02-25 17:06:38,0.08830200,0.03500000
2018-02-25 17:06:38,0.08830200,0.10000000
2018-02-25 17:06:38,0.08830200,0.13700000
2018-02-25 17:06:39,0.08838900,0.76900000
2018-02-25 17:06:39,0.08838800,0.01900000
2018-02-25 17:06:40,0.08831000,0.02500000
2018-02-25 17:06:40,0.08838800,0.12300000
2018-02-25 17:06:40,0.08838800,0.01700000
2018-02-25 17:06:43,0.08838800,0.00400000
2018-02-25 17:06:43,0.08838900,0.02300000
2018-02-25 17:06:43,0.08831000,0.00100000
2018-02-25 17:06:43,0.08830500,0.05900000
2018-02-25 17:06:44,0.08830600,0.12200000
2018-02-25 17:06:44,0.08838800,0.01600000
2018-02-25 17:06:44,0.08838900,0.09200000
2018-02-25 17:06:44,0.08838900,0.02700000
2018-02-25 17:06:46,0.08830600,0.00100000
2018-02-25 17:06:46,0.08830500,0.11700000
2018-02-25 17:06:46,0.08830500,0.50200000
2018-02-25 17:06:47,0.08838700,0.09200000
2018-02-25 17:06:47,0.08838700,0.03000000
2018-02-25 17:06:48,0.08838700,0.01600000
2018-02-25 17:06:49,0.08838700,0.06800000
2018-02-25 17:06:49,0.08838700,0.12900000
2018-02-25 17:06:49,0.08838700,0.51700000
2018-02-25 17:06:49,0.08830500,0.00100000
2018-02-25 17:06:49,0.08830300,0.12200000
2018-02-25 17:06:49,0.08830200,0.16800000
2018-02-25 17:06:49,0.08830200,0.81400000
2018-02-25 17:06:50,0.08830200,0.05400000
2018-02-25 17:06:50,0.08830200,0.05700000
2018-02-25 17:06:50,0.08830200,0.74100000
2018-02-25 17:06:50,0.08830200,0.17000000
2018-02-25 17:06:50,0.08830200,0.02200000
2018-02-25 17:06:50,0.08838700,0.09900000
2018-02-25 17:06:51,0.08830900,0.53700000
2018-02-25 17:06:51,0.08830300,0.10000000
2018-02-25 17:06:51,0.08830200,0.10900000
2018-02-25 17:06:51,0.08830200,0.53600000
2018-02-25 17:06:51,0.08838700,0.01100000
2018-02-25 17:06:52,0.08838600,0.10000000
2018-02-25 17:06:52,0.08838700,2.85700000
2018-02-25 17:06:52,0.08830200,0.06000000
2018-02-25 17:06:52,0.08830200,1.04200000
2018-02-25 17:06:52,0.08830300,0.12200000
2018-02-25 17:06:53,0.08830300,0.00100000
2018-02-25 17:06:53,0.08830200,0.04500000
2018-02-25 17:06:53,0.08830200,0.08900000
2018-02-25 17:06:53,0.08830200,1.63300000
2018-02-25 17:06:53,0.08838800,0.09200000
2018-02-25 17:06:53,0.08838700,0.09200000
2018-02-25 17:06:54,0.08838700,0.02500000
2018-02-25 17:06:54,0.08830300,0.00700000
2018-02-25 17:06:54,0.08830400,0.06300000
2018-02-25 17:06:55,0.08830500,0.05400000
2018-02-25 17:06:55,0.08830400,0.00900000
2018-02-25 17:06:58,0.08830400,0.02600000
2018-02-25 17:06:58,0.08834000,0.09200000
2018-02-25 17:06:58,0.08834000,0.09200000
2018-02-25 17:06:59,0.08834000,0.09200000
2018-02-25 17:06:59,0.08834000,0.09200000
2018-02-25 17:06:59,0.08834000,0.09200000
2018-02-25 17:06:59,0.08834000,0.06200000
2018-02-25 17:07:00,0.08834000,0.01500000
2018-02-25 17:07:00,0.08834000,0.08300000
2018-02-25 17:07:01,0.08834000,0.00100000
2018-02-25 17:07:01,0.08830400,0.01900000
2018-02-25 17:07:01,0.08830300,0.01900000
2018-02-25 17:07:01,0.08830200,0.01100000
2018-02-25 17:07:01,0.08830200,0.05000000
2018-02-25 17:07:01,0.08836100,0.05000000
2018-02-25 17:07:01,0.08830200,0.42300000
2018-02-25 17:07:01,0.08830200,0.12600000
2018-02-25 17:07:01,0.08836100,0.01400000
2018-02-25 17:07:02,0.08830200,0.40400000
2018-02-25 17:07:02,0.08830200,0.00100000
2018-02-25 17:07:02,0.08830000,0.30700000
2018-02-25 17:07:02,0.08830000,0.31400000
2018-02-25 17:07:02,0.08830000,0.54400000
2018-02-25 17:07:02,0.08830000,0.09900000
2018-02-25 17:07:02,0.08827300,0.52100000
2018-02-25 17:07:03,0.08831100,0.80300000
2018-02-25 17:07:03,0.08831100,0.12200000
2018-02-25 17:07:03,0.08831100,0.05400000
2018-02-25 17:07:03,0.08831100,0.36400000
2018-02-25 17:07:04,0.08831100,0.10000000
2018-02-25 17:07:04,0.08831100,0.44400000
2018-02-25 17:07:04,0.08831100,0.32200000
2018-02-25 17:07:08,0.08831100,0.00100000
2018-02-25 17:07:08,0.08827300,0.20100000
2018-02-25 17:07:09,0.08827300,0.27000000
2018-02-25 17:07:09,0.08827400,0.01700000
2018-02-25 17:07:09,0.08836100,0.00400000
2018-02-25 17:07:09,0.08836100,0.21400000
2018-02-25 17:07:10,0.08836100,0.38300000
2018-02-25 17:07:10,0.08836100,0.00200000
2018-02-25 17:07:10,0.08827400,0.00300000
2018-02-25 17:07:10,0.08827300,0.01400000
2018-02-25 17:07:10,0.08827300,0.38400000
2018-02-25 17:07:10,0.08827300,0.05400000
2018-02-25 17:07:10,0.08827300,0.11500000
2018-02-25 17:07:10,0.08827300,0.29800000
2018-02-25 17:07:10,0.08827400,0.02000000
2018-02-25 17:07:10,0.08827300,0.28500000
2018-02-25 17:07:10,0.08827300,0.28500000
2018-02-25 17:07:10,0.08827000,0.01600000
2018-02-25 17:07:10,0.08827400,0.01700000
2018-02-25 17:07:10,0.08838600,0.09100000
2018-02-25 17:07:10,0.08838500,0.09200000
2018-02-25 17:07:10,0.08838400,0.06300000
2018-02-25 17:07:10,0.08838500,0.02900000
2018-02-25 17:07:10,0.08838500,2.25700000
2018-02-25 17:07:11,0.08838400,0.09200000
2018-02-25 17:07:11,0.08828000,0.18100000
2018-02-25 17:07:11,0.08838400,0.09200000
2018-02-25 17:07:11,0.08838300,0.05000000
2018-02-25 17:07:11,0.08838400,2.45000000
2018-02-25 17:07:11,0.08838300,0.10000000
2018-02-25 17:07:11,0.08838400,5.17700000
2018-02-25 17:07:11,0.08838300,0.15000000
2018-02-25 17:07:11,0.08838400,0.20300000
2018-02-25 17:07:11,0.08838500,1.65200000
2018-02-25 17:07:11,0.08838600,0.07300000
2018-02-25 17:07:11,0.08838700,0.03000000
2018-02-25 17:07:11,0.08838700,0.02000000
2018-02-25 17:07:11,0.08838700,0.03000000
2018-02-25 17:07:11,0.08838700,0.02000000
2018-02-25 17:07:11,0.08838700,0.08000000
2018-02-25 17:07:11,0.08828100,0.01900000
2018-02-25 17:07:11,0.08828100,0.18000000
2018-02-25 17:07:11,0.08828100,0.15000000
2018-02-25 17:07:11,0.08838300,0.09200000
2018-02-25 17:07:11,0.08828100,0.90900000
2018-02-25 17:07:11,0.08828000,0.02600000
2018-02-25 17:07:12,0.08828400,1.28100000
2018-02-25 17:07:12,0.08828400,0.02200000
2018-02-25 17:07:12,0.08838300,0.04000000
2018-02-25 17:07:12,0.08828500,4.20000000
2018-02-25 17:07:13,0.08829100,0.01500000
2018-02-25 17:07:13,0.08838000,0.01600000
2018-02-25 17:07:13,0.08838000,0.09200000
2018-02-25 17:07:13,0.08838000,0.07400000
2018-02-25 17:07:14,0.08838000,0.01400000
2018-02-25 17:07:14,0.08838000,0.00400000
2018-02-25 17:07:14,0.08838300,0.02000000
2018-02-25 17:07:14,0.08838700,0.01500000
2018-02-25 17:07:14,0.08838800,0.66200000
2018-02-25 17:07:14,0.08838900,0.10000000
2018-02-25 17:07:14,0.08839000,1.87400000
2018-02-25 17:07:15,0.08829100,0.02000000
2018-02-25 17:07:15,0.08828700,0.12300000
2018-02-25 17:07:15,0.08828600,0.04400000
2018-02-25 17:07:16,0.08837800,0.12300000
2018-02-25 17:07:16,0.08837900,1.27800000
2018-02-25 17:07:16,0.08839000,2.09300000
2018-02-25 17:07:16,0.08838500,0.01600000
2018-02-25 17:07:17,0.08829100,0.35800000
2018-02-25 17:07:17,0.08829100,0.19900000
2018-02-25 17:07:17,0.08833500,0.01900000
2018-02-25 17:07:17,0.08833500,1.00900000
2018-02-25 17:07:17,0.08833500,0.01700000
2018-02-25 17:07:17,0.08829300,0.12300000
2018-02-25 17:07:17,0.08829200,0.02000000
2018-02-25 17:07:17,0.08829100,0.86500000
2018-02-25 17:07:17,0.08829200,0.02000000
2018-02-25 17:07:17,0.08829100,0.00800000
2018-02-25 17:07:17,0.08838600,0.01600000
2018-02-25 17:07:17,0.08829200,0.02000000
2018-02-25 17:07:17,0.08829100,0.16000000
2018-02-25 17:07:17,0.08829200,0.02000000
2018-02-25 17:07:17,0.08828600,0.10800000
2018-02-25 17:07:18,0.08829200,0.02000000
2018-02-25 17:07:18,0.08828600,0.02600000
2018-02-25 17:07:18,0.08828600,0.04700000
2018-02-25 17:07:18,0.08828600,0.02600000
2018-02-25 17:07:19,0.08828800,0.15200000
2018-02-25 17:07:20,0.08831100,0.05400000
2018-02-25 17:07:20,0.08831100,0.20700000
2018-02-25 17:07:20,0.08838200,0.03400000
2018-02-25 17:07:20,0.08831100,0.11700000
2018-02-25 17:07:20,0.08831100,0.15100000
2018-02-25 17:07:20,0.08829000,0.03600000
2018-02-25 17:07:20,0.08828800,0.08000000
2018-02-25 17:07:20,0.08828800,0.00400000
2018-02-25 17:07:20,0.08828100,0.03000000
2018-02-25 17:07:20,0.08827000,0.01200000
2018-02-25 17:07:20,0.08826200,0.07400000
2018-02-25 17:07:21,0.08838000,0.40500000
2018-02-25 17:07:22,0.08828200,0.12400000
2018-02-25 17:07:22,0.08837800,0.09200000
2018-02-25 17:07:22,0.08837700,0.09200000
2018-02-25 17:07:22,0.08837700,0.09200000
2018-02-25 17:07:23,0.08837700,0.09200000
2018-02-25 17:07:23,0.08837700,0.09200000
2018-02-25 17:07:23,0.08828300,0.25300000
2018-02-25 17:07:23,0.08837400,0.02000000
2018-02-25 17:07:23,0.08837500,2.86400000
2018-02-25 17:07:23,0.08828400,0.22400000
2018-02-25 17:07:24,0.08834700,0.06800000
2018-02-25 17:07:24,0.08837300,0.05400000
2018-02-25 17:07:24,0.08837300,0.06800000
2018-02-25 17:07:24,0.08828700,0.04600000
2018-02-25 17:07:24,0.08828700,0.05700000
2018-02-25 17:07:24,0.08828700,0.33900000
2018-02-25 17:07:24,0.08837300,0.00100000
2018-02-25 17:07:24,0.08837400,0.25100000
2018-02-25 17:07:24,0.08837500,0.02400000
2018-02-25 17:07:24,0.08837600,0.08400000
2018-02-25 17:07:24,0.08837700,0.44200000
2018-02-25 17:07:24,0.08837700,0.95000000
2018-02-25 17:07:24,0.08837800,0.02000000
2018-02-25 17:07:24,0.08838200,0.03600000
2018-02-25 17:07:24,0.08838500,0.02000000
2018-02-25 17:07:24,0.08838500,0.02000000
2018-02-25 17:07:24,0.08838500,0.02000000
2018-02-25 17:07:24,0.08838500,0.02000000
2018-02-25 17:07:24,0.08838500,0.02000000
2018-02-25 17:07:24,0.08838500,0.02000000
2018-02-25 17:07:24,0.08838500,0.02000000
2018-02-25 17:07:24,0.08838500,3.12600000
2018-02-25 17:07:24,0.08838500,0.10900000
2018-02-25 17:07:24,0.08838500,0.34400000
2018-02-25 17:07:24,0.08838500,0.00900000
2018-02-25 17:07:24,0.08838500,0.04800000
2018-02-25 17:07:24,0.08838500,0.99900000
2018-02-25 17:07:25,0.08838500,2.68000000
2018-02-25 17:07:25,0.08838500,0.00100000
2018-02-25 17:07:25,0.08828900,0.12300000
2018-02-25 17:07:25,0.08828800,0.02000000
2018-02-25 17:07:25,0.08828700,0.07400000
2018-02-25 17:07:25,0.08828700,0.01400000
2018-02-25 17:07:25,0.08828700,1.13000000
2018-02-25 17:07:25,0.08828700,0.76900000
2018-02-25 17:07:25,0.08828700,0.08300000
2018-02-25 17:07:25,0.08828700,0.34800000
2018-02-25 17:07:25,0.08828700,2.11600000
2018-02-25 17:07:25,0.08827700,0.03600000
2018-02-25 17:07:25,0.08827600,0.52700000
2018-02-25 17:07:25,0.08827600,0.14700000
2018-02-25 17:07:25,0.08827600,0.01300000
2018-02-25 17:07:25,0.08827600,0.19200000
2018-02-25 17:07:25,0.08827600,0.10800000
2018-02-25 17:07:25,0.08837600,0.03500000
2018-02-25 17:07:26,0.08829000,0.26400000
2018-02-25 17:07:26,0.08837400,0.11300000
2018-02-25 17:07:26,0.08837400,0.01000000
2018-02-25 17:07:26,0.08837500,0.20400000
2018-02-25 17:07:26,0.08837500,5.24000000
2018-02-25 17:07:26,0.08837500,0.26700000
2018-02-25 17:07:26,0.08837500,0.82200000
2018-02-25 17:07:26,0.08837500,3.17400000
2018-02-25 17:07:26,0.08837600,0.00100000
2018-02-25 17:07:26,0.08837600,0.12100000
2018-02-25 17:07:26,0.08837600,0.00100000
2018-02-25 17:07:26,0.08837500,0.14900000
2018-02-25 17:07:27,0.08837500,0.15000000
2018-02-25 17:07:27,0.08837500,0.21400000
2018-02-25 17:07:27,0.08837500,0.21300000
2018-02-25 17:07:27,0.08837500,0.92200000
2018-02-25 17:07:27,0.08837500,0.45500000
2018-02-25 17:07:27,0.08837500,0.88600000
2018-02-25 17:07:27,0.08837500,0.10900000
2018-02-25 17:07:27,0.08837500,0.27000000
2018-02-25 17:07:27,0.08837500,0.14300000
2018-02-25 17:07:27,0.08837500,0.08700000
2018-02-25 17:07:28,0.08838500,0.25000000
2018-02-25 17:07:28,0.08838700,0.55000000
2018-02-25 17:07:28,0.08837500,1.13100000
2018-02-25 17:07:28,0.08837500,0.14000000
2018-02-25 17:07:28,0.08837500,1.19700000
2018-02-25 17:07:28,0.08837500,0.23800000
2018-02-25 17:07:28,0.08837500,0.10800000
2018-02-25 17:07:28,0.08837500,0.04500000
2018-02-25 17:07:28,0.08837500,0.29900000
2018-02-25 17:07:29,0.08837500,0.21400000
2018-02-25 17:07:29,0.08838700,0.18300000
2018-02-25 17:07:29,0.08838700,0.19900000
2018-02-25 17:07:29,0.08837500,0.21400000
2018-02-25 17:07:29,0.08838700,0.46900000
2018-02-25 17:07:29,0.08837500,0.21400000
2018-02-25 17:07:30,0.08837500,0.50000000
2018-02-25 17:07:30,0.08838700,0.25600000
2018-02-25 17:07:30,0.08838700,0.23600000
2018-02-25 17:07:31,0.08837500,0.37400000
2018-02-25 17:07:31,0.08837500,0.09100000
2018-02-25 17:07:31,0.08837500,0.05700000
2018-02-25 17:07:31,0.08837500,1.13100000
2018-02-25 17:07:31,0.08837500,1.43700000
2018-02-25 17:07:31,0.08837500,0.03500000
2018-02-25 17:07:31,0.08838700,0.01800000
2018-02-25 17:07:31,0.08838700,0.11300000
2018-02-25 17:07:32,0.08837500,2.66800000
2018-02-25 17:07:32,0.08837500,1.72300000
2018-02-25 17:07:33,0.08838700,0.74700000
2018-02-25 17:07:33,0.08838700,0.09200000
2018-02-25 17:07:34,0.08837500,1.13200000
2018-02-25 17:07:34,0.08837500,0.04700000
2018-02-25 17:07:34,0.08837500,0.05400000
2018-02-25 17:07:34,0.08838700,0.09200000
2018-02-25 17:07:34,0.08838700,0.11300000
2018-02-25 17:07:34,0.08838700,0.09200000
2018-02-25 17:07:34,0.08838700,0.09200000
2018-02-25 17:07:34,0.08837500,0.00100000
2018-02-25 17:07:35,0.08838700,0.31700000
2018-02-25 17:07:35,0.08837500,0.02600000
2018-02-25 17:07:36,0.08838800,0.15500000
2018-02-25 17:07:36,0.08838800,0.00100000
2018-02-25 17:07:36,0.08839000,0.15400000
2018-02-25 17:07:36,0.08839000,0.31800000
2018-02-25 17:07:37,0.08839000,0.00100000
2018-02-25 17:07:37,0.08839100,0.34200000
2018-02-25 17:07:37,0.08839200,0.80000000
2018-02-25 17:07:38,0.08839200,1.13100000
2018-02-25 17:07:38,0.08837500,0.48200000
2018-02-25 17:07:38,0.08839200,0.46600000
2018-02-25 17:07:38,0.08837500,0.02700000
2018-02-25 17:07:39,0.08837500,0.08200000
2018-02-25 17:07:40,0.08837500,0.21400000
2018-02-25 17:07:40,0.08837500,0.21400000
2018-02-25 17:07:41,0.08837500,0.08500000
2018-02-25 17:07:41,0.08837500,0.01700000
2018-02-25 17:07:41,0.08837500,0.09700000
2018-02-25 17:07:42,0.08837500,0.01000000
2018-02-25 17:07:42,0.08839100,0.09200000
2018-02-25 17:07:42,0.08837500,0.29200000
2018-02-25 17:07:42,0.08837500,0.07200000
2018-02-25 17:07:42,0.08837500,0.00100000
2018-02-25 17:07:42,0.08839100,0.09200000
2018-02-25 17:07:43,0.08839100,0.85300000
2018-02-25 17:07:43,0.08839100,1.13100000
2018-02-25 17:07:43,0.08839100,0.69600000
2018-02-25 17:07:43,0.08837500,1.11700000
2018-02-25 17:07:43,0.08839100,0.09200000
2018-02-25 17:07:43,0.08837500,0.00100000
2018-02-25 17:07:43,0.08833700,0.07700000
2018-02-25 17:07:43,0.08833700,0.03600000
2018-02-25 17:07:43,0.08839100,0.09200000
2018-02-25 17:07:43,0.08839100,0.09200000
2018-02-25 17:07:44,0.08839100,0.09200000
2018-02-25 17:07:44,0.08839100,0.23800000
2018-02-25 17:07:44,0.08839200,0.00100000
2018-02-25 17:07:44,0.08839600,0.22800000
2018-02-25 17:07:44,0.08839700,0.04300000
2018-02-25 17:07:44,0.08833700,0.01000000
2018-02-25 17:07:44,0.08833700,0.04800000
2018-02-25 17:07:44,0.08839700,0.05000000
2018-02-25 17:07:44,0.08833800,0.02000000
2018-02-25 17:07:44,0.08833800,0.02000000
2018-02-25 17:07:44,0.08833800,0.02000000
2018-02-25 17:07:44,0.08833800,0.02000000
2018-02-25 17:07:44,0.08833800,0.02000000
2018-02-25 17:07:44,0.08833800,0.02000000
2018-02-25 17:07:44,0.08833800,0.02000000
2018-02-25 17:07:44,0.08833800,0.04100000
2018-02-25 17:07:46,0.08835000,0.03600000
2018-02-25 17:07:46,0.08839600,0.02200000
2018-02-25 17:07:48,0.08839600,0.00600000
2018-02-25 17:07:48,0.08839600,2.76200000
2018-02-25 17:07:48,0.08839600,0.00100000
2018-02-25 17:07:48,0.08835000,0.00100000
2018-02-25 17:07:48,0.08834100,0.06000000
2018-02-25 17:07:48,0.08833700,0.41800000
2018-02-25 17:07:48,0.08833700,0.01500000
2018-02-25 17:07:50,0.08839700,0.01200000
2018-02-25 17:07:50,0.08840000,0.15100000
2018-02-25 17:07:50,0.08842000,3.35000000
2018-02-25 17:07:50,0.08842100,0.12600000
2018-02-25 17:07:50,0.08842900,0.15300000
2018-02-25 17:07:50,0.08844400,0.61000000
2018-02-25 17:07:50,0.08844400,1.46800000
2018-02-25 17:07:50,0.08845000,0.50900000
2018-02-25 17:07:50,0.08845700,0.11400000
2018-02-25 17:07:50,0.08846100,0.11400000
2018-02-25 17:07:50,0.08846200,1.22100000
2018-02-25 17:07:50,0.08846300,0.08000000
2018-02-25 17:07:50,0.08846600,0.04600000
2018-02-25 17:07:50,0.08846900,0.59600000
2018-02-25 17:07:50,0.08847000,0.24800000
2018-02-25 17:07:50,0.08839700,0.06400000
2018-02-25 17:07:50,0.08839700,1.01900000
2018-02-25 17:07:50,0.08839700,0.06700000
2018-02-25 17:07:50,0.08839700,0.03200000
2018-02-25 17:07:50,0.08839700,0.58000000
2018-02-25 17:07:50,0.08839700,0.02600000
2018-02-25 17:07:50,0.08839700,0.11700000
2018-02-25 17:07:51,0.08839700,0.02000000
2018-02-25 17:07:51,0.08846100,0.12200000
2018-02-25 17:07:51,0.08839700,2.46500000
2018-02-25 17:07:51,0.08841100,0.08900000
2018-02-25 17:07:52,0.08841100,0.49000000
2018-02-25 17:07:52,0.08841100,0.01700000
2018-02-25 17:07:52,0.08841100,0.12800000
2018-02-25 17:07:52,0.08841100,0.10200000
2018-02-25 17:07:52,0.08841100,0.24700000
2018-02-25 17:07:52,0.08841100,0.00100000
2018-02-25 17:07:52,0.08839800,0.12200000
2018-02-25 17:07:52,0.08839700,0.00100000
2018-02-25 17:07:53,0.08839700,0.01200000
2018-02-25 17:07:53,0.08837500,0.07900000
2018-02-25 17:07:53,0.08837500,0.00100000
2018-02-25 17:07:53,0.08833900,0.03600000
2018-02-25 17:07:53,0.08833700,0.02000000
2018-02-25 17:07:53,0.08830800,0.28900000
2018-02-25 17:07:55,0.08831100,0.21400000
2018-02-25 17:07:56,0.08833700,0.07400000
2018-02-25 17:07:56,0.08839100,0.04500000
2018-02-25 17:07:57,0.08839100,0.07100000
2018-02-25 17:07:57,0.08839100,0.10700000
2018-02-25 17:07:58,0.08839100,0.60800000
2018-02-25 17:07:58,0.08833900,0.07900000
2018-02-25 17:07:58,0.08833900,0.12000000
2018-02-25 17:07:58,0.08839100,0.02600000
2018-02-25 17:07:58,0.08839100,0.09200000
2018-02-25 17:07:58,0.08839100,0.05300000
2018-02-25 17:07:59,0.08839100,0.01100000
2018-02-25 17:07:59,0.08834100,0.46600000
2018-02-25 17:08:00,0.08834100,0.23800000
2018-02-25 17:08:00,0.08834100,0.30400000
2018-02-25 17:08:01,0.08834100,0.06000000
2018-02-25 17:08:02,0.08834100,0.06100000
2018-02-25 17:08:02,0.08834100,0.00200000
2018-02-25 17:08:02,0.08833900,0.67000000
2018-02-25 17:08:02,0.08839100,0.00200000
2018-02-25 17:08:03,0.08839200,0.08900000
2018-02-25 17:08:03,0.08839200,0.01300000
2018-02-25 17:08:03,0.08839200,0.01300000
2018-02-25 17:08:03,0.08839200,0.40700000
2018-02-25 17:08:03,0.08839200,0.08400000
2018-02-25 17:08:03,0.08839200,5.02100000
2018-02-25 17:08:03,0.08833900,0.08300000
2018-02-25 17:08:04,0.08833900,0.05400000
2018-02-25 17:08:04,0.08833900,0.04400000
2018-02-25 17:08:04,0.08839700,0.00300000
2018-02-25 17:08:04,0.08840000,0.02200000
2018-02-25 17:08:04,0.08837500,0.01800000
2018-02-25 17:08:05,0.08834000,0.17900000
2018-02-25 17:08:06,0.08834000,0.02800000
2018-02-25 17:08:07,0.08836400,0.06700000
2018-02-25 17:08:07,0.08836400,0.00100000
2018-02-25 17:08:07,0.08837500,0.00100000
2018-02-25 17:08:07,0.08845900,0.04500000
2018-02-25 17:08:07,0.08845900,0.06700000
2018-02-25 17:08:07,0.08845900,0.01100000
2018-02-25 17:08:07,0.08846000,0.01700000
2018-02-25 17:08:07,0.08834400,0.11700000
2018-02-25 17:08:08,0.08834400,0.02000000
2018-02-25 17:08:08,0.08835000,0.46900000
2018-02-25 17:08:08,0.08835000,0.00100000
2018-02-25 17:08:08,0.08834500,0.08300000
2018-02-25 17:08:09,0.08834700,1.26300000
2018-02-25 17:08:09,0.08845600,0.13700000
2018-02-25 17:08:09,0.08845700,0.20000000
2018-02-25 17:08:09,0.08845900,0.88600000
2018-02-25 17:08:09,0.08846000,0.50600000
2018-02-25 17:08:09,0.08846300,0.07900000
2018-02-25 17:08:09,0.08846800,0.42600000
2018-02-25 17:08:09,0.08846900,0.62300000
2018-02-25 17:08:09,0.08847000,5.14300000
2018-02-25 17:08:11,0.08837500,0.07900000
2018-02-25 17:08:11,0.08837500,0.03900000
2018-02-25 17:08:11,0.08837500,0.09600000
2018-02-25 17:08:11,0.08845500,0.03800000
2018-02-25 17:08:11,0.08845500,0.02100000
2018-02-25 17:08:11,0.08845500,0.13400000
2018-02-25 17:08:11,0.08835200,0.49300000
2018-02-25 17:08:11,0.08835400,3.05700000
2018-02-25 17:08:12,0.08845300,0.05700000
2018-02-25 17:08:14,0.08842200,0.02000000
2018-02-25 17:08:14,0.08845100,0.22300000
2018-02-25 17:08:14,0.08845200,0.53900000
2018-02-25 17:08:15,0.08835900,0.12300000
2018-02-25 17:08:15,0.08835800,0.03600000
2018-02-25 17:08:15,0.08835700,0.08600000
2018-02-25 17:08:16,0.08835600,0.02000000
2018-02-25 17:08:16,0.08835700,0.23000000
2018-02-25 17:08:16,0.08835700,0.57800000
2018-02-25 17:08:16,0.08835700,0.06600000
2018-02-25 17:08:17,0.08835700,0.00100000
2018-02-25 17:08:17,0.08835600,0.01900000
2018-02-25 17:08:17,0.08835600,0.21100000
2018-02-25 17:08:18,0.08835700,0.78700000
2018-02-25 17:08:18,0.08835700,0.04800000
2018-02-25 17:08:18,0.08835700,0.10000000
2018-02-25 17:08:19,0.08835700,0.05400000
2018-02-25 17:08:19,0.08835700,0.13500000
2018-02-25 17:08:19,0.08844400,0.02000000
2018-02-25 17:08:20,0.08835900,1.13000000
2018-02-25 17:08:20,0.08835900,0.06500000
2018-02-25 17:08:21,0.08835900,0.16000000
2018-02-25 17:08:22,0.08839000,0.04800000
2018-02-25 17:08:22,0.08839000,0.07500000
2018-02-25 17:08:22,0.08839000,0.25500000
2018-02-25 17:08:22,0.08839000,0.13400000
2018-02-25 17:08:22,0.08839000,0.62700000
2018-02-25 17:08:22,0.08837500,0.13300000
2018-02-25 17:08:22,0.08843800,1.18700000
2018-02-25 17:08:22,0.08839100,0.97000000
2018-02-25 17:08:22,0.08839100,0.00100000
2018-02-25 17:08:22,0.08837500,0.05500000
2018-02-25 17:08:22,0.08837500,0.67200000
2018-02-25 17:08:22,0.08837500,0.30300000
2018-02-25 17:08:23,0.08844000,0.09900000
2018-02-25 17:08:23,0.08837500,0.04400000
2018-02-25 17:08:23,0.08844000,0.00100000
2018-02-25 17:08:23,0.08844700,0.06200000
2018-02-25 17:08:23,0.08837500,0.21600000
2018-02-25 17:08:24,0.08837500,0.69800000
2018-02-25 17:08:24,0.08844700,0.02300000
2018-02-25 17:08:24,0.08837500,0.00100000
2018-02-25 17:08:24,0.08835600,0.00100000
2018-02-25 17:08:24,0.08835600,0.09600000
2018-02-25 17:08:25,0.08835600,0.02300000
2018-02-25 17:08:25,0.08835600,0.01500000
2018-02-25 17:08:25,0.08835600,0.03300000
2018-02-25 17:08:25,0.08835600,0.06300000
2018-02-25 17:08:25,0.08835900,0.05000000
2018-02-25 17:08:26,0.08834200,0.17100000
2018-02-25 17:08:26,0.08834200,0.17300000
2018-02-25 17:08:26,0.08835500,0.00400000
2018-02-25 17:08:27,0.08833900,0.16400000
2018-02-25 17:08:28,0.08835400,0.12800000
2018-02-25 17:08:29,0.08834100,1.50400000
2018-02-25 17:08:29,0.08835900,0.04000000
2018-02-25 17:08:29,0.08835900,0.04000000
2018-02-25 17:08:30,0.08835900,0.03300000
2018-02-25 17:08:30,0.08835900,0.04500000
2018-02-25 17:08:30,0.08835900,0.10000000
2018-02-25 17:08:30,0.08835900,0.02900000
2018-02-25 17:08:31,0.08835900,0.09100000
2018-02-25 17:08:31,0.08835900,0.06400000
2018-02-25 17:08:31,0.08834200,0.07300000
2018-02-25 17:08:32,0.08835900,0.02900000
2018-02-25 17:08:32,0.08834200,0.13500000
2018-02-25 17:08:32,0.08834200,0.45800000
2018-02-25 17:08:34,0.08834200,0.31300000
2018-02-25 17:08:34,0.08834200,0.04700000
2018-02-25 17:08:35,0.08834200,0.11800000
2018-02-25 17:08:36,0.08838000,0.21400000
2018-02-25 17:08:37,0.08838000,0.11700000
2018-02-25 17:08:37,0.08838000,0.78500000
2018-02-25 17:08:37,0.08834300,0.11000000
2018-02-25 17:08:37,0.08834300,0.01900000
2018-02-25 17:08:37,0.08834300,0.93100000
2018-02-25 17:08:39,0.08834300,0.12700000
2018-02-25 17:08:39,0.08834300,0.77000000
2018-02-25 17:08:39,0.08834300,0.04600000
2018-02-25 17:08:40,0.08834300,0.12900000
2018-02-25 17:08:41,0.08843000,0.11300000
2018-02-25 17:08:41,0.08842900,0.11300000
2018-02-25 17:08:42,0.08834300,0.04500000
2018-02-25 17:08:42,0.08834300,0.04600000
2018-02-25 17:08:43,0.08834300,0.03900000
2018-02-25 17:08:43,0.08834300,0.22800000
2018-02-25 17:08:44,0.08834400,0.05600000
2018-02-25 17:08:44,0.08834400,0.17400000
2018-02-25 17:08:44,0.08834300,0.38300000
2018-02-25 17:08:44,0.08834300,0.12400000
2018-02-25 17:08:44,0.08834300,0.05400000
2018-02-25 17:08:44,0.08834300,0.02800000
2018-02-25 17:08:45,0.08834300,0.21000000
2018-02-25 17:08:45,0.08842800,0.31200000
2018-02-25 17:08:46,0.08842800,0.05500000
2018-02-25 17:08:46,0.08842000,0.02500000
2018-02-25 17:08:47,0.08835600,0.05200000
2018-02-25 17:08:51,0.08837000,0.02700000
2018-02-25 17:08:52,0.08837100,0.07000000
2018-02-25 17:08:52,0.08842000,0.00100000
2018-02-25 17:08:52,0.08842800,0.47900000
2018-02-25 17:08:52,0.08841900,0.03000000
2018-02-25 17:08:53,0.08841900,0.06700000
2018-02-25 17:08:53,0.08841900,0.19800000
2018-02-25 17:08:53,0.08841900,0.15100000
2018-02-25 17:08:53,0.08837100,0.00100000
2018-02-25 17:08:54,0.08837000,0.80300000
2018-02-25 17:08:54,0.08837100,0.02500000
2018-02-25 17:08:54,0.08837000,0.10000000
2018-02-25 17:08:54,0.08837100,0.00100000
2018-02-25 17:08:54,0.08841900,0.02400000
2018-02-25 17:08:54,0.08837000,0.14300000
2018-02-25 17:08:54,0.08837000,0.00100000
2018-02-25 17:08:54,0.08834300,0.02800000
2018-02-25 17:08:55,0.08840200,0.31100000
2018-02-25 17:08:55,0.08840200,0.22500000
2018-02-25 17:08:56,0.08834300,0.01200000
2018-02-25 17:08:56,0.08834300,0.01500000
2018-02-25 17:08:56,0.08840200,0.26400000
2018-02-25 17:08:56,0.08841900,0.09200000
2018-02-25 17:08:56,0.08842800,0.90900000
2018-02-25 17:08:57,0.08834100,0.18200000
2018-02-25 17:08:57,0.08834100,0.12800000
2018-02-25 17:08:57,0.08834200,0.07300000
2018-02-25 17:08:58,0.08842800,0.42700000
2018-02-25 17:08:59,0.08834300,0.17100000
2018-02-25 17:08:59,0.08842800,2.00000000
2018-02-25 17:08:59,0.08834300,0.00100000
2018-02-25 17:08:59,0.08834000,0.99900000
2018-02-25 17:09:00,0.08834100,0.05000000
2018-02-25 17:09:00,0.08834300,0.12300000
2018-02-25 17:09:00,0.08834300,0.00100000
2018-02-25 17:09:00,0.08842800,0.09900000
2018-02-25 17:09:01,0.08834100,0.00200000
2018-02-25 17:09:01,0.08834100,0.03000000
2018-02-25 17:09:01,0.08834000,0.01600000
2018-02-25 17:09:02,0.08834000,0.77000000
2018-02-25 17:09:03,0.08834000,0.45800000
2018-02-25 17:09:05,0.08833900,0.02500000
2018-02-25 17:09:05,0.08834100,0.00500000
2018-02-25 17:09:05,0.08842600,0.10500000
2018-02-25 17:09:05,0.08842700,0.12800000
2018-02-25 17:09:06,0.08833900,0.89500000
2018-02-25 17:09:07,0.08834200,0.02500000
2018-02-25 17:09:08,0.08834200,0.09500000
2018-02-25 17:09:08,0.08834200,0.94500000
2018-02-25 17:09:08,0.08834200,0.45800000
2018-02-25 17:09:08,0.08834200,0.21300000
2018-02-25 17:09:08,0.08842600,0.04600000
2018-02-25 17:09:08,0.08834200,0.06200000
2018-02-25 17:09:08,0.08834200,0.10900000
2018-02-25 17:09:10,0.08834300,0.04500000
2018-02-25 17:09:10,0.08834300,0.00100000
2018-02-25 17:09:10,0.08834200,0.67600000
2018-02-25 17:09:11,0.08834200,0.64500000
2018-02-25 17:09:11,0.08834200,0.13300000
2018-02-25 17:09:12,0.08834200,0.19000000
2018-02-25 17:09:13,0.08842600,0.07600000
2018-02-25 17:09:13,0.08834200,1.17600000
2018-02-25 17:09:13,0.08842600,0.01200000
2018-02-25 17:09:14,0.08834300,0.07600000
2018-02-25 17:09:14,0.08834200,0.05300000
2018-02-25 17:09:16,0.08834300,0.01200000
2018-02-25 17:09:16,0.08834200,0.79400000
2018-02-25 17:09:16,0.08834200,0.80600000
2018-02-25 17:09:16,0.08834200,0.80600000
2018-02-25 17:09:17,0.08834300,0.02700000
2018-02-25 17:09:17,0.08834800,0.04800000
2018-02-25 17:09:17,0.08842400,0.02600000
2018-02-25 17:09:17,0.08842400,0.02600000
2018-02-25 17:09:17,0.08834800,0.17800000
2018-02-25 17:09:17,0.08842400,0.02500000
2018-02-25 17:09:17,0.08842500,0.00100000
2018-02-25 17:09:17,0.08834800,1.90100000
2018-02-25 17:09:18,0.08842400,0.00100000
2018-02-25 17:09:19,0.08842400,0.02100000
2018-02-25 17:09:19,0.08834800,0.00100000
2018-02-25 17:09:19,0.08834800,0.02500000
2018-02-25 17:09:21,0.08834300,0.07700000
2018-02-25 17:09:21,0.08834200,0.33400000
2018-02-25 17:09:21,0.08834300,0.02200000
2018-02-25 17:09:21,0.08834300,0.03300000
2018-02-25 17:09:21,0.08834800,0.00100000
2018-02-25 17:09:21,0.08842400,0.02000000
2018-02-25 17:09:22,0.08840000,0.02100000
2018-02-25 17:09:22,0.08842300,0.02000000
2018-02-25 17:09:23,0.08837300,0.36400000
2018-02-25 17:09:23,0.08837300,0.03500000
2018-02-25 17:09:23,0.08837300,0.23400000
2018-02-25 17:09:23,0.08837300,0.11200000
2018-02-25 17:09:23,0.08837300,0.20200000
2018-02-25 17:09:23,0.08834200,0.74400000
2018-02-25 17:09:23,0.08834200,0.20100000
2018-02-25 17:09:23,0.08842200,0.02500000
2018-02-25 17:09:23,0.08834200,0.47600000
2018-02-25 17:09:23,0.08842200,0.00100000
2018-02-25 17:09:23,0.08842500,0.27400000
2018-02-25 17:09:24,0.08834200,0.06600000
2018-02-25 17:09:24,0.08834200,0.29800000
2018-02-25 17:09:24,0.08842400,0.05600000
2018-02-25 17:09:24,0.08834200,0.01800000
2018-02-25 17:09:25,0.08834200,0.04300000
2018-02-25 17:09:25,0.08834200,0.00100000
2018-02-25 17:09:25,0.08842200,0.11300000
2018-02-25 17:09:26,0.08834300,0.03200000
2018-02-25 17:09:26,0.08834300,0.07300000
2018-02-25 17:09:26,0.08834200,0.03100000
2018-02-25 17:09:26,0.08834300,0.09000000
2018-02-25 17:09:26,0.08834300,0.12900000
2018-02-25 17:09:26,0.08842200,0.26400000
2018-02-25 17:09:27,0.08834400,0.09000000
2018-02-25 17:09:28,0.08834400,0.00100000
2018-02-25 17:09:28,0.08834400,0.06500000
2018-02-25 17:09:28,0.08842200,0.00100000
2018-02-25 17:09:28,0.08842400,0.03100000
2018-02-25 17:09:28,0.08842500,0.01600000
2018-02-25 17:09:28,0.08842500,0.57900000
2018-02-25 17:09:30,0.08842300,0.03900000
2018-02-25 17:09:30,0.08842300,0.03800000
2018-02-25 17:09:30,0.08842300,0.00100000
2018-02-25 17:09:30,0.08834300,0.00900000
2018-02-25 17:09:30,0.08834200,0.03100000
2018-02-25 17:09:30,0.08834100,0.00700000
2018-02-25 17:09:30,0.08834300,0.01600000
2018-02-25 17:09:31,0.08834300,0.00100000
2018-02-25 17:09:31,0.08842200,0.11200000
2018-02-25 17:09:31,0.08842200,0.01100000
2018-02-25 17:09:31,0.08842300,0.10200000
2018-02-25 17:09:31,0.08834100,0.02200000
2018-02-25 17:09:32,0.08834200,0.12100000
2018-02-25 17:09:33,0.08834200,0.06700000
2018-02-25 17:09:33,0.08834200,0.07200000
2018-02-25 17:09:33,0.08834200,0.42300000
2018-02-25 17:09:33,0.08834200,0.00100000
2018-02-25 17:09:33,0.08834100,0.11200000
2018-02-25 17:09:34,0.08834100,0.44300000
2018-02-25 17:09:35,0.08841900,0.02900000
2018-02-25 17:09:35,0.08834200,0.02700000
2018-02-25 17:09:35,0.08841900,0.01100000
2018-02-25 17:09:35,0.08834200,0.21400000
2018-02-25 17:09:36,0.08841900,0.31900000
2018-02-25 17:09:37,0.08841900,0.06300000
2018-02-25 17:09:37,0.08836900,0.90000000
2018-02-25 17:09:37,0.08836900,0.00100000
2018-02-25 17:09:37,0.08834200,0.03100000
2018-02-25 17:09:37,0.08834300,0.02600000
2018-02-25 17:09:38,0.08841800,0.03100000
2018-02-25 17:09:38,0.08841900,2.79200000
2018-02-25 17:09:38,0.08834300,0.09200000
2018-02-25 17:09:38,0.08834300,0.03100000
2018-02-25 17:09:38,0.08834200,0.45300000
2018-02-25 17:09:38,0.08834200,0.17900000
2018-02-25 17:09:38,0.08834200,0.33800000
2018-02-25 17:09:39,0.08834200,0.09200000
2018-02-25 17:09:39,0.08834200,0.12100000
2018-02-25 17:09:39,0.08834200,2.09200000
2018-02-25 17:09:39,0.08834100,0.15300000
2018-02-25 17:09:39,0.08841700,0.09200000
2018-02-25 17:09:39,0.08841800,0.70400000
2018-02-25 17:09:39,0.08834200,0.45300000
2018-02-25 17:09:39,0.08834200,0.09800000
2018-02-25 17:09:39,0.08834200,0.02400000
2018-02-25 17:09:39,0.08834100,0.56300000
2018-02-25 17:09:39,0.08833900,0.07800000
2018-02-25 17:09:39,0.08834200,0.20000000
2018-02-25 17:09:39,0.08834200,0.05000000
2018-02-25 17:09:40,0.08834200,0.09400000
2018-02-25 17:09:40,0.08834200,0.80800000
2018-02-25 17:09:40,0.08834200,0.40400000
2018-02-25 17:09:40,0.08834200,0.14200000
2018-02-25 17:09:40,0.08834200,0.03800000
2018-02-25 17:09:40,0.08834200,0.12500000
2018-02-25 17:09:40,0.08834200,0.09600000
2018-02-25 17:09:40,0.08834200,0.08700000
2018-02-25 17:09:40,0.08834200,0.12000000
2018-02-25 17:09:40,0.08834200,0.02700000
2018-02-25 17:09:40,0.08834200,0.05600000
2018-02-25 17:09:40,0.08841700,0.02600000
2018-02-25 17:09:40,0.08834000,0.09100000
2018-02-25 17:09:41,0.08834100,0.02600000
2018-02-25 17:09:41,0.08834100,0.00100000
2018-02-25 17:09:41,0.08834000,0.00100000
2018-02-25 17:09:41,0.08833900,0.02400000
2018-02-25 17:09:41,0.08833900,0.27300000
2018-02-25 17:09:41,0.08833900,0.02700000
2018-02-25 17:09:41,0.08833900,0.03400000
2018-02-25 17:09:41,0.08833900,1.13600000
2018-02-25 17:09:41,0.08841600,0.09100000
2018-02-25 17:09:41,0.08841700,0.21400000
2018-02-25 17:09:41,0.08841700,0.28500000
2018-02-25 17:09:42,0.08841700,0.09200000
2018-02-25 17:09:42,0.08841700,0.22600000
2018-02-25 17:09:42,0.08841700,0.38300000
2018-02-25 17:09:42,0.08841700,0.45300000
2018-02-25 17:09:42,0.08841700,0.28200000
2018-02-25 17:09:42,0.08841700,0.10600000
2018-02-25 17:09:42,0.08841700,0.01900000
2018-02-25 17:09:42,0.08841700,0.06100000
2018-02-25 17:09:42,0.08841700,0.01300000
2018-02-25 17:09:42,0.08841700,0.93700000
2018-02-25 17:09:42,0.08841700,0.04500000
2018-02-25 17:09:42,0.08841700,0.28700000
2018-02-25 17:09:42,0.08841700,0.29800000
2018-02-25 17:09:42,0.08841700,6.90800000
2018-02-25 17:09:42,0.08834000,0.09500000
2018-02-25 17:09:42,0.08833900,0.48900000
2018-02-25 17:09:42,0.08841800,0.29600000
2018-02-25 17:09:42,0.08833900,0.46300000
2018-02-25 17:09:43,0.08841700,0.09500000
2018-02-25 17:09:43,0.08841800,2.70000000
2018-02-25 17:09:44,0.08841900,0.02800000
2018-02-25 17:09:44,0.08842000,0.10300000
2018-02-25 17:09:44,0.08834200,0.12300000
2018-02-25 17:09:44,0.08834100,0.64100000
2018-02-25 17:09:53,0.08837000,1.10400000
2018-02-25 17:10:02,0.08837000,0.00100000
2018-02-25 17:10:02,0.08834600,0.01300000
2018-02-25 17:10:03,0.08834600,0.25200000
2018-02-25 17:10:04,0.08841700,0.11700000
2018-02-25 17:10:04,0.08841700,0.09900000
2018-02-25 17:10:05,0.08841700,0.06900000
2018-02-25 17:10:05,0.08834800,0.08400000
2018-02-25 17:10:06,0.08841600,0.11300000
2018-02-25 17:10:08,0.08836700,0.01700000
2018-02-25 17:10:08,0.08841600,0.01000000
2018-02-25 17:10:08,0.08841700,0.10700000
2018-02-25 17:10:08,0.08836700,0.09600000
2018-02-25 17:10:09,0.08836700,0.04300000
2018-02-25 17:10:09,0.08836700,0.00100000
2018-02-25 17:10:09,0.08841600,0.04200000
2018-02-25 17:10:09,0.08836600,0.35900000
2018-02-25 17:10:10,0.08836700,0.04800000
2018-02-25 17:10:11,0.08836700,0.00400000
2018-02-25 17:10:11,0.08836700,0.02900000
2018-02-25 17:10:11,0.08836700,0.01500000
2018-02-25 17:10:11,0.08841500,0.02800000
2018-02-25 17:10:11,0.08836700,0.02600000
2018-02-25 17:10:12,0.08836600,0.02000000
2018-02-25 17:10:13,0.08836600,0.79300000
2018-02-25 17:10:13,0.08834800,0.34200000
2018-02-25 17:10:13,0.08834900,0.08800000
2018-02-25 17:10:13,0.08834900,0.03600000
