DATE,PRICE,VOLUME
2018-02-25 17:59:59,0.08826800,0.05000000
2018-02-25 18:00:00,0.08826700,0.26600000
2018-02-25 18:00:00,0.08826700,0.06700000
2018-02-25 18:00:00,0.08826700,0.02000000
2018-02-25 18:00:00,0.08826700,0.02000000
2018-02-25 18:00:00,0.08826700,0.02000000
2018-02-25 18:00:00,0.08826700,0.02000000
2018-02-25 18:00:00,0.08826700,0.02000000
2018-02-25 18:00:00,0.08826700,0.02000000
2018-02-25 18:00:00,0.08826700,0.02000000
2018-02-25 18:00:00,0.08826700,0.02000000
2018-02-25 18:00:00,0.08826700,0.05500000
2018-02-25 18:00:00,0.08826700,0.05100000
2018-02-25 18:00:01,0.08817900,0.02000000
2018-02-25 18:00:01,0.08817800,0.03400000
2018-02-25 18:00:01,0.08826700,0.17300000
2018-02-25 18:00:01,0.08822100,0.12100000
2018-02-25 18:00:02,0.08822100,0.02100000
2018-02-25 18:00:02,0.08822100,0.35700000
2018-02-25 18:00:02,0.08822100,0.00100000
2018-02-25 18:00:02,0.08818000,0.03600000
2018-02-25 18:00:02,0.08818000,0.03800000
2018-02-25 18:00:02,0.08818000,0.02000000
2018-02-25 18:00:03,0.08826600,0.07500000
2018-02-25 18:00:03,0.08826700,0.22900000
2018-02-25 18:00:04,0.08826000,0.08000000
2018-02-25 18:00:04,0.08826700,0.70900000
2018-02-25 18:00:04,0.08826700,0.01300000
2018-02-25 18:00:04,0.08826700,0.06800000
2018-02-25 18:00:04,0.08827000,0.01200000
2018-02-25 18:00:04,0.08818000,0.00100000
2018-02-25 18:00:04,0.08818000,0.02000000
2018-02-25 18:00:04,0.08818000,0.00600000
2018-02-25 18:00:04,0.08827000,0.02900000
2018-02-25 18:00:04,0.08818100,0.13500000
2018-02-25 18:00:06,0.08818100,0.00100000
2018-02-25 18:00:06,0.08817900,0.06100000
2018-02-25 18:00:06,0.08818100,0.01900000
2018-02-25 18:00:06,0.08818100,0.00100000
2018-02-25 18:00:06,0.08818100,0.02000000
2018-02-25 18:00:06,0.08818100,0.00600000
2018-02-25 18:00:06,0.08818100,0.01300000
2018-02-25 18:00:07,0.08827100,0.11500000
2018-02-25 18:00:09,0.08818100,0.00100000
2018-02-25 18:00:09,0.08818100,0.02000000
2018-02-25 18:00:09,0.08818100,0.00600000
2018-02-25 18:00:09,0.08818100,0.01300000
2018-02-25 18:00:11,0.08818100,0.15900000
2018-02-25 18:00:11,0.08827000,0.11400000
2018-02-25 18:00:11,0.08818200,0.11400000
2018-02-25 18:00:11,0.08818200,0.00100000
2018-02-25 18:00:11,0.08818100,0.02200000
2018-02-25 18:00:11,0.08818000,0.01900000
2018-02-25 18:00:13,0.08818000,0.00100000
2018-02-25 18:00:13,0.08817900,0.18000000
2018-02-25 18:00:13,0.08818000,0.10700000
2018-02-25 18:00:13,0.08818000,0.00100000
2018-02-25 18:00:13,0.08817900,0.19100000
2018-02-25 18:00:13,0.08817900,0.27500000
2018-02-25 18:00:13,0.08818000,0.10200000
2018-02-25 18:00:13,0.08818000,0.27800000
2018-02-25 18:00:14,0.08818000,0.00200000
2018-02-25 18:00:14,0.08818000,0.10000000
2018-02-25 18:00:14,0.08817900,0.26600000
2018-02-25 18:00:15,0.08817900,0.01000000
2018-02-25 18:00:15,0.08817900,0.00100000
2018-02-25 18:00:16,0.08817900,0.12300000
2018-02-25 18:00:18,0.08817900,0.03300000
2018-02-25 18:00:18,0.08818100,0.00400000
2018-02-25 18:00:18,0.08826800,0.02800000
2018-02-25 18:00:18,0.08826800,0.03200000
2018-02-25 18:00:19,0.08826700,0.03400000
2018-02-25 18:00:19,0.08826700,0.27200000
2018-02-25 18:00:20,0.08826800,0.04100000
2018-02-25 18:00:21,0.08826700,0.02600000
2018-02-25 18:00:21,0.08817000,0.49000000
2018-02-25 18:00:21,0.08816900,0.11400000
2018-02-25 18:00:21,0.08826700,0.31100000
2018-02-25 18:00:22,0.08826600,0.11400000
2018-02-25 18:00:22,0.08825800,0.05000000
2018-02-25 18:00:23,0.08818000,0.04000000
2018-02-25 18:00:23,0.08825800,0.05700000
2018-02-25 18:00:23,0.08818000,0.00100000
2018-02-25 18:00:23,0.08817000,0.02400000
2018-02-25 18:00:23,0.08817000,0.02500000
2018-02-25 18:00:23,0.08817000,0.02500000
2018-02-25 18:00:24,0.08817000,0.02600000
2018-02-25 18:00:25,0.08822900,0.10900000
2018-02-25 18:00:25,0.08817000,0.00100000
2018-02-25 18:00:26,0.08817000,0.11100000
2018-02-25 18:00:26,0.08817000,0.00100000
2018-02-25 18:00:26,0.08822900,0.00100000
2018-02-25 18:00:26,0.08823000,0.10900000
2018-02-25 18:00:26,0.08816700,0.24200000
2018-02-25 18:00:26,0.08823000,0.11100000
2018-02-25 18:00:26,0.08816700,0.12800000
2018-02-25 18:00:26,0.08816700,0.29600000
2018-02-25 18:00:26,0.08816700,0.09900000
2018-02-25 18:00:26,0.08823000,0.09000000
2018-02-25 18:00:26,0.08816700,1.62400000
2018-02-25 18:00:26,0.08816700,0.02500000
2018-02-25 18:00:27,0.08816700,0.12700000
2018-02-25 18:00:27,0.08823000,0.05600000
2018-02-25 18:00:27,0.08823000,0.12400000
2018-02-25 18:00:27,0.08825700,0.05500000
2018-02-25 18:00:29,0.08816800,0.05400000
2018-02-25 18:00:30,0.08816800,0.00100000
2018-02-25 18:00:30,0.08816700,0.11700000
2018-02-25 18:00:30,0.08816700,0.11800000
2018-02-25 18:00:31,0.08818000,0.09900000
2018-02-25 18:00:31,0.08825500,0.07600000
2018-02-25 18:00:31,0.08825500,0.04700000
2018-02-25 18:00:31,0.08825600,0.04300000
2018-02-25 18:00:32,0.08825600,0.88200000
2018-02-25 18:00:32,0.08825600,0.00100000
2018-02-25 18:00:32,0.08818100,0.07600000
2018-02-25 18:00:32,0.08818000,0.80500000
2018-02-25 18:00:32,0.08818000,0.07000000
2018-02-25 18:00:32,0.08818000,0.09900000
2018-02-25 18:00:32,0.08825800,0.26400000
2018-02-25 18:00:32,0.08818100,0.04600000
2018-02-25 18:00:33,0.08818100,0.43500000
2018-02-25 18:00:34,0.08824800,0.04600000
2018-02-25 18:00:34,0.08824800,0.07600000
2018-02-25 18:00:35,0.08818200,0.04500000
2018-02-25 18:00:35,0.08824800,0.00100000
2018-02-25 18:00:35,0.08824900,0.37600000
2018-02-25 18:00:35,0.08824900,0.10100000
2018-02-25 18:00:36,0.08818300,0.06300000
2018-02-25 18:00:36,0.08818300,0.01400000
2018-02-25 18:00:36,0.08824900,0.00200000
2018-02-25 18:00:36,0.08825700,1.01200000
2018-02-25 18:00:36,0.08827100,0.04400000
2018-02-25 18:00:36,0.08825700,0.01200000
2018-02-25 18:00:36,0.08818300,0.00100000
2018-02-25 18:00:36,0.08818100,0.11600000
2018-02-25 18:00:37,0.08818100,0.09400000
2018-02-25 18:00:37,0.08827100,0.07800000
2018-02-25 18:00:38,0.08819900,0.02300000
2018-02-25 18:00:38,0.08819900,0.22400000
2018-02-25 18:00:38,0.08819900,0.07400000
2018-02-25 18:00:38,0.08819900,0.29200000
2018-02-25 18:00:40,0.08820700,0.03000000
2018-02-25 18:00:41,0.08827100,0.02900000
2018-02-25 18:00:41,0.08820800,0.08800000
2018-02-25 18:00:41,0.08820800,0.26000000
2018-02-25 18:00:41,0.08827100,0.08900000
2018-02-25 18:00:42,0.08820800,0.19000000
2018-02-25 18:00:42,0.08820800,2.94300000
2018-02-25 18:00:42,0.08820900,0.01000000
2018-02-25 18:00:43,0.08820900,0.01000000
2018-02-25 18:00:43,0.08820900,0.04100000
2018-02-25 18:00:43,0.08821000,0.05700000
2018-02-25 18:00:43,0.08820900,0.04600000
2018-02-25 18:00:43,0.08826400,0.07600000
2018-02-25 18:00:43,0.08826400,0.06300000
2018-02-25 18:00:43,0.08820900,2.83200000
2018-02-25 18:00:44,0.08820900,1.13500000
2018-02-25 18:00:44,0.08826400,0.01600000
2018-02-25 18:00:44,0.08820900,0.53400000
2018-02-25 18:00:44,0.08819900,0.04200000
2018-02-25 18:00:44,0.08820900,0.80000000
2018-02-25 18:00:44,0.08820900,0.00100000
2018-02-25 18:00:45,0.08820900,0.04300000
2018-02-25 18:00:45,0.08820900,0.11200000
2018-02-25 18:00:46,0.08820900,0.11100000
2018-02-25 18:00:46,0.08820000,0.91500000
2018-02-25 18:00:46,0.08820000,0.01800000
2018-02-25 18:00:46,0.08820000,0.08800000
2018-02-25 18:00:46,0.08820000,0.01800000
2018-02-25 18:00:46,0.08820000,0.01100000
2018-02-25 18:00:47,0.08820900,0.00100000
2018-02-25 18:00:47,0.08826300,0.11100000
2018-02-25 18:00:47,0.08820000,0.17900000
2018-02-25 18:00:47,0.08826300,0.00400000
2018-02-25 18:00:47,0.08826400,0.27700000
2018-02-25 18:00:48,0.08820000,0.25000000
2018-02-25 18:00:49,0.08826300,0.02900000
2018-02-25 18:00:50,0.08820100,0.04200000
2018-02-25 18:00:50,0.08826200,0.04200000
2018-02-25 18:00:50,0.08826400,0.30000000
2018-02-25 18:00:50,0.08827200,0.20600000
2018-02-25 18:00:50,0.08827800,0.30000000
2018-02-25 18:00:51,0.08820100,0.08700000
2018-02-25 18:00:51,0.08820000,0.63800000
2018-02-25 18:00:51,0.08823200,0.00400000
2018-02-25 18:00:52,0.08823200,0.45000000
2018-02-25 18:00:52,0.08820000,0.62000000
2018-02-25 18:00:52,0.08820000,1.26500000
2018-02-25 18:00:52,0.08820200,0.03200000
2018-02-25 18:00:52,0.08823200,0.04100000
2018-02-25 18:00:52,0.08827700,0.03600000
2018-02-25 18:00:52,0.08827800,0.29100000
2018-02-25 18:00:54,0.08820100,0.03500000
2018-02-25 18:00:54,0.08820100,0.00100000
2018-02-25 18:00:55,0.08820100,0.02500000
2018-02-25 18:00:55,0.08820000,0.25100000
2018-02-25 18:00:55,0.08820100,0.00100000
2018-02-25 18:00:55,0.08826700,0.02400000
2018-02-25 18:00:55,0.08826700,0.01100000
2018-02-25 18:00:55,0.08826800,0.01400000
2018-02-25 18:00:55,0.08826800,0.02500000
2018-02-25 18:00:55,0.08820000,0.03300000
2018-02-25 18:00:55,0.08820000,0.11400000
2018-02-25 18:00:55,0.08826700,0.08800000
2018-02-25 18:00:55,0.08826800,0.31200000
2018-02-25 18:00:55,0.08820200,0.40000000
2018-02-25 18:00:55,0.08820100,0.03500000
2018-02-25 18:00:55,0.08820000,0.06000000
2018-02-25 18:00:55,0.08819900,0.10400000
2018-02-25 18:00:56,0.08819900,0.14700000
2018-02-25 18:00:56,0.08826700,0.03500000
2018-02-25 18:00:56,0.08826800,0.12900000
2018-02-25 18:00:56,0.08827600,0.02000000
2018-02-25 18:00:56,0.08827800,0.21600000
2018-02-25 18:00:57,0.08819900,0.00100000
2018-02-25 18:00:57,0.08819900,0.10500000
2018-02-25 18:00:58,0.08819900,0.00100000
2018-02-25 18:00:58,0.08827600,0.02000000
2018-02-25 18:00:58,0.08827800,0.31800000
2018-02-25 18:00:59,0.08818400,0.07800000
2018-02-25 18:01:01,0.08818600,0.02700000
2018-02-25 18:01:02,0.08818700,0.03800000
2018-02-25 18:01:02,0.08818500,3.50700000
2018-02-25 18:01:03,0.08820900,0.09900000
2018-02-25 18:01:03,0.08820900,0.39900000
2018-02-25 18:01:03,0.08818700,0.02000000
2018-02-25 18:01:03,0.08818500,0.47700000
2018-02-25 18:01:03,0.08820600,0.09900000
2018-02-25 18:01:03,0.08820600,0.00100000
2018-02-25 18:01:03,0.08827600,0.09800000
2018-02-25 18:01:03,0.08818500,0.21600000
2018-02-25 18:01:03,0.08818100,0.48800000
2018-02-25 18:01:03,0.08818800,0.28800000
2018-02-25 18:01:04,0.08827600,0.01700000
2018-02-25 18:01:04,0.08818800,0.49500000
2018-02-25 18:01:04,0.08820900,0.02600000
2018-02-25 18:01:04,0.08820900,0.00100000
2018-02-25 18:01:04,0.08827600,0.00100000
2018-02-25 18:01:04,0.08827800,0.02400000
2018-02-25 18:01:05,0.08819000,0.00500000
2018-02-25 18:01:05,0.08827700,0.01900000
2018-02-25 18:01:05,0.08819100,0.02200000
2018-02-25 18:01:05,0.08819100,0.09400000
2018-02-25 18:01:05,0.08819000,0.36200000
2018-02-25 18:01:05,0.08819000,0.11500000
2018-02-25 18:01:06,0.08827800,0.08700000
2018-02-25 18:01:06,0.08819000,0.33200000
2018-02-25 18:01:06,0.08819000,0.33200000
2018-02-25 18:01:06,0.08819000,0.16900000
2018-02-25 18:01:06,0.08819000,0.23300000
2018-02-25 18:01:08,0.08827700,0.12300000
2018-02-25 18:01:08,0.08827800,0.21100000
2018-02-25 18:01:08,0.08827800,1.13300000
2018-02-25 18:01:08,0.08827800,0.01800000
2018-02-25 18:01:08,0.08827800,0.10800000
2018-02-25 18:01:08,0.08827800,1.18900000
2018-02-25 18:01:08,0.08819100,0.04800000
2018-02-25 18:01:09,0.08827900,0.03600000
2018-02-25 18:01:09,0.08828900,0.02000000
2018-02-25 18:01:09,0.08829700,0.04800000
2018-02-25 18:01:09,0.08829800,0.00900000
2018-02-25 18:01:10,0.08828900,0.01900000
2018-02-25 18:01:10,0.08828900,0.00100000
2018-02-25 18:01:10,0.08829800,0.05300000
2018-02-25 18:01:10,0.08828900,0.02000000
2018-02-25 18:01:10,0.08828900,0.02000000
2018-02-25 18:01:10,0.08828900,0.02000000
2018-02-25 18:01:10,0.08819300,0.03900000
2018-02-25 18:01:11,0.08828900,0.02000000
2018-02-25 18:01:11,0.08828900,0.01900000
2018-02-25 18:01:11,0.08822200,0.04100000
2018-02-25 18:01:11,0.08822200,0.10900000
2018-02-25 18:01:11,0.08822200,0.02700000
2018-02-25 18:01:12,0.08829000,0.02000000
2018-02-25 18:01:12,0.08829000,0.02000000
2018-02-25 18:01:12,0.08829000,0.02000000
2018-02-25 18:01:12,0.08822200,0.08800000
2018-02-25 18:01:13,0.08829800,0.03800000
2018-02-25 18:01:13,0.08829800,0.00100000
2018-02-25 18:01:13,0.08830000,0.01900000
2018-02-25 18:01:13,0.08822300,0.08700000
2018-02-25 18:01:13,0.08829900,0.03900000
2018-02-25 18:01:13,0.08830000,0.52700000
2018-02-25 18:01:14,0.08822400,0.06300000
2018-02-25 18:01:14,0.08822400,0.02000000
2018-02-25 18:01:14,0.08830000,0.08200000
2018-02-25 18:01:15,0.08829100,1.13200000
2018-02-25 18:01:15,0.08829100,0.07500000
2018-02-25 18:01:15,0.08822500,1.13400000
2018-02-25 18:01:15,0.08829100,0.00600000
2018-02-25 18:01:15,0.08829900,0.07400000
2018-02-25 18:01:15,0.08822500,0.52100000
2018-02-25 18:01:16,0.08822600,0.11300000
2018-02-25 18:01:16,0.08829900,0.00100000
2018-02-25 18:01:16,0.08822600,0.00100000
2018-02-25 18:01:17,0.08822600,0.32300000
2018-02-25 18:01:17,0.08822600,0.14400000
2018-02-25 18:01:17,0.08822600,0.20200000
2018-02-25 18:01:17,0.08822600,0.02000000
2018-02-25 18:01:17,0.08822500,1.13400000
2018-02-25 18:01:17,0.08822600,0.09900000
2018-02-25 18:01:17,0.08822600,0.16300000
2018-02-25 18:01:17,0.08829900,0.10500000
2018-02-25 18:01:17,0.08822500,1.13000000
2018-02-25 18:01:17,0.08829900,0.07800000
2018-02-25 18:01:17,0.08822500,0.00100000
2018-02-25 18:01:17,0.08822300,0.00100000
2018-02-25 18:01:17,0.08822200,0.00100000
2018-02-25 18:01:17,0.08819300,0.02000000
2018-02-25 18:01:17,0.08818200,0.10600000
2018-02-25 18:01:17,0.08818100,0.50900000
2018-02-25 18:01:18,0.08819300,0.01900000
2018-02-25 18:01:18,0.08819500,0.00400000
2018-02-25 18:01:19,0.08829700,1.13300000
2018-02-25 18:01:19,0.08819600,1.13400000
2018-02-25 18:01:19,0.08829700,1.44700000
2018-02-25 18:01:19,0.08819600,0.09600000
2018-02-25 18:01:19,0.08829700,0.11700000
2018-02-25 18:01:20,0.08820100,1.13400000
2018-02-25 18:01:20,0.08820200,0.03600000
2018-02-25 18:01:20,0.08820100,0.47800000
2018-02-25 18:01:20,0.08829500,0.03600000
2018-02-25 18:01:20,0.08829700,0.04500000
2018-02-25 18:01:21,0.08829600,0.61000000
2018-02-25 18:01:21,0.08828800,0.09500000
2018-02-25 18:01:22,0.08820100,0.03100000
2018-02-25 18:01:22,0.08828700,0.02300000
2018-02-25 18:01:22,0.08820900,0.00100000
2018-02-25 18:01:23,0.08820200,0.02200000
2018-02-25 18:01:23,0.08820900,0.02200000
2018-02-25 18:01:23,0.08820900,0.40900000
2018-02-25 18:01:24,0.08820900,0.00100000
2018-02-25 18:01:24,0.08822400,0.03400000
2018-02-25 18:01:24,0.08822500,0.53200000
2018-02-25 18:01:24,0.08822500,6.54100000
2018-02-25 18:01:24,0.08822500,0.20100000
2018-02-25 18:01:24,0.08822500,0.22900000
2018-02-25 18:01:25,0.08822500,0.02900000
2018-02-25 18:01:25,0.08822500,0.02500000
2018-02-25 18:01:25,0.08822500,0.09000000
2018-02-25 18:01:25,0.08822500,0.01400000
2018-02-25 18:01:25,0.08822500,0.01900000
2018-02-25 18:01:25,0.08822500,0.09000000
2018-02-25 18:01:25,0.08822500,0.06300000
2018-02-25 18:01:25,0.08822500,0.06800000
2018-02-25 18:01:25,0.08822500,0.00100000
2018-02-25 18:01:25,0.08828700,0.10800000
2018-02-25 18:01:25,0.08828800,0.45700000
2018-02-25 18:01:26,0.08819100,0.05400000
2018-02-25 18:01:26,0.08828600,0.03000000
2018-02-25 18:01:27,0.08828600,0.03000000
2018-02-25 18:01:27,0.08819400,0.55500000
2018-02-25 18:01:27,0.08828600,0.09400000
2018-02-25 18:01:27,0.08819400,0.00100000
2018-02-25 18:01:27,0.08819300,0.03600000
2018-02-25 18:01:27,0.08819100,0.02000000
2018-02-25 18:01:27,0.08819100,0.03500000
2018-02-25 18:01:27,0.08819100,0.02000000
2018-02-25 18:01:27,0.08819100,0.19100000
2018-02-25 18:01:27,0.08828600,0.24600000
2018-02-25 18:01:27,0.08828600,0.05000000
2018-02-25 18:01:27,0.08828600,0.24600000
2018-02-25 18:01:28,0.08819400,0.19200000
2018-02-25 18:01:28,0.08828400,0.01900000
2018-02-25 18:01:28,0.08828400,0.12300000
2018-02-25 18:01:29,0.08828400,0.02000000
2018-02-25 18:01:29,0.08828200,0.34200000
2018-02-25 18:01:30,0.08828200,0.02000000
2018-02-25 18:01:30,0.08828200,0.00100000
2018-02-25 18:01:30,0.08828300,0.12300000
2018-02-25 18:01:30,0.08828200,0.01900000
2018-02-25 18:01:30,0.08828200,0.00100000
2018-02-25 18:01:30,0.08828300,0.01800000
2018-02-25 18:01:30,0.08828300,0.58000000
2018-02-25 18:01:31,0.08819600,0.05500000
2018-02-25 18:01:31,0.08819600,0.02300000
2018-02-25 18:01:31,0.08819700,0.04500000
2018-02-25 18:01:31,0.08819600,0.01900000
2018-02-25 18:01:31,0.08819600,0.04500000
2018-02-25 18:01:31,0.08819600,0.00100000
2018-02-25 18:01:31,0.08819500,0.04400000
2018-02-25 18:01:31,0.08828200,0.07700000
2018-02-25 18:01:32,0.08819600,0.01200000
2018-02-25 18:01:32,0.08819600,0.00800000
2018-02-25 18:01:32,0.08819500,0.01100000
2018-02-25 18:01:32,0.08819600,0.02000000
2018-02-25 18:01:32,0.08819500,0.70800000
2018-02-25 18:01:32,0.08828200,0.09000000
2018-02-25 18:01:33,0.08828200,0.00100000
2018-02-25 18:01:33,0.08828300,0.11200000
2018-02-25 18:01:33,0.08828300,0.12200000
2018-02-25 18:01:33,0.08819700,0.03100000
2018-02-25 18:01:33,0.08819800,0.09100000
2018-02-25 18:01:34,0.08827700,0.02900000
2018-02-25 18:01:34,0.08827700,0.00400000
2018-02-25 18:01:34,0.08828300,0.00100000
2018-02-25 18:01:34,0.08828400,0.02700000
2018-02-25 18:01:34,0.08820500,0.10300000
2018-02-25 18:01:34,0.08828400,0.09400000
2018-02-25 18:01:35,0.08828400,0.00100000
2018-02-25 18:01:35,0.08828500,0.11200000
2018-02-25 18:01:35,0.08828500,0.76400000
2018-02-25 18:01:37,0.08820700,0.12300000
2018-02-25 18:01:37,0.08820700,0.09500000
2018-02-25 18:01:37,0.08820700,0.73300000
2018-02-25 18:01:41,0.08820700,0.00100000
2018-02-25 18:01:41,0.08828400,0.12300000
2018-02-25 18:01:41,0.08828500,0.77400000
2018-02-25 18:01:41,0.08828600,0.01000000
2018-02-25 18:01:43,0.08820700,0.00600000
2018-02-25 18:01:43,0.08828600,0.02600000
2018-02-25 18:01:43,0.08829900,0.32000000
2018-02-25 18:01:43,0.08830000,0.17200000
2018-02-25 18:01:44,0.08820800,0.11700000
2018-02-25 18:01:44,0.08829900,0.06500000
2018-02-25 18:01:45,0.08829800,0.16400000
2018-02-25 18:01:45,0.08829800,0.12900000
2018-02-25 18:01:45,0.08829900,0.03000000
2018-02-25 18:01:45,0.08830000,0.09800000
2018-02-25 18:01:45,0.08820700,0.11200000
2018-02-25 18:01:45,0.08820800,0.12200000
2018-02-25 18:01:48,0.08829700,0.02200000
2018-02-25 18:01:48,0.08829700,0.17700000
2018-02-25 18:01:48,0.08829600,0.12100000
2018-02-25 18:01:49,0.08820800,0.00100000
2018-02-25 18:01:49,0.08820800,0.95000000
2018-02-25 18:01:49,0.08820800,0.00100000
2018-02-25 18:01:49,0.08829600,0.00100000
2018-02-25 18:01:49,0.08829900,0.02800000
2018-02-25 18:01:49,0.08829900,0.07900000
2018-02-25 18:01:49,0.08829900,0.04300000
2018-02-25 18:01:49,0.08830000,0.09900000
2018-02-25 18:01:49,0.08820700,0.10200000
2018-02-25 18:01:50,0.08829800,0.11100000
2018-02-25 18:01:50,0.08820800,0.12700000
2018-02-25 18:01:50,0.08820800,0.13600000
2018-02-25 18:01:50,0.08820800,0.39400000
2018-02-25 18:01:50,0.08820900,0.01900000
2018-02-25 18:01:50,0.08820900,0.00100000
2018-02-25 18:01:50,0.08820800,0.03400000
2018-02-25 18:01:50,0.08820700,0.02000000
2018-02-25 18:01:50,0.08820600,0.04700000
2018-02-25 18:01:51,0.08820600,0.09900000
2018-02-25 18:01:51,0.08829800,0.10300000
2018-02-25 18:01:51,0.08820600,0.04200000
2018-02-25 18:01:51,0.08819800,0.01400000
2018-02-25 18:01:51,0.08819600,0.02600000
2018-02-25 18:01:51,0.08819500,0.99200000
2018-02-25 18:01:52,0.08819500,0.00300000
2018-02-25 18:01:52,0.08819400,0.00100000
2018-02-25 18:01:52,0.08819300,0.02000000
2018-02-25 18:01:52,0.08819200,0.08200000
2018-02-25 18:01:52,0.08819100,0.01100000
2018-02-25 18:01:52,0.08828300,0.34300000
2018-02-25 18:01:52,0.08828300,0.00100000
2018-02-25 18:01:52,0.08829700,0.34200000
2018-02-25 18:01:52,0.08829700,0.17600000
2018-02-25 18:01:52,0.08819600,0.07500000
2018-02-25 18:01:52,0.08819600,1.15700000
2018-02-25 18:01:52,0.08819500,0.02000000
2018-02-25 18:01:52,0.08819100,0.05400000
2018-02-25 18:01:52,0.08829700,0.12600000
2018-02-25 18:01:52,0.08829700,0.09500000
2018-02-25 18:01:53,0.08829600,0.30300000
2018-02-25 18:01:53,0.08829600,0.01900000
2018-02-25 18:01:53,0.08829600,0.25300000
2018-02-25 18:01:54,0.08829600,0.08400000
2018-02-25 18:01:54,0.08820800,0.02300000
2018-02-25 18:01:54,0.08820900,0.58500000
2018-02-25 18:01:54,0.08820900,0.11300000
2018-02-25 18:01:54,0.08820900,0.35000000
2018-02-25 18:01:55,0.08828000,0.02800000
2018-02-25 18:01:55,0.08820900,0.26000000
2018-02-25 18:01:55,0.08827900,0.00800000
2018-02-25 18:01:55,0.08827900,0.06000000
2018-02-25 18:01:55,0.08827900,0.01500000
2018-02-25 18:01:56,0.08828000,0.17700000
2018-02-25 18:01:56,0.08828000,0.07300000
2018-02-25 18:01:56,0.08828000,0.01500000
2018-02-25 18:01:56,0.08821000,0.08300000
2018-02-25 18:01:56,0.08820900,0.05600000
2018-02-25 18:01:57,0.08827900,0.03900000
2018-02-25 18:01:57,0.08821000,0.03900000
2018-02-25 18:01:57,0.08820900,0.10000000
2018-02-25 18:01:58,0.08827900,0.08300000
2018-02-25 18:01:58,0.08827900,0.00100000
2018-02-25 18:01:58,0.08828000,1.28600000
2018-02-25 18:01:58,0.08828000,0.73700000
2018-02-25 18:01:58,0.08829600,0.35600000
2018-02-25 18:01:58,0.08829700,0.06300000
2018-02-25 18:01:58,0.08827800,0.10800000
2018-02-25 18:01:58,0.08820900,0.12000000
2018-02-25 18:01:58,0.08821000,0.08400000
2018-02-25 18:01:58,0.08820900,0.05500000
2018-02-25 18:01:59,0.08829500,0.03900000
2018-02-25 18:01:59,0.08829700,0.02000000
2018-02-25 18:01:59,0.08820900,0.94700000
2018-02-25 18:01:59,0.08829700,0.55600000
2018-02-25 18:01:59,0.08829600,0.08400000
2018-02-25 18:01:59,0.08829700,0.79500000
2018-02-25 18:01:59,0.08830000,0.13600000
2018-02-25 18:02:00,0.08829700,0.16100000
2018-02-25 18:02:01,0.08830000,0.31900000
2018-02-25 18:02:01,0.08830000,0.50100000
2018-02-25 18:02:01,0.08821100,0.10700000
2018-02-25 18:02:01,0.08830000,0.22300000
2018-02-25 18:02:01,0.08830000,0.13200000
2018-02-25 18:02:01,0.08821000,0.02300000
2018-02-25 18:02:02,0.08821000,0.01500000
2018-02-25 18:02:02,0.08821100,0.08400000
2018-02-25 18:02:02,0.08821100,0.00100000
2018-02-25 18:02:02,0.08821000,0.00100000
2018-02-25 18:02:02,0.08820900,0.82600000
2018-02-25 18:02:02,0.08820800,0.84700000
2018-02-25 18:02:02,0.08820200,0.03600000
2018-02-25 18:02:02,0.08820000,0.12700000
2018-02-25 18:02:02,0.08820000,0.29200000
2018-02-25 18:02:03,0.08820000,0.56700000
2018-02-25 18:02:03,0.08820000,0.03700000
2018-02-25 18:02:03,0.08820000,0.06100000
2018-02-25 18:02:03,0.08818100,0.10300000
2018-02-25 18:02:03,0.08820000,0.18500000
2018-02-25 18:02:03,0.08820000,0.12500000
2018-02-25 18:02:03,0.08820000,0.02000000
2018-02-25 18:02:03,0.08820000,0.56700000
2018-02-25 18:02:03,0.08818100,0.06000000
2018-02-25 18:02:03,0.08820000,0.11600000
2018-02-25 18:02:03,0.08820000,0.77000000
2018-02-25 18:02:03,0.08820000,0.41700000
2018-02-25 18:02:03,0.08820800,0.12400000
2018-02-25 18:02:03,0.08820900,2.73400000
2018-02-25 18:02:04,0.08820900,6.67900000
2018-02-25 18:02:04,0.08820900,8.70800000
2018-02-25 18:02:04,0.08820900,0.11600000
2018-02-25 18:02:05,0.08820900,0.31800000
2018-02-25 18:02:05,0.08820900,4.46600000
2018-02-25 18:02:05,0.08820900,0.01500000
2018-02-25 18:02:06,0.08820900,0.41400000
2018-02-25 18:02:06,0.08820900,0.23100000
2018-02-25 18:02:07,0.08820900,0.13600000
2018-02-25 18:02:07,0.08820900,0.05400000
2018-02-25 18:02:07,0.08820900,0.58100000
2018-02-25 18:02:08,0.08820900,0.58200000
2018-02-25 18:02:08,0.08820900,0.07300000
2018-02-25 18:02:08,0.08820900,0.38700000
2018-02-25 18:02:09,0.08820900,0.09900000
2018-02-25 18:02:09,0.08820900,0.23500000
2018-02-25 18:02:09,0.08820900,0.24800000
2018-02-25 18:02:10,0.08820900,0.18000000
2018-02-25 18:02:10,0.08820900,0.57400000
2018-02-25 18:02:10,0.08820900,0.70300000
2018-02-25 18:02:11,0.08820900,0.04300000
2018-02-25 18:02:11,0.08820900,1.13200000
2018-02-25 18:02:11,0.08820900,0.42900000
2018-02-25 18:02:12,0.08818100,0.30200000
2018-02-25 18:02:14,0.08820900,0.02200000
2018-02-25 18:02:14,0.08818100,0.00100000
2018-02-25 18:02:14,0.08818000,0.13800000
2018-02-25 18:02:14,0.08820900,0.43100000
2018-02-25 18:02:14,0.08820900,0.11000000
2018-02-25 18:02:15,0.08820900,0.30000000
2018-02-25 18:02:15,0.08826900,0.42300000
2018-02-25 18:02:15,0.08828000,0.24100000
2018-02-25 18:02:15,0.08829400,0.03600000
2018-02-25 18:02:15,0.08830000,0.07500000
2018-02-25 18:02:15,0.08830000,7.06700000
2018-02-25 18:02:15,0.08830600,0.10300000
2018-02-25 18:02:15,0.08818100,0.02000000
2018-02-25 18:02:15,0.08818000,0.11900000
2018-02-25 18:02:15,0.08830600,0.04700000
2018-02-25 18:02:15,0.08832400,0.38300000
2018-02-25 18:02:15,0.08832500,0.50200000
2018-02-25 18:02:15,0.08834500,0.10000000
2018-02-25 18:02:16,0.08818200,1.13400000
2018-02-25 18:02:16,0.08818200,0.15100000
2018-02-25 18:02:16,0.08818300,0.26600000
2018-02-25 18:02:16,0.08827000,0.12000000
2018-02-25 18:02:16,0.08818400,0.12300000
2018-02-25 18:02:16,0.08818300,0.38300000
2018-02-25 18:02:18,0.08818600,0.50600000
2018-02-25 18:02:18,0.08827000,0.14800000
2018-02-25 18:02:18,0.08829200,0.12300000
2018-02-25 18:02:18,0.08829400,0.27800000
2018-02-25 18:02:18,0.08832000,0.12000000
2018-02-25 18:02:18,0.08834500,0.45700000
2018-02-25 18:02:18,0.08834500,0.27100000
2018-02-25 18:02:18,0.08835000,0.04100000
2018-02-25 18:02:18,0.08835100,0.14000000
2018-02-25 18:02:18,0.08835300,1.72300000
2018-02-25 18:02:18,0.08835300,0.27400000
2018-02-25 18:02:18,0.08835700,0.02800000
2018-02-25 18:02:18,0.08838200,1.05300000
2018-02-25 18:02:19,0.08819400,0.07700000
2018-02-25 18:02:19,0.08819400,0.03300000
2018-02-25 18:02:19,0.08819300,0.03400000
2018-02-25 18:02:21,0.08831500,0.10100000
2018-02-25 18:02:21,0.08831500,0.09800000
2018-02-25 18:02:22,0.08820900,0.02000000
2018-02-25 18:02:22,0.08820900,0.01600000
2018-02-25 18:02:22,0.08820900,0.01300000
2018-02-25 18:02:22,0.08820900,0.02200000
2018-02-25 18:02:22,0.08820900,0.55400000
2018-02-25 18:02:22,0.08820900,0.04600000
2018-02-25 18:02:23,0.08820800,0.45600000
2018-02-25 18:02:23,0.08820800,0.12100000
2018-02-25 18:02:23,0.08821000,0.49000000
2018-02-25 18:02:23,0.08820800,1.59400000
2018-02-25 18:02:24,0.08831000,0.09600000
2018-02-25 18:02:24,0.08821200,1.09300000
2018-02-25 18:02:24,0.08821200,0.05000000
2018-02-25 18:02:24,0.08821400,0.03600000
2018-02-25 18:02:24,0.08821200,0.01100000
2018-02-25 18:02:24,0.08821200,0.06700000
2018-02-25 18:02:25,0.08821300,0.12200000
2018-02-25 18:02:26,0.08821400,0.26900000
2018-02-25 18:02:27,0.08821400,0.09900000
2018-02-25 18:02:27,0.08830500,0.03900000
2018-02-25 18:02:28,0.08821300,0.09900000
2018-02-25 18:02:28,0.08821300,0.20500000
2018-02-25 18:02:30,0.08828900,0.12000000
2018-02-25 18:02:31,0.08828400,0.12200000
2018-02-25 18:02:31,0.08828400,0.00100000
2018-02-25 18:02:31,0.08828500,0.12200000
2018-02-25 18:02:32,0.08828000,0.16100000
2018-02-25 18:02:35,0.08828000,0.22800000
2018-02-25 18:02:35,0.08819100,0.12300000
2018-02-25 18:02:35,0.08819000,0.15600000
2018-02-25 18:02:36,0.08819000,0.11700000
2018-02-25 18:02:36,0.08819000,0.03700000
2018-02-25 18:02:36,0.08819000,0.09500000
2018-02-25 18:02:36,0.08818300,0.15900000
2018-02-25 18:02:36,0.08818200,0.02000000
2018-02-25 18:02:36,0.08818000,0.00600000
2018-02-25 18:02:37,0.08827800,0.01400000
2018-02-25 18:02:38,0.08818600,0.01400000
2018-02-25 18:02:38,0.08818500,0.13200000
2018-02-25 18:02:38,0.08818300,0.13300000
2018-02-25 18:02:38,0.08819400,0.02500000
2018-02-25 18:02:38,0.08818300,0.99400000
2018-02-25 18:02:39,0.08818300,0.05600000
2018-02-25 18:02:39,0.08818300,0.01000000
2018-02-25 18:02:40,0.08818300,0.00100000
2018-02-25 18:02:40,0.08825000,0.01500000
2018-02-25 18:02:41,0.08818300,0.01300000
2018-02-25 18:02:41,0.08824800,0.02000000
2018-02-25 18:02:42,0.08818300,0.48400000
2018-02-25 18:02:43,0.08818400,0.01800000
2018-02-25 18:02:43,0.08824700,0.02000000
2018-02-25 18:02:43,0.08818500,0.01600000
2018-02-25 18:02:43,0.08818400,0.00200000
2018-02-25 18:02:43,0.08818400,0.16700000
2018-02-25 18:02:44,0.08818400,0.01300000
2018-02-25 18:02:44,0.08818400,0.05100000
2018-02-25 18:02:44,0.08818400,0.01900000
2018-02-25 18:02:44,0.08824600,0.06300000
2018-02-25 18:02:44,0.08824600,0.02700000
2018-02-25 18:02:44,0.08818000,0.11700000
2018-02-25 18:02:44,0.08817000,0.08800000
2018-02-25 18:02:44,0.08816900,0.07100000
2018-02-25 18:02:45,0.08818300,0.03300000
2018-02-25 18:02:45,0.08816900,0.02800000
2018-02-25 18:02:45,0.08816900,0.00100000
2018-02-25 18:02:45,0.08816800,0.61000000
2018-02-25 18:02:45,0.08816700,1.78100000
2018-02-25 18:02:45,0.08816700,0.30900000
2018-02-25 18:02:46,0.08816700,0.72100000
2018-02-25 18:02:46,0.08816700,0.07000000
2018-02-25 18:02:46,0.08816700,1.13300000
2018-02-25 18:02:46,0.08818300,0.00300000
2018-02-25 18:02:46,0.08818300,0.03000000
2018-02-25 18:02:46,0.08816700,0.25000000
2018-02-25 18:02:46,0.08816700,0.05000000
2018-02-25 18:02:46,0.08816700,0.66900000
2018-02-25 18:02:46,0.08824200,0.02000000
2018-02-25 18:02:46,0.08816700,0.17700000
2018-02-25 18:02:47,0.08816700,0.22600000
2018-02-25 18:02:47,0.08816700,0.08900000
2018-02-25 18:02:47,0.08824100,0.00400000
2018-02-25 18:02:47,0.08816800,0.01700000
2018-02-25 18:02:47,0.08816700,0.25100000
2018-02-25 18:02:47,0.08816700,0.02100000
2018-02-25 18:02:47,0.08824000,0.00400000
2018-02-25 18:02:48,0.08816700,0.13100000
2018-02-25 18:02:48,0.08816700,0.07200000
2018-02-25 18:02:48,0.08816700,0.04900000
2018-02-25 18:02:49,0.08816700,0.12900000
2018-02-25 18:02:49,0.08823700,0.01700000
2018-02-25 18:02:49,0.08823800,0.00900000
2018-02-25 18:02:49,0.08823800,0.02000000
2018-02-25 18:02:49,0.08823800,0.08300000
2018-02-25 18:02:49,0.08816800,0.02100000
2018-02-25 18:02:49,0.08816700,0.27900000
2018-02-25 18:02:49,0.08816700,0.00900000
2018-02-25 18:02:50,0.08823600,0.37700000
2018-02-25 18:02:50,0.08816700,3.91500000
2018-02-25 18:02:50,0.08816700,0.02700000
2018-02-25 18:02:50,0.08816700,0.38300000
2018-02-25 18:02:50,0.08816700,0.17400000
2018-02-25 18:02:50,0.08816100,0.27900000
2018-02-25 18:02:51,0.08816700,0.07300000
2018-02-25 18:02:51,0.08816700,2.12000000
2018-02-25 18:02:51,0.08816700,0.02800000
2018-02-25 18:02:51,0.08816100,0.03400000
2018-02-25 18:02:51,0.08816700,0.04000000
2018-02-25 18:02:52,0.08816100,0.19100000
2018-02-25 18:02:52,0.08816700,0.48100000
2018-02-25 18:02:52,0.08816100,0.06800000
2018-02-25 18:02:52,0.08816700,0.04500000
2018-02-25 18:02:52,0.08816700,0.02700000
2018-02-25 18:02:52,0.08816700,0.00100000
2018-02-25 18:02:52,0.08823800,0.02800000
2018-02-25 18:02:56,0.08823200,1.13300000
2018-02-25 18:02:56,0.08823200,0.68600000
2018-02-25 18:02:56,0.08823200,2.73600000
2018-02-25 18:02:56,0.08824700,0.42600000
2018-02-25 18:02:57,0.08824600,0.02300000
2018-02-25 18:02:58,0.08824600,0.08600000
2018-02-25 18:02:59,0.08824500,0.07700000
2018-02-25 18:02:59,0.08824500,0.03100000
2018-02-25 18:02:59,0.08824500,0.87600000
2018-02-25 18:02:59,0.08816900,0.00300000
2018-02-25 18:03:00,0.08820900,0.23800000
2018-02-25 18:03:00,0.08824400,0.40300000
2018-02-25 18:03:00,0.08824400,0.01900000
2018-02-25 18:03:01,0.08825000,0.62300000
2018-02-25 18:03:02,0.08824300,0.28600000
2018-02-25 18:03:02,0.08824300,0.16600000
2018-02-25 18:03:02,0.08824300,0.66800000
2018-02-25 18:03:02,0.08817200,0.10000000
2018-02-25 18:03:02,0.08824200,0.80200000
2018-02-25 18:03:02,0.08817200,0.00900000
2018-02-25 18:03:03,0.08824200,0.11300000
2018-02-25 18:03:04,0.08824000,3.82700000
2018-02-25 18:03:04,0.08824100,4.55200000
2018-02-25 18:03:04,0.08824300,0.28800000
2018-02-25 18:03:05,0.08824300,1.13300000
2018-02-25 18:03:05,0.08824300,1.13600000
2018-02-25 18:03:05,0.08824300,0.69900000
2018-02-25 18:03:05,0.08824300,0.43300000
2018-02-25 18:03:05,0.08824400,0.12200000
2018-02-25 18:03:06,0.08825000,0.04400000
2018-02-25 18:03:06,0.08824400,0.00100000
2018-02-25 18:03:06,0.08824300,0.03300000
2018-02-25 18:03:07,0.08824300,1.13400000
2018-02-25 18:03:07,0.08824300,0.40300000
2018-02-25 18:03:07,0.08824300,1.13600000
2018-02-25 18:03:07,0.08824300,0.08900000
2018-02-25 18:03:07,0.08824300,1.52600000
2018-02-25 18:03:07,0.08824300,3.38300000
2018-02-25 18:03:07,0.08825000,0.34300000
2018-02-25 18:03:07,0.08824300,2.26400000
2018-02-25 18:03:07,0.08824300,0.15700000
2018-02-25 18:03:07,0.08825000,0.24900000
2018-02-25 18:03:08,0.08824300,1.06600000
2018-02-25 18:03:09,0.08824300,0.05500000
2018-02-25 18:03:09,0.08824300,0.11300000
2018-02-25 18:03:09,0.08824700,0.04900000
2018-02-25 18:03:09,0.08824700,0.00100000
2018-02-25 18:03:09,0.08825000,0.00200000
2018-02-25 18:03:09,0.08827400,1.65400000
2018-02-25 18:03:09,0.08828000,0.29100000
2018-02-25 18:03:09,0.08828000,0.11400000
2018-02-25 18:03:10,0.08824400,0.06900000
2018-02-25 18:03:10,0.08824400,0.16100000
2018-02-25 18:03:10,0.08824300,0.01700000
2018-02-25 18:03:10,0.08824400,0.20000000
2018-02-25 18:03:10,0.08824300,0.14300000
2018-02-25 18:03:10,0.08828000,0.03100000
2018-02-25 18:03:11,0.08828000,0.10000000
2018-02-25 18:03:11,0.08824400,0.02900000
2018-02-25 18:03:11,0.08828000,0.02400000
2018-02-25 18:03:12,0.08828000,0.04800000
2018-02-25 18:03:12,0.08828000,0.23700000
2018-02-25 18:03:12,0.08828000,0.00400000
2018-02-25 18:03:12,0.08828300,0.10200000
2018-02-25 18:03:12,0.08824400,0.17100000
2018-02-25 18:03:12,0.08824300,0.25000000
2018-02-25 18:03:12,0.08828400,0.01700000
2018-02-25 18:03:12,0.08824300,0.05100000
2018-02-25 18:03:12,0.08824400,0.20000000
2018-02-25 18:03:12,0.08824300,0.79700000
2018-02-25 18:03:12,0.08824300,0.54000000
2018-02-25 18:03:13,0.08828000,0.40500000
2018-02-25 18:03:14,0.08824400,0.03300000
2018-02-25 18:03:15,0.08824800,0.09900000
2018-02-25 18:03:15,0.08824800,0.16700000
2018-02-25 18:03:15,0.08824800,0.10000000
2018-02-25 18:03:15,0.08824300,0.26500000
2018-02-25 18:03:15,0.08824300,0.28400000
2018-02-25 18:03:16,0.08824800,0.13900000
2018-02-25 18:03:16,0.08824800,0.12100000
2018-02-25 18:03:16,0.08824300,0.04300000
2018-02-25 18:03:17,0.08824800,0.03900000
2018-02-25 18:03:17,0.08824800,0.00100000
2018-02-25 18:03:17,0.08824300,0.16200000
2018-02-25 18:03:19,0.08824300,0.99800000
2018-02-25 18:03:20,0.08824300,0.09800000
2018-02-25 18:03:22,0.08824300,0.15800000
2018-02-25 18:03:22,0.08824300,0.15800000
2018-02-25 18:03:22,0.08824300,0.15900000
2018-02-25 18:03:23,0.08824300,0.18600000
2018-02-25 18:03:23,0.08824300,0.19700000
2018-02-25 18:03:23,0.08824300,0.46300000
2018-02-25 18:03:23,0.08824300,0.21000000
2018-02-25 18:03:23,0.08824300,0.28000000
2018-02-25 18:03:24,0.08824300,0.33600000
2018-02-25 18:03:24,0.08824300,1.25100000
2018-02-25 18:03:25,0.08824300,0.28200000
2018-02-25 18:03:25,0.08824300,0.40200000
2018-02-25 18:03:25,0.08824300,1.76300000
2018-02-25 18:03:25,0.08824300,0.05500000
2018-02-25 18:03:26,0.08824300,0.47800000
2018-02-25 18:03:26,0.08824300,0.27900000
2018-02-25 18:03:27,0.08828400,0.00100000
2018-02-25 18:03:27,0.08830000,0.05300000
2018-02-25 18:03:27,0.08830000,0.02700000
2018-02-25 18:03:27,0.08824300,0.12300000
2018-02-25 18:03:27,0.08830000,0.00300000
2018-02-25 18:03:27,0.08824300,0.14400000
2018-02-25 18:03:28,0.08834800,0.04800000
2018-02-25 18:03:28,0.08834800,0.03300000
2018-02-25 18:03:28,0.08824500,0.03600000
2018-02-25 18:03:28,0.08824300,0.18000000
2018-02-25 18:03:28,0.08824400,0.35400000
2018-02-25 18:03:28,0.08824400,0.12700000
2018-02-25 18:03:28,0.08834500,0.12100000
2018-02-25 18:03:29,0.08825000,0.02100000
2018-02-25 18:03:29,0.08834500,0.02200000
2018-02-25 18:03:29,0.08834600,0.03600000
2018-02-25 18:03:29,0.08834700,0.04300000
2018-02-25 18:03:29,0.08825000,0.11300000
2018-02-25 18:03:29,0.08825100,0.06800000
2018-02-25 18:03:30,0.08834000,0.06800000
2018-02-25 18:03:30,0.08833900,0.01500000
2018-02-25 18:03:33,0.08825400,0.06000000
2018-02-25 18:03:34,0.08825500,0.01900000
2018-02-25 18:03:35,0.08825500,0.09200000
2018-02-25 18:03:36,0.08825600,0.01900000
2018-02-25 18:03:36,0.08825600,0.00100000
2018-02-25 18:03:36,0.08825500,0.10500000
2018-02-25 18:03:36,0.08825500,0.11200000
2018-02-25 18:03:37,0.08833500,1.12700000
2018-02-25 18:03:38,0.08825500,0.00300000
2018-02-25 18:03:38,0.08825500,2.26500000
2018-02-25 18:03:39,0.08825400,0.01000000
2018-02-25 18:03:39,0.08824400,1.12300000
2018-02-25 18:03:40,0.08824400,0.09600000
2018-02-25 18:03:40,0.08824400,0.09600000
2018-02-25 18:03:41,0.08825500,0.08200000
2018-02-25 18:03:41,0.08825500,0.04000000
2018-02-25 18:03:41,0.08825500,0.07000000
2018-02-25 18:03:41,0.08824400,0.02700000
2018-02-25 18:03:42,0.08825500,0.02000000
2018-02-25 18:03:42,0.08825500,0.00100000
2018-02-25 18:03:42,0.08832000,0.01800000
2018-02-25 18:03:42,0.08832000,0.18200000
2018-02-25 18:03:42,0.08825500,0.01700000
2018-02-25 18:03:42,0.08825000,0.05800000
2018-02-25 18:03:42,0.08825000,0.01200000
2018-02-25 18:03:43,0.08824400,0.47900000
2018-02-25 18:03:43,0.08824400,0.00500000
2018-02-25 18:03:45,0.08824400,0.05000000
2018-02-25 18:03:46,0.08824400,0.01500000
2018-02-25 18:03:46,0.08824400,0.04800000
2018-02-25 18:03:46,0.08824400,0.27900000
2018-02-25 18:03:47,0.08824400,0.01400000
2018-02-25 18:03:48,0.08824400,0.98600000
2018-02-25 18:03:48,0.08824400,0.75200000
2018-02-25 18:03:49,0.08824400,0.27900000
2018-02-25 18:03:49,0.08824400,0.13700000
2018-02-25 18:03:49,0.08824400,0.45300000
2018-02-25 18:03:49,0.08824400,3.14800000
2018-02-25 18:03:49,0.08824400,0.40000000
2018-02-25 18:03:49,0.08832000,0.00400000
2018-02-25 18:03:49,0.08832800,0.05500000
2018-02-25 18:03:50,0.08832800,0.01400000
2018-02-25 18:03:50,0.08824400,0.01000000
2018-02-25 18:03:50,0.08824500,0.06600000
2018-02-25 18:03:51,0.08832500,0.03300000
2018-02-25 18:03:51,0.08832500,0.02000000
2018-02-25 18:03:51,0.08832600,0.02500000
2018-02-25 18:03:51,0.08832600,0.05200000
2018-02-25 18:03:51,0.08832600,0.89600000
2018-02-25 18:03:51,0.08832600,0.55500000
2018-02-25 18:03:51,0.08832600,1.00000000
2018-02-25 18:03:52,0.08824600,0.05500000
2018-02-25 18:03:52,0.08824700,0.21300000
2018-02-25 18:03:52,0.08824700,0.27900000
2018-02-25 18:03:52,0.08824700,0.21300000
2018-02-25 18:03:53,0.08824700,0.21300000
2018-02-25 18:03:53,0.08824700,0.03400000
2018-02-25 18:03:53,0.08824700,0.09700000
2018-02-25 18:03:53,0.08824700,0.04500000
2018-02-25 18:03:53,0.08824600,0.00100000
2018-02-25 18:03:53,0.08824400,0.27800000
2018-02-25 18:03:53,0.08820000,0.00100000
2018-02-25 18:03:53,0.08824700,0.02900000
2018-02-25 18:03:54,0.08824700,0.00100000
2018-02-25 18:03:55,0.08824800,0.02600000
2018-02-25 18:03:55,0.08824800,0.00300000
2018-02-25 18:03:55,0.08824700,0.06300000
2018-02-25 18:03:57,0.08833100,0.01800000
2018-02-25 18:03:57,0.08824700,0.10000000
2018-02-25 18:03:57,0.08824700,0.00900000
2018-02-25 18:03:57,0.08824700,0.78500000
2018-02-25 18:03:57,0.08824700,0.07600000
2018-02-25 18:03:57,0.08824800,0.00100000
2018-02-25 18:03:58,0.08833100,0.10500000
2018-02-25 18:03:58,0.08833200,0.21800000
2018-02-25 18:03:58,0.08833100,0.02200000
2018-02-25 18:03:59,0.08833100,0.00100000
2018-02-25 18:03:59,0.08825100,0.05600000
2018-02-25 18:03:59,0.08825100,0.60300000
2018-02-25 18:04:01,0.08833200,0.01900000
2018-02-25 18:04:01,0.08833500,0.04000000
2018-02-25 18:04:02,0.08825400,0.01200000
2018-02-25 18:04:03,0.08833400,0.01200000
2018-02-25 18:04:03,0.08825500,0.11000000
2018-02-25 18:04:03,0.08825500,0.10300000
2018-02-25 18:04:04,0.08833300,0.04400000
2018-02-25 18:04:04,0.08825800,0.10300000
2018-02-25 18:04:04,0.08825800,0.11000000
2018-02-25 18:04:04,0.08833300,0.00100000
2018-02-25 18:04:04,0.08833400,0.00100000
2018-02-25 18:04:04,0.08833800,0.06000000
2018-02-25 18:04:04,0.08824800,0.19800000
2018-02-25 18:04:04,0.08824900,0.01300000
2018-02-25 18:04:04,0.08824800,0.38900000
2018-02-25 18:04:04,0.08824800,1.19300000
2018-02-25 18:04:04,0.08824700,2.08600000
2018-02-25 18:04:05,0.08824700,0.61000000
2018-02-25 18:04:05,0.08833700,0.14000000
2018-02-25 18:04:05,0.08824700,0.09000000
2018-02-25 18:04:05,0.08833700,0.01900000
2018-02-25 18:04:06,0.08825500,0.09900000
2018-02-25 18:04:07,0.08825500,0.00200000
2018-02-25 18:04:07,0.08825500,0.01600000
2018-02-25 18:04:07,0.08833600,0.01500000
2018-02-25 18:04:07,0.08827500,0.00400000
2018-02-25 18:04:07,0.08825400,0.10500000
2018-02-25 18:04:07,0.08833600,0.01500000
2018-02-25 18:04:07,0.08825500,0.01800000
2018-02-25 18:04:07,0.08825400,0.00500000
2018-02-25 18:04:08,0.08825400,0.03900000
2018-02-25 18:04:08,0.08825300,0.99900000
2018-02-25 18:04:08,0.08825400,0.00100000
2018-02-25 18:04:08,0.08825500,0.03800000
2018-02-25 18:04:08,0.08825300,0.00100000
2018-02-25 18:04:08,0.08824700,0.01600000
2018-02-25 18:04:08,0.08824700,0.05800000
2018-02-25 18:04:08,0.08825500,0.10600000
2018-02-25 18:04:09,0.08825400,0.03800000
2018-02-25 18:04:09,0.08825400,0.00200000
2018-02-25 18:04:09,0.08824700,0.01600000
2018-02-25 18:04:09,0.08825400,0.03400000
2018-02-25 18:04:09,0.08825400,0.00600000
2018-02-25 18:04:09,0.08824700,0.03300000
2018-02-25 18:04:10,0.08824700,1.13700000
2018-02-25 18:04:10,0.08824700,0.07500000
2018-02-25 18:04:10,0.08824700,0.24900000
2018-02-25 18:04:10,0.08824700,0.02100000
2018-02-25 18:04:10,0.08824700,0.38300000
2018-02-25 18:04:10,0.08824700,0.60900000
2018-02-25 18:04:11,0.08824700,0.40400000
2018-02-25 18:04:11,0.08824700,0.28000000
2018-02-25 18:04:11,0.08824700,0.60900000
2018-02-25 18:04:11,0.08824700,0.09700000
2018-02-25 18:04:11,0.08824700,0.08900000
2018-02-25 18:04:11,0.08824700,0.16800000
2018-02-25 18:04:11,0.08824700,1.90100000
2018-02-25 18:04:12,0.08824700,0.14400000
2018-02-25 18:04:13,0.08824700,0.11600000
2018-02-25 18:04:13,0.08824700,0.49100000
2018-02-25 18:04:13,0.08824700,1.36600000
2018-02-25 18:04:13,0.08825500,0.00100000
2018-02-25 18:04:13,0.08825500,0.04900000
2018-02-25 18:04:13,0.08824700,0.09500000
2018-02-25 18:04:14,0.08824700,0.45100000
2018-02-25 18:04:14,0.08824700,0.61600000
2018-02-25 18:04:14,0.08824700,0.11600000
2018-02-25 18:04:14,0.08833400,0.02200000
2018-02-25 18:04:15,0.08824800,0.01700000
2018-02-25 18:04:15,0.08824700,0.00100000
2018-02-25 18:04:15,0.08833300,0.04500000
2018-02-25 18:04:15,0.08833300,0.05900000
2018-02-25 18:04:15,0.08833300,0.10000000
2018-02-25 18:04:16,0.08833300,0.17900000
2018-02-25 18:04:16,0.08833300,1.32300000
2018-02-25 18:04:16,0.08824800,0.10200000
2018-02-25 18:04:16,0.08824800,0.00200000
2018-02-25 18:04:16,0.08824700,0.10100000
2018-02-25 18:04:16,0.08824700,0.01300000
2018-02-25 18:04:16,0.08824700,0.10900000
2018-02-25 18:04:17,0.08824700,0.01300000
2018-02-25 18:04:17,0.08824700,0.23200000
2018-02-25 18:04:17,0.08825000,0.09600000
2018-02-25 18:04:18,0.08825000,0.07100000
2018-02-25 18:04:18,0.08825000,0.61600000
2018-02-25 18:04:20,0.08825000,0.00500000
2018-02-25 18:04:20,0.08833100,0.27200000
2018-02-25 18:04:20,0.08833200,0.72700000
2018-02-25 18:04:21,0.08825000,0.00100000
2018-02-25 18:04:21,0.08824800,0.11900000
2018-02-25 18:04:24,0.08833100,0.01700000
2018-02-25 18:04:25,0.08833100,0.12000000
2018-02-25 18:04:25,0.08833100,0.02200000
2018-02-25 18:04:25,0.08833200,0.19300000
2018-02-25 18:04:25,0.08833200,0.02000000
2018-02-25 18:04:25,0.08833100,0.01800000
2018-02-25 18:04:26,0.08824900,0.12000000
2018-02-25 18:04:27,0.08824900,0.00100000
2018-02-25 18:04:27,0.08824700,0.17500000
2018-02-25 18:04:27,0.08833100,0.12100000
2018-02-25 18:04:27,0.08833100,0.02100000
2018-02-25 18:04:27,0.08833200,0.02700000
2018-02-25 18:04:27,0.08824700,0.05600000
2018-02-25 18:04:27,0.08833100,0.02000000
2018-02-25 18:04:27,0.08833200,0.26600000
2018-02-25 18:04:27,0.08833100,0.02000000
2018-02-25 18:04:27,0.08833100,0.09800000
2018-02-25 18:04:27,0.08824800,0.10000000
2018-02-25 18:04:28,0.08833100,0.14100000
2018-02-25 18:04:28,0.08824800,0.02100000
2018-02-25 18:04:28,0.08833100,0.17100000
2018-02-25 18:04:28,0.08824800,0.00100000
2018-02-25 18:04:28,0.08824700,0.17500000
2018-02-25 18:04:28,0.08824700,0.02200000
2018-02-25 18:04:28,0.08824700,0.46800000
2018-02-25 18:04:29,0.08824500,0.78600000
2018-02-25 18:04:30,0.08824700,0.08700000
2018-02-25 18:04:30,0.08824700,0.05400000
2018-02-25 18:04:30,0.08824700,0.02100000
2018-02-25 18:04:30,0.08824700,0.09100000
2018-02-25 18:04:30,0.08824700,0.06000000
2018-02-25 18:04:30,0.08824700,0.09100000
2018-02-25 18:04:31,0.08824700,0.09100000
2018-02-25 18:04:31,0.08824700,0.15300000
2018-02-25 18:04:31,0.08833100,0.09000000
2018-02-25 18:04:32,0.08824700,0.18600000
2018-02-25 18:04:32,0.08824700,0.00200000
2018-02-25 18:04:32,0.08824500,0.00100000
2018-02-25 18:04:32,0.08824400,0.17400000
2018-02-25 18:04:32,0.08824400,0.03700000
2018-02-25 18:04:32,0.08833100,0.06400000
2018-02-25 18:04:33,0.08824700,0.18700000
2018-02-25 18:04:33,0.08833100,0.27200000
2018-02-25 18:04:33,0.08833100,0.60800000
2018-02-25 18:04:34,0.08824700,0.00100000
2018-02-25 18:04:34,0.08824400,0.12000000
2018-02-25 18:04:34,0.08824400,0.07300000
2018-02-25 18:04:34,0.08833000,0.07900000
2018-02-25 18:04:34,0.08833000,0.01000000
2018-02-25 18:04:35,0.08824400,0.00100000
2018-02-25 18:04:35,0.08820800,0.11900000
2018-02-25 18:04:36,0.08821000,0.10300000
2018-02-25 18:04:36,0.08821300,0.12300000
2018-02-25 18:04:36,0.08821200,0.15700000
2018-02-25 18:04:37,0.08832800,0.06400000
2018-02-25 18:04:37,0.08832800,0.03800000
2018-02-25 18:04:37,0.08832700,0.12300000
2018-02-25 18:04:37,0.08832800,0.07700000
2018-02-25 18:04:37,0.08832800,0.12300000
2018-02-25 18:04:37,0.08832600,0.15000000
2018-02-25 18:04:38,0.08821300,0.28000000
2018-02-25 18:04:38,0.08832600,0.02900000
2018-02-25 18:04:39,0.08832500,0.21900000
2018-02-25 18:04:39,0.08821600,0.28000000
2018-02-25 18:04:40,0.08832300,0.20100000
2018-02-25 18:04:40,0.08822000,0.17700000
2018-02-25 18:04:40,0.08822200,0.12300000
2018-02-25 18:04:40,0.08822100,0.08800000
2018-02-25 18:04:42,0.08822300,0.02000000
2018-02-25 18:04:42,0.08822200,0.26000000
2018-02-25 18:04:44,0.08822500,0.01900000
2018-02-25 18:04:44,0.08822500,0.00100000
2018-02-25 18:04:44,0.08822400,0.01800000
2018-02-25 18:04:44,0.08822400,0.27900000
2018-02-25 18:04:45,0.08822400,0.13700000
2018-02-25 18:04:45,0.08822400,0.28000000
2018-02-25 18:04:46,0.08830900,0.12200000
2018-02-25 18:04:46,0.08822500,0.12200000
2018-02-25 18:04:46,0.08822400,0.15700000
2018-02-25 18:04:47,0.08830600,0.02300000
2018-02-25 18:04:47,0.08830600,0.02200000
2018-02-25 18:04:47,0.08830600,0.02200000
2018-02-25 18:04:47,0.08830600,0.02200000
2018-02-25 18:04:47,0.08830600,0.03200000
2018-02-25 18:04:48,0.08830000,0.10100000
2018-02-25 18:04:48,0.08822400,0.17700000
2018-02-25 18:04:48,0.08822400,0.08400000
2018-02-25 18:04:48,0.08830000,0.02400000
2018-02-25 18:04:49,0.08830000,0.02400000
2018-02-25 18:04:49,0.08830000,0.03100000
2018-02-25 18:04:49,0.08830600,0.00100000
2018-02-25 18:04:49,0.08830800,0.11900000
2018-02-25 18:04:49,0.08830900,3.18000000
2018-02-25 18:04:49,0.08831000,0.02000000
2018-02-25 18:04:49,0.08831500,0.41500000
2018-02-25 18:04:49,0.08831500,0.20700000
2018-02-25 18:04:51,0.08822400,0.02000000
2018-02-25 18:04:51,0.08822600,0.12200000
2018-02-25 18:04:51,0.08822500,0.44400000
2018-02-25 18:04:51,0.08831600,0.01200000
2018-02-25 18:04:51,0.08822500,0.45300000
2018-02-25 18:04:52,0.08831600,0.05900000
2018-02-25 18:04:52,0.08822500,0.11300000
2018-02-25 18:04:52,0.08822400,0.00100000
2018-02-25 18:04:52,0.08821800,0.03600000
2018-02-25 18:04:52,0.08821100,0.28600000
2018-02-25 18:04:53,0.08831400,0.10600000
2018-02-25 18:04:54,0.08822400,0.05700000
2018-02-25 18:04:54,0.08830400,0.15400000
2018-02-25 18:04:54,0.08822400,0.22900000
2018-02-25 18:04:55,0.08830300,0.12300000
2018-02-25 18:04:55,0.08830400,0.94600000
2018-02-25 18:04:57,0.08822500,0.03100000
2018-02-25 18:04:58,0.08830400,0.01900000
2018-02-25 18:04:59,0.08822600,0.09200000
2018-02-25 18:04:59,0.08822400,0.09900000
2018-02-25 18:05:01,0.08822600,0.02000000
2018-02-25 18:05:01,0.08822600,0.00700000
2018-02-25 18:05:01,0.08822400,0.00900000
2018-02-25 18:05:01,0.08822400,0.00100000
2018-02-25 18:05:01,0.08822400,0.20600000
2018-02-25 18:05:03,0.08830300,0.10900000
2018-02-25 18:05:04,0.08822500,0.26500000
2018-02-25 18:05:05,0.08829500,0.01200000
2018-02-25 18:05:06,0.08822500,0.79500000
2018-02-25 18:05:07,0.08822500,1.12600000
2018-02-25 18:05:08,0.08822400,0.43300000
2018-02-25 18:05:09,0.08822100,0.15100000
2018-02-25 18:05:10,0.08822100,0.26800000
2018-02-25 18:05:10,0.08822100,0.07100000
2018-02-25 18:05:10,0.08822100,0.08200000
2018-02-25 18:05:10,0.08821700,0.19800000
2018-02-25 18:05:11,0.08821800,0.27500000
2018-02-25 18:05:11,0.08821800,0.20900000
2018-02-25 18:05:12,0.08821800,0.27400000
2018-02-25 18:05:13,0.08821800,0.27600000
2018-02-25 18:05:14,0.08821800,0.02600000
2018-02-25 18:05:14,0.08830100,0.09100000
2018-02-25 18:05:15,0.08830100,0.03000000
2018-02-25 18:05:16,0.08821900,0.09100000
2018-02-25 18:05:16,0.08821800,0.18800000
2018-02-25 18:05:17,0.08821800,1.13600000
2018-02-25 18:05:17,0.08821800,0.83500000
2018-02-25 18:05:17,0.08821800,0.00100000
2018-02-25 18:05:17,0.08821700,0.12600000
2018-02-25 18:05:17,0.08821100,0.02000000
2018-02-25 18:05:17,0.08820600,0.08300000
2018-02-25 18:05:17,0.08820300,0.04600000
2018-02-25 18:05:18,0.08829700,0.23000000
2018-02-25 18:05:18,0.08829700,0.09000000
2018-02-25 18:05:19,0.08821100,0.03000000
2018-02-25 18:05:19,0.08820900,0.02000000
2018-02-25 18:05:19,0.08820300,0.22900000
2018-02-25 18:05:19,0.08829700,0.00200000
2018-02-25 18:05:19,0.08830000,0.06100000
2018-02-25 18:05:19,0.08830100,0.02000000
2018-02-25 18:05:19,0.08830200,0.03000000
2018-02-25 18:05:19,0.08820900,0.00600000
2018-02-25 18:05:20,0.08830000,0.03500000
2018-02-25 18:05:20,0.08821000,0.22800000
2018-02-25 18:05:21,0.08820800,0.01600000
2018-02-25 18:05:22,0.08829800,0.12200000
2018-02-25 18:05:22,0.08829700,0.19900000
2018-02-25 18:05:24,0.08829700,0.01900000
2018-02-25 18:05:27,0.08829800,0.00100000
2018-02-25 18:05:27,0.08829900,0.03000000
2018-02-25 18:05:27,0.08830000,0.43300000
2018-02-25 18:05:27,0.08830000,0.61500000
2018-02-25 18:05:28,0.08830000,0.01000000
2018-02-25 18:05:28,0.08830200,0.04800000
2018-02-25 18:05:28,0.08830200,0.28100000
2018-02-25 18:05:28,0.08830200,0.00100000
2018-02-25 18:05:28,0.08831300,0.05200000
2018-02-25 18:05:28,0.08830800,0.02000000
2018-02-25 18:05:28,0.08831300,0.18900000
2018-02-25 18:05:28,0.08831100,0.02000000
2018-02-25 18:05:28,0.08830800,0.02000000
2018-02-25 18:05:28,0.08830800,0.08200000
2018-02-25 18:05:29,0.08830700,0.05600000
2018-02-25 18:05:30,0.08821600,0.14300000
2018-02-25 18:05:30,0.08821500,0.46200000
2018-02-25 18:05:30,0.08830600,0.09600000
2018-02-25 18:05:31,0.08830600,0.02500000
2018-02-25 18:05:32,0.08830600,0.01400000
2018-02-25 18:05:34,0.08830500,0.01700000
2018-02-25 18:05:35,0.08822500,0.04600000
2018-02-25 18:05:35,0.08830500,0.06700000
2018-02-25 18:05:35,0.08830500,0.03700000
2018-02-25 18:05:35,0.08821000,0.48900000
2018-02-25 18:05:36,0.08821300,1.05900000
2018-02-25 18:05:36,0.08830000,0.25500000
2018-02-25 18:05:36,0.08821300,0.49000000
2018-02-25 18:05:38,0.08820800,0.01900000
2018-02-25 18:05:38,0.08820900,0.02000000
2018-02-25 18:05:39,0.08821000,0.01400000
2018-02-25 18:05:39,0.08821100,0.03900000
2018-02-25 18:05:39,0.08821100,0.08400000
2018-02-25 18:05:39,0.08821000,0.02400000
2018-02-25 18:05:40,0.08821000,0.06400000
2018-02-25 18:05:40,0.08829800,0.12100000
2018-02-25 18:05:42,0.08821000,0.02000000
2018-02-25 18:05:42,0.08829700,0.04700000
2018-02-25 18:05:42,0.08829700,0.02100000
2018-02-25 18:05:42,0.08829800,0.10100000
2018-02-25 18:05:42,0.08829900,1.10400000
2018-02-25 18:05:42,0.08830000,1.27000000
2018-02-25 18:05:42,0.08830500,0.10100000
2018-02-25 18:05:42,0.08830600,1.07000000
2018-02-25 18:05:42,0.08829700,0.03400000
2018-02-25 18:05:43,0.08820900,0.01500000
2018-02-25 18:05:43,0.08820900,0.20100000
2018-02-25 18:05:43,0.08829700,0.00200000
2018-02-25 18:05:43,0.08829800,0.03600000
2018-02-25 18:05:43,0.08830500,0.02300000
2018-02-25 18:05:43,0.08830600,0.06300000
2018-02-25 18:05:44,0.08821000,0.01300000
2018-02-25 18:05:44,0.08829900,0.01900000
2018-02-25 18:05:45,0.08829900,0.09600000
2018-02-25 18:05:45,0.08821100,0.05900000
2018-02-25 18:05:46,0.08821100,0.06300000
2018-02-25 18:05:46,0.08821100,0.00100000
2018-02-25 18:05:46,0.08821000,0.06200000
2018-02-25 18:05:46,0.08821000,0.10700000
2018-02-25 18:05:46,0.08821000,0.00100000
2018-02-25 18:05:46,0.08820800,0.10600000
2018-02-25 18:05:46,0.08821000,0.03200000
2018-02-25 18:05:46,0.08821000,0.11100000
2018-02-25 18:05:46,0.08829700,0.03100000
2018-02-25 18:05:46,0.08829700,0.09200000
2018-02-25 18:05:46,0.08829800,0.05000000
2018-02-25 18:05:46,0.08829800,0.02700000
2018-02-25 18:05:47,0.08820800,0.12100000
2018-02-25 18:05:47,0.08830000,0.02000000
2018-02-25 18:05:47,0.08830600,0.12300000
2018-02-25 18:05:48,0.08820900,1.13400000
2018-02-25 18:05:48,0.08820900,0.19800000
2018-02-25 18:05:48,0.08820900,0.30600000
2018-02-25 18:05:48,0.08820800,0.00100000
2018-02-25 18:05:48,0.08820300,0.02000000
2018-02-25 18:05:48,0.08820100,0.12300000
2018-02-25 18:05:48,0.08820000,0.05300000
2018-02-25 18:05:49,0.08829900,0.12600000
2018-02-25 18:05:49,0.08820400,0.12600000
2018-02-25 18:05:49,0.08820300,0.01200000
2018-02-25 18:05:50,0.08820300,0.00800000
2018-02-25 18:05:50,0.08820000,0.13000000
2018-02-25 18:05:51,0.08820500,0.03600000
2018-02-25 18:05:51,0.08820300,0.02000000
2018-02-25 18:05:51,0.08820000,0.08200000
2018-02-25 18:05:51,0.08829600,0.03500000
2018-02-25 18:05:51,0.08829600,0.00100000
2018-02-25 18:05:51,0.08829700,0.03500000
2018-02-25 18:05:51,0.08820300,0.02000000
2018-02-25 18:05:51,0.08820300,0.02000000
2018-02-25 18:05:51,0.08820300,0.02000000
2018-02-25 18:05:51,0.08820300,0.02000000
2018-02-25 18:05:51,0.08820300,0.01100000
2018-02-25 18:05:52,0.08820300,0.00900000
2018-02-25 18:05:52,0.08820300,0.02000000
2018-02-25 18:05:52,0.08820300,0.02000000
2018-02-25 18:05:52,0.08820300,0.02000000
2018-02-25 18:05:52,0.08820300,0.01300000
2018-02-25 18:05:52,0.08829700,0.03900000
2018-02-25 18:05:52,0.08820000,1.52400000
2018-02-25 18:05:52,0.08829700,0.05200000
2018-02-25 18:05:52,0.08829700,0.02000000
2018-02-25 18:05:52,0.08829800,0.01200000
2018-02-25 18:05:52,0.08829800,0.03200000
2018-02-25 18:05:53,0.08820400,0.03500000
2018-02-25 18:05:53,0.08820000,0.02100000
2018-02-25 18:05:53,0.08820100,0.09100000
2018-02-25 18:05:53,0.08819300,1.04100000
2018-02-25 18:05:55,0.08819500,0.64200000
2018-02-25 18:05:56,0.08829100,0.23700000
2018-02-25 18:05:56,0.08819700,0.11500000
2018-02-25 18:05:57,0.08819700,0.40300000
2018-02-25 18:05:57,0.08828900,0.11400000
2018-02-25 18:05:57,0.08819700,0.61500000
2018-02-25 18:05:57,0.08819600,0.03600000
2018-02-25 18:05:57,0.08819400,0.24300000
2018-02-25 18:05:57,0.08819800,0.02000000
2018-02-25 18:05:57,0.08819400,0.30600000
2018-02-25 18:05:57,0.08828900,0.02800000
2018-02-25 18:05:58,0.08828800,0.01900000
2018-02-25 18:05:58,0.08819500,0.12100000
2018-02-25 18:05:58,0.08828800,0.00200000
2018-02-25 18:05:59,0.08828800,0.53500000
2018-02-25 18:05:59,0.08819700,0.03500000
2018-02-25 18:05:59,0.08828800,0.12600000
2018-02-25 18:05:59,0.08828900,0.53400000
2018-02-25 18:05:59,0.08828800,0.02000000
2018-02-25 18:05:59,0.08828900,0.01900000
2018-02-25 18:05:59,0.08828800,0.02000000
2018-02-25 18:05:59,0.08828900,0.12100000
2018-02-25 18:05:59,0.08829000,1.48800000
2018-02-25 18:05:59,0.08828700,0.02000000
2018-02-25 18:05:59,0.08828800,0.11200000
2018-02-25 18:05:59,0.08828700,0.02000000
2018-02-25 18:05:59,0.08828800,0.19500000
2018-02-25 18:06:00,0.08822400,0.03600000
2018-02-25 18:06:00,0.08828700,0.02000000
2018-02-25 18:06:00,0.08828800,0.61600000
2018-02-25 18:06:01,0.08822400,0.05300000
2018-02-25 18:06:01,0.08822400,0.04600000
2018-02-25 18:06:01,0.08822400,0.15400000
2018-02-25 18:06:01,0.08828700,0.01900000
2018-02-25 18:06:01,0.08822400,0.07400000
2018-02-25 18:06:12,0.08822600,0.12500000
2018-02-25 18:06:12,0.08822600,0.00100000
2018-02-25 18:06:12,0.08822400,0.12400000
2018-02-25 18:06:12,0.08822400,0.12600000
2018-02-25 18:06:12,0.08822400,0.71900000
2018-02-25 18:06:12,0.08819700,0.00100000
2018-02-25 18:06:12,0.08819600,0.12200000
2018-02-25 18:06:12,0.08819500,0.00200000
2018-02-25 18:06:12,0.08819500,0.19000000
2018-02-25 18:06:12,0.08828600,0.02400000
2018-02-25 18:06:12,0.08828600,0.01200000
2018-02-25 18:06:12,0.08828700,0.00100000
2018-02-25 18:06:12,0.08828800,0.02100000
2018-02-25 18:06:12,0.08828800,0.01600000
2018-02-25 18:06:12,0.08828700,0.14200000
2018-02-25 18:06:13,0.08819600,0.33100000
2018-02-25 18:06:13,0.08828700,0.01900000
2018-02-25 18:06:14,0.08819700,0.21100000
2018-02-25 18:06:14,0.08819700,0.13200000
2018-02-25 18:06:15,0.08819700,0.04000000
2018-02-25 18:06:15,0.08828700,0.37400000
2018-02-25 18:06:15,0.08819700,0.16800000
2018-02-25 18:06:15,0.08828700,0.13800000
2018-02-25 18:06:16,0.08828600,0.02000000
2018-02-25 18:06:17,0.08820200,0.12200000
2018-02-25 18:06:18,0.08828500,0.02100000
2018-02-25 18:06:19,0.08820300,0.02100000
2018-02-25 18:06:20,0.08828400,0.02100000
2018-02-25 18:06:20,0.08828500,0.10100000
2018-02-25 18:06:20,0.08820300,0.00100000
2018-02-25 18:06:21,0.08820200,0.12200000
2018-02-25 18:06:21,0.08820200,0.02500000
2018-02-25 18:06:22,0.08820200,0.04800000
2018-02-25 18:06:24,0.08820200,0.00100000
2018-02-25 18:06:24,0.08820100,0.10000000
2018-02-25 18:06:24,0.08819600,0.02000000
2018-02-25 18:06:24,0.08819100,0.98500000
2018-02-25 18:06:25,0.08819600,0.01900000
2018-02-25 18:06:29,0.08820300,0.01200000
2018-02-25 18:06:29,0.08827800,0.10100000
2018-02-25 18:06:30,0.08827600,0.09300000
2018-02-25 18:06:30,0.08827700,0.03000000
2018-02-25 18:06:30,0.08828800,0.01400000
2018-02-25 18:06:32,0.08819600,0.00100000
2018-02-25 18:06:32,0.08819200,0.02900000
2018-02-25 18:06:32,0.08819100,0.05200000
2018-02-25 18:06:33,0.08819600,0.01900000
2018-02-25 18:06:33,0.08819600,0.00100000
2018-02-25 18:06:33,0.08819200,0.01800000
2018-02-25 18:06:33,0.08819600,0.02000000
2018-02-25 18:06:33,0.08819200,0.02900000
2018-02-25 18:06:33,0.08828500,0.04500000
2018-02-25 18:06:33,0.08828400,0.03600000
2018-02-25 18:06:33,0.08819600,0.02000000
2018-02-25 18:06:33,0.08819200,0.04300000
2018-02-25 18:06:34,0.08819600,0.01900000
2018-02-25 18:06:34,0.08819600,0.00100000
2018-02-25 18:06:34,0.08819100,0.01800000
2018-02-25 18:06:34,0.08819600,0.02000000
2018-02-25 18:06:34,0.08819100,0.05600000
2018-02-25 18:06:34,0.08828300,0.02000000
2018-02-25 18:06:34,0.08828400,0.03400000
2018-02-25 18:06:34,0.08828300,0.02000000
2018-02-25 18:06:34,0.08828100,0.03300000
2018-02-25 18:06:35,0.08828100,1.13300000
2018-02-25 18:06:35,0.08828000,1.03700000
2018-02-25 18:06:35,0.08828100,0.77900000
2018-02-25 18:06:35,0.08828100,0.03200000
2018-02-25 18:06:35,0.08828100,0.04500000
2018-02-25 18:06:36,0.08828100,0.90000000
2018-02-25 18:06:36,0.08828100,0.06100000
2018-02-25 18:06:36,0.08828400,0.07300000
2018-02-25 18:06:36,0.08828500,0.45500000
2018-02-25 18:06:36,0.08828800,0.37000000
2018-02-25 18:06:37,0.08828600,0.02000000
2018-02-25 18:06:37,0.08819500,0.08600000
2018-02-25 18:06:37,0.08828600,0.02000000
2018-02-25 18:06:37,0.08828500,0.07700000
2018-02-25 18:06:38,0.08828500,0.01200000
2018-02-25 18:06:38,0.08819600,0.14200000
2018-02-25 18:06:38,0.08828400,0.05500000
2018-02-25 18:06:38,0.08828500,0.00100000
2018-02-25 18:06:38,0.08828600,0.03600000
2018-02-25 18:06:38,0.08828500,0.04500000
2018-02-25 18:06:38,0.08819900,0.02000000
2018-02-25 18:06:38,0.08819800,0.02400000
2018-02-25 18:06:38,0.08819900,0.01900000
2018-02-25 18:06:39,0.08828600,0.08600000
2018-02-25 18:06:39,0.08819900,0.59100000
2018-02-25 18:06:39,0.08819900,0.35800000
2018-02-25 18:06:39,0.08828500,0.09900000
2018-02-25 18:06:41,0.08828500,0.00100000
2018-02-25 18:06:41,0.08820300,0.06400000
2018-02-25 18:06:42,0.08820400,0.11800000
2018-02-25 18:06:43,0.08828600,0.07300000
2018-02-25 18:06:43,0.08820400,0.00400000
2018-02-25 18:06:43,0.08819900,0.13100000
2018-02-25 18:06:44,0.08819900,0.07400000
2018-02-25 18:06:44,0.08828500,0.06100000
2018-02-25 18:06:45,0.08828500,0.07100000
2018-02-25 18:06:45,0.08828700,0.00100000
2018-02-25 18:06:45,0.08828500,0.02000000
2018-02-25 18:06:45,0.08828700,0.10700000
2018-02-25 18:06:45,0.08828400,0.76800000
2018-02-25 18:06:45,0.08828400,0.21300000
2018-02-25 18:06:45,0.08819900,0.00100000
2018-02-25 18:06:45,0.08819500,0.12100000
2018-02-25 18:06:45,0.08819400,0.02000000
2018-02-25 18:06:45,0.08819100,0.13400000
2018-02-25 18:06:46,0.08819700,0.05100000
2018-02-25 18:06:46,0.08819700,0.37000000
2018-02-25 18:06:46,0.08819700,0.07500000
2018-02-25 18:06:46,0.08828300,0.35200000
2018-02-25 18:06:46,0.08828300,0.07500000
2018-02-25 18:06:46,0.08828300,0.10100000
2018-02-25 18:06:46,0.08819800,0.02000000
2018-02-25 18:06:46,0.08819700,0.00700000
2018-02-25 18:06:47,0.08828700,0.12300000
2018-02-25 18:06:47,0.08828800,0.07700000
2018-02-25 18:06:47,0.08823000,0.14600000
2018-02-25 18:06:48,0.08828700,0.31100000
2018-02-25 18:06:52,0.08828800,0.03200000
2018-02-25 18:06:53,0.08828800,0.07100000
2018-02-25 18:06:53,0.08828800,0.98700000
2018-02-25 18:06:53,0.08828900,0.98700000
2018-02-25 18:06:53,0.08829000,0.05400000
2018-02-25 18:06:53,0.08830800,0.09100000
2018-02-25 18:06:53,0.08831000,0.08300000
2018-02-25 18:06:53,0.08831200,0.18000000
2018-02-25 18:06:53,0.08831400,0.27000000
2018-02-25 18:06:53,0.08833000,0.19000000
2018-02-25 18:06:53,0.08833100,0.57200000
2018-02-25 18:06:53,0.08833600,0.93000000
2018-02-25 18:06:53,0.08833800,0.20200000
2018-02-25 18:06:53,0.08834100,0.30100000
2018-02-25 18:06:53,0.08835000,0.11500000
2018-02-25 18:06:53,0.08835600,0.01700000
2018-02-25 18:06:53,0.08836600,0.22100000
2018-02-25 18:06:53,0.08837800,0.10200000
2018-02-25 18:06:53,0.08838300,0.36400000
2018-02-25 18:06:53,0.08838400,0.48900000
2018-02-25 18:06:53,0.08838500,6.87100000
2018-02-25 18:06:53,0.08839700,3.50400000
2018-02-25 18:06:53,0.08839800,0.01500000
2018-02-25 18:06:53,0.08839900,10.92800000
2018-02-25 18:06:53,0.08840000,5.83400000
2018-02-25 18:06:53,0.08840600,0.12600000
2018-02-25 18:06:53,0.08840800,0.04600000
2018-02-25 18:06:53,0.08841200,0.67900000
2018-02-25 18:06:53,0.08841300,4.37900000
2018-02-25 18:06:53,0.08841500,0.99000000
2018-02-25 18:06:53,0.08841700,0.40100000
2018-02-25 18:06:53,0.08841800,2.15200000
2018-02-25 18:06:53,0.08842400,0.04100000
2018-02-25 18:06:53,0.08844700,0.64000000
2018-02-25 18:06:53,0.08845000,1.09400000
2018-02-25 18:06:53,0.08845700,0.01200000
2018-02-25 18:06:53,0.08846200,0.41100000
2018-02-25 18:06:53,0.08846700,0.02900000
2018-02-25 18:06:53,0.08846800,0.03300000
2018-02-25 18:06:53,0.08846900,0.09100000
2018-02-25 18:06:53,0.08847000,5.27800000
2018-02-25 18:06:53,0.08847800,0.10000000
2018-02-25 18:06:53,0.08847900,0.05600000
2018-02-25 18:06:53,0.08848000,0.20800000
2018-02-25 18:06:53,0.08848100,0.14300000
2018-02-25 18:06:53,0.08848400,0.04300000
2018-02-25 18:06:53,0.08848700,0.08000000
2018-02-25 18:06:53,0.08848800,0.03000000
2018-02-25 18:06:53,0.08848900,6.77100000
2018-02-25 18:06:53,0.08849000,1.94500000
2018-02-25 18:06:53,0.08849200,0.06000000
2018-02-25 18:06:53,0.08849700,1.13800000
2018-02-25 18:06:53,0.08849800,1.10500000
2018-02-25 18:06:53,0.08849900,1.34500000
2018-02-25 18:06:53,0.08850000,17.58400000
2018-02-25 18:06:53,0.08850000,0.07900000
2018-02-25 18:06:53,0.08850000,0.03000000
2018-02-25 18:06:53,0.08850000,0.03000000
2018-02-25 18:06:53,0.08850000,0.02000000
2018-02-25 18:06:53,0.08850000,0.02000000
2018-02-25 18:06:53,0.08850000,0.10000000
2018-02-25 18:06:53,0.08850000,0.08900000
2018-02-25 18:06:53,0.08850000,0.13800000
2018-02-25 18:06:53,0.08850000,0.03000000
2018-02-25 18:06:53,0.08850000,0.13800000
2018-02-25 18:06:53,0.08850000,0.33900000
2018-02-25 18:06:53,0.08850000,0.03000000
2018-02-25 18:06:53,0.08850000,0.11300000
2018-02-25 18:06:53,0.08850000,0.60600000
2018-02-25 18:06:53,0.08850000,0.11300000
2018-02-25 18:06:53,0.08850000,0.07200000
2018-02-25 18:06:53,0.08850000,0.61700000
2018-02-25 18:06:53,0.08850000,0.08700000
2018-02-25 18:06:53,0.08850000,0.02200000
2018-02-25 18:06:53,0.08850000,0.13600000
2018-02-25 18:06:53,0.08850000,0.10000000
2018-02-25 18:06:53,0.08850000,0.35100000
2018-02-25 18:06:53,0.08850000,0.01300000
2018-02-25 18:06:53,0.08850000,0.38900000
2018-02-25 18:06:53,0.08850000,0.06100000
2018-02-25 18:06:53,0.08850000,0.09900000
2018-02-25 18:06:53,0.08850000,0.26800000
2018-02-25 18:06:53,0.08850000,0.12700000
2018-02-25 18:06:53,0.08850000,0.07500000
2018-02-25 18:06:53,0.08850000,0.24500000
2018-02-25 18:06:53,0.08850000,0.08900000
2018-02-25 18:06:53,0.08850000,0.02200000
2018-02-25 18:06:53,0.08850000,0.05900000
2018-02-25 18:06:53,0.08850000,1.43600000
2018-02-25 18:06:53,0.08850000,0.08200000
2018-02-25 18:06:53,0.08850000,0.03200000
2018-02-25 18:06:54,0.08850000,0.60900000
2018-02-25 18:06:54,0.08850000,0.09700000
2018-02-25 18:06:54,0.08850000,0.95000000
2018-02-25 18:06:54,0.08850000,0.13200000
2018-02-25 18:06:54,0.08850000,0.05400000
2018-02-25 18:06:54,0.08850000,0.69400000
2018-02-25 18:06:54,0.08850000,0.01200000
2018-02-25 18:06:54,0.08850000,0.20800000
2018-02-25 18:06:54,0.08850000,0.50800000
2018-02-25 18:06:54,0.08850000,0.05300000
2018-02-25 18:06:54,0.08850000,0.04000000
2018-02-25 18:06:54,0.08850000,0.45000000
2018-02-25 18:06:54,0.08850000,0.03300000
2018-02-25 18:06:54,0.08850000,0.52700000
2018-02-25 18:06:54,0.08850000,1.13100000
2018-02-25 18:06:54,0.08850000,1.13200000
2018-02-25 18:06:54,0.08850000,0.01400000
2018-02-25 18:06:54,0.08850000,0.03100000
2018-02-25 18:06:54,0.08850000,0.02500000
2018-02-25 18:06:54,0.08850000,0.25900000
2018-02-25 18:06:54,0.08850000,0.04500000
2018-02-25 18:06:54,0.08850000,0.02900000
2018-02-25 18:06:54,0.08850000,0.76200000
2018-02-25 18:06:54,0.08850000,0.08000000
2018-02-25 18:06:54,0.08850000,0.13800000
2018-02-25 18:06:54,0.08850000,0.35700000
2018-02-25 18:06:54,0.08850000,0.11900000
2018-02-25 18:06:54,0.08850000,0.08900000
2018-02-25 18:06:54,0.08850000,0.64700000
2018-02-25 18:06:54,0.08850000,0.71200000
2018-02-25 18:06:54,0.08850000,0.22400000
2018-02-25 18:06:54,0.08850000,0.04600000
2018-02-25 18:06:54,0.08850000,0.03400000
2018-02-25 18:06:54,0.08850000,0.22600000
2018-02-25 18:06:54,0.08850000,0.07000000
2018-02-25 18:06:54,0.08850000,0.35600000
2018-02-25 18:06:54,0.08850000,6.37700000
2018-02-25 18:06:54,0.08850000,0.01900000
2018-02-25 18:06:54,0.08850000,0.35700000
2018-02-25 18:06:54,0.08850000,0.05400000
2018-02-25 18:06:54,0.08850000,0.11200000
2018-02-25 18:06:54,0.08850000,211.66100000
2018-02-25 18:06:54,0.08820300,0.05700000
2018-02-25 18:06:54,0.08850100,0.05200000
2018-02-25 18:06:54,0.08850100,0.07100000
2018-02-25 18:06:54,0.08820300,0.06800000
2018-02-25 18:06:54,0.08820300,0.07000000
2018-02-25 18:06:54,0.08820800,0.77000000
2018-02-25 18:06:54,0.08823200,0.12100000
2018-02-25 18:06:54,0.08820900,2.70900000
2018-02-25 18:06:55,0.08840900,0.20300000
2018-02-25 18:06:56,0.08840800,0.12200000
2018-02-25 18:06:56,0.08828700,0.10600000
2018-02-25 18:06:58,0.08829400,0.06400000
2018-02-25 18:07:00,0.08829800,0.06000000
2018-02-25 18:07:00,0.08829800,0.00700000
2018-02-25 18:07:00,0.08829700,0.01700000
2018-02-25 18:07:01,0.08835300,0.06700000
2018-02-25 18:07:01,0.08835400,0.02300000
2018-02-25 18:07:01,0.08835400,0.10600000
2018-02-25 18:07:03,0.08835400,0.21200000
2018-02-25 18:07:03,0.08829900,0.00500000
2018-02-25 18:07:03,0.08835400,0.08400000
2018-02-25 18:07:04,0.08835400,0.01700000
2018-02-25 18:07:05,0.08835400,0.10200000
2018-02-25 18:07:05,0.08835400,0.16200000
2018-02-25 18:07:06,0.08830100,0.15300000
2018-02-25 18:07:07,0.08830100,0.03500000
2018-02-25 18:07:09,0.08834800,0.06500000
2018-02-25 18:07:10,0.08835300,0.02900000
2018-02-25 18:07:10,0.08835300,0.11900000
2018-02-25 18:07:10,0.08830100,0.03600000
2018-02-25 18:07:11,0.08830100,0.03000000
2018-02-25 18:07:12,0.08830100,0.12300000
2018-02-25 18:07:12,0.08830100,0.12300000
2018-02-25 18:07:12,0.08830100,0.33300000
2018-02-25 18:07:14,0.08835200,0.08600000
2018-02-25 18:07:14,0.08830500,0.47900000
2018-02-25 18:07:16,0.08830200,0.29500000
2018-02-25 18:07:16,0.08830100,0.13000000
2018-02-25 18:07:16,0.08830200,0.00100000
2018-02-25 18:07:16,0.08835200,0.03700000
2018-02-25 18:07:16,0.08835300,0.04200000
2018-02-25 18:07:16,0.08830100,0.00100000
2018-02-25 18:07:16,0.08828800,0.08600000
2018-02-25 18:07:16,0.08828700,0.36500000
2018-02-25 18:07:20,0.08828800,0.03700000
2018-02-25 18:07:20,0.08828700,1.19700000
2018-02-25 18:07:21,0.08835000,0.04100000
2018-02-25 18:07:23,0.08828800,0.02500000
2018-02-25 18:07:26,0.08834600,0.02000000
2018-02-25 18:07:26,0.08834500,0.04400000
2018-02-25 18:07:27,0.08834400,0.09000000
2018-02-25 18:07:27,0.08834300,0.04100000
2018-02-25 18:07:28,0.08828900,0.03600000
2018-02-25 18:07:28,0.08828900,0.06300000
2018-02-25 18:07:28,0.08828900,0.02800000
2018-02-25 18:07:28,0.08828900,0.00700000
2018-02-25 18:07:32,0.08829000,0.11800000
2018-02-25 18:07:34,0.08829000,0.38500000
2018-02-25 18:07:34,0.08829000,0.25900000
2018-02-25 18:07:34,0.08828900,0.17900000
2018-02-25 18:07:34,0.08828900,0.09900000
2018-02-25 18:07:34,0.08828900,1.80000000
2018-02-25 18:07:34,0.08828900,0.00600000
2018-02-25 18:07:34,0.08829000,0.02600000
2018-02-25 18:07:34,0.08834100,0.03300000
2018-02-25 18:07:34,0.08828900,0.05400000
2018-02-25 18:07:34,0.08834000,0.03700000
2018-02-25 18:07:34,0.08834100,0.05300000
2018-02-25 18:07:34,0.08834200,1.00300000
2018-02-25 18:07:35,0.08829000,0.03300000
2018-02-25 18:07:35,0.08828900,0.61400000
2018-02-25 18:07:36,0.08834100,0.03300000
2018-02-25 18:07:36,0.08834200,0.08000000
2018-02-25 18:07:36,0.08834200,0.03600000
2018-02-25 18:07:36,0.08829100,0.06300000
2018-02-25 18:07:37,0.08834000,0.88400000
2018-02-25 18:07:37,0.08829100,0.04700000
2018-02-25 18:07:38,0.08834000,0.14900000
2018-02-25 18:07:40,0.08829100,0.01200000
2018-02-25 18:07:45,0.08829100,0.10000000
2018-02-25 18:07:46,0.08829100,0.02900000
2018-02-25 18:07:46,0.08829100,0.12500000
2018-02-25 18:07:46,0.08834000,0.27700000
2018-02-25 18:07:46,0.08836700,0.11000000
2018-02-25 18:07:46,0.08836800,0.18600000
2018-02-25 18:07:46,0.08836800,0.27200000
2018-02-25 18:07:46,0.08829200,0.11000000
2018-02-25 18:07:46,0.08829100,0.19000000
2018-02-25 18:07:46,0.08829100,0.02100000
2018-02-25 18:07:46,0.08829100,2.58100000
2018-02-25 18:07:47,0.08829100,0.02500000
2018-02-25 18:07:47,0.08829100,0.05300000
2018-02-25 18:07:47,0.08829100,0.38500000
2018-02-25 18:07:50,0.08829100,0.19900000
2018-02-25 18:07:52,0.08829300,0.02700000
2018-02-25 18:07:54,0.08829300,0.33300000
2018-02-25 18:07:54,0.08829300,0.08300000
2018-02-25 18:07:55,0.08829300,0.40000000
2018-02-25 18:07:56,0.08829500,0.02300000
2018-02-25 18:07:56,0.08836600,0.10900000
2018-02-25 18:07:56,0.08836600,0.00100000
2018-02-25 18:07:57,0.08836600,0.01200000
2018-02-25 18:07:58,0.08829600,0.09700000
2018-02-25 18:07:59,0.08836600,0.09600000
2018-02-25 18:07:59,0.08829700,0.02100000
2018-02-25 18:08:00,0.08836600,0.01600000
2018-02-25 18:08:02,0.08829600,0.05800000
2018-02-25 18:08:03,0.08829600,0.00100000
2018-02-25 18:08:03,0.08836500,0.54800000
2018-02-25 18:08:03,0.08829700,0.05700000
2018-02-25 18:08:03,0.08829700,0.15400000
2018-02-25 18:08:03,0.08836500,0.00100000
2018-02-25 18:08:03,0.08836600,0.06600000
2018-02-25 18:08:03,0.08836700,0.08700000
2018-02-25 18:08:03,0.08836700,0.09400000
2018-02-25 18:08:04,0.08836700,0.12800000
2018-02-25 18:08:04,0.08836700,0.38200000
2018-02-25 18:08:04,0.08836700,0.39300000
2018-02-25 18:08:04,0.08829600,0.01200000
2018-02-25 18:08:04,0.08836700,0.06900000
2018-02-25 18:08:05,0.08836700,0.00100000
2018-02-25 18:08:05,0.08836800,0.02300000
2018-02-25 18:08:05,0.08836800,0.12300000
2018-02-25 18:08:05,0.08836800,0.25800000
2018-02-25 18:08:05,0.08836800,0.21400000
2018-02-25 18:08:05,0.08836800,0.02900000
2018-02-25 18:08:05,0.08829600,0.12300000
2018-02-25 18:08:05,0.08829500,0.03800000
2018-02-25 18:08:06,0.08836800,0.03500000
2018-02-25 18:08:06,0.08829700,0.01200000
2018-02-25 18:08:06,0.08836700,0.11800000
2018-02-25 18:08:06,0.08829700,0.04900000
2018-02-25 18:08:07,0.08829800,0.11800000
2018-02-25 18:08:07,0.08829700,0.10200000
2018-02-25 18:08:07,0.08829500,0.00800000
2018-02-25 18:08:07,0.08836700,0.00500000
2018-02-25 18:08:07,0.08836800,0.00800000
2018-02-25 18:08:08,0.08829500,0.32000000
2018-02-25 18:08:08,0.08836700,0.40600000
2018-02-25 18:08:08,0.08829600,0.09600000
2018-02-25 18:08:09,0.08829600,0.02200000
2018-02-25 18:08:09,0.08829500,0.04500000
2018-02-25 18:08:10,0.08829500,0.04900000
2018-02-25 18:08:10,0.08829500,0.02300000
2018-02-25 18:08:10,0.08829500,0.07400000
2018-02-25 18:08:10,0.08829500,0.06700000
2018-02-25 18:08:13,0.08829500,0.04900000
2018-02-25 18:08:16,0.08830000,0.02300000
2018-02-25 18:08:17,0.08829500,1.52700000
2018-02-25 18:08:20,0.08830000,0.02200000
2018-02-25 18:08:20,0.08830000,0.14500000
2018-02-25 18:08:20,0.08830000,0.02900000
2018-02-25 18:08:22,0.08830000,0.00600000
2018-02-25 18:08:23,0.08829600,0.12100000
2018-02-25 18:08:23,0.08829600,0.10900000
2018-02-25 18:08:24,0.08829600,0.17000000
2018-02-25 18:08:24,0.08829500,0.23300000
2018-02-25 18:08:25,0.08829500,0.02900000
2018-02-25 18:08:26,0.08829500,0.04800000
2018-02-25 18:08:27,0.08829500,0.01700000
2018-02-25 18:08:29,0.08829500,0.11400000
2018-02-25 18:08:29,0.08829500,0.02900000
2018-02-25 18:08:29,0.08829500,0.04900000
2018-02-25 18:08:29,0.08829500,0.01200000
2018-02-25 18:08:31,0.08829500,0.22800000
2018-02-25 18:08:32,0.08829500,0.05600000
2018-02-25 18:08:33,0.08829600,0.04900000
2018-02-25 18:08:33,0.08829600,0.02900000
2018-02-25 18:08:33,0.08829600,0.04500000
2018-02-25 18:08:34,0.08829600,0.07600000
2018-02-25 18:08:35,0.08830000,0.00100000
2018-02-25 18:08:36,0.08830000,0.09900000
2018-02-25 18:08:36,0.08835700,0.12300000
2018-02-25 18:08:36,0.08835700,0.00100000
2018-02-25 18:08:36,0.08835800,0.07200000
2018-02-25 18:08:36,0.08830000,0.09500000
2018-02-25 18:08:36,0.08830000,0.04900000
2018-02-25 18:08:37,0.08830000,0.12300000
2018-02-25 18:08:37,0.08835700,0.11200000
2018-02-25 18:08:39,0.08830100,0.12200000
2018-02-25 18:08:41,0.08835700,0.12100000
2018-02-25 18:08:41,0.08830200,0.02700000
2018-02-25 18:08:42,0.08830200,0.09300000
2018-02-25 18:08:43,0.08830200,0.00200000
2018-02-25 18:08:43,0.08830100,0.03200000
2018-02-25 18:08:44,0.08830100,0.16100000
2018-02-25 18:08:44,0.08835700,0.11900000
2018-02-25 18:08:44,0.08830000,1.09400000
2018-02-25 18:08:46,0.08830000,0.00100000
2018-02-25 18:08:46,0.08829700,0.00500000
2018-02-25 18:08:46,0.08829700,0.11400000
2018-02-25 18:08:46,0.08829600,0.00100000
2018-02-25 18:08:46,0.08829500,1.02800000
2018-02-25 18:08:46,0.08829500,0.29900000
2018-02-25 18:08:46,0.08829500,0.03500000
2018-02-25 18:08:47,0.08829500,0.72900000
2018-02-25 18:08:47,0.08835700,0.12200000
2018-02-25 18:08:47,0.08835800,0.95300000
2018-02-25 18:08:49,0.08835700,0.22300000
2018-02-25 18:08:50,0.08835700,0.16100000
2018-02-25 18:08:51,0.08835700,0.09800000
2018-02-25 18:08:52,0.08835700,0.93200000
2018-02-25 18:08:55,0.08835700,0.09100000
2018-02-25 18:08:56,0.08830000,0.51000000
2018-02-25 18:08:56,0.08829500,0.00100000
2018-02-25 18:08:56,0.08829400,0.12100000
2018-02-25 18:08:59,0.08835600,0.12100000
2018-02-25 18:08:59,0.08829500,0.12100000
2018-02-25 18:09:00,0.08829500,0.00100000
2018-02-25 18:09:00,0.08829400,0.00100000
2018-02-25 18:09:00,0.08829300,0.12500000
2018-02-25 18:09:00,0.08829200,0.13800000
2018-02-25 18:09:00,0.08829200,0.07600000
2018-02-25 18:09:00,0.08835600,0.12300000
2018-02-25 18:09:00,0.08829200,0.15100000
2018-02-25 18:09:02,0.08829300,0.12100000
2018-02-25 18:09:02,0.08829300,0.00100000
2018-02-25 18:09:02,0.08829200,0.00100000
2018-02-25 18:09:02,0.08829100,0.11900000
2018-02-25 18:09:02,0.08829100,1.21500000
2018-02-25 18:09:02,0.08829100,2.49900000
2018-02-25 18:09:02,0.08829100,0.15500000
2018-02-25 18:09:02,0.08829100,1.13100000
2018-02-25 18:09:02,0.08829100,5.11500000
2018-02-25 18:09:03,0.08835200,0.78500000
2018-02-25 18:09:04,0.08835200,0.22900000
2018-02-25 18:09:05,0.08835100,0.12200000
2018-02-25 18:09:05,0.08829500,0.07500000
2018-02-25 18:09:05,0.08829500,0.05000000
2018-02-25 18:09:05,0.08829600,0.12200000
2018-02-25 18:09:05,0.08829500,0.34500000
2018-02-25 18:09:05,0.08829500,0.06200000
2018-02-25 18:09:07,0.08830000,0.06800000
2018-02-25 18:09:08,0.08829500,0.05400000
2018-02-25 18:09:09,0.08829500,0.06200000
2018-02-25 18:09:09,0.08830000,0.00100000
2018-02-25 18:09:09,0.08829500,2.77600000
2018-02-25 18:09:10,0.08830000,0.05300000
2018-02-25 18:09:10,0.08829500,0.06100000
2018-02-25 18:09:10,0.08829500,0.13900000
2018-02-25 18:09:10,0.08829500,0.37900000
2018-02-25 18:09:11,0.08829500,0.07000000
2018-02-25 18:09:11,0.08829500,0.73700000
2018-02-25 18:09:12,0.08829500,0.04500000
2018-02-25 18:09:12,0.08829500,0.09200000
2018-02-25 18:09:13,0.08829500,0.98500000
2018-02-25 18:09:14,0.08829500,0.02900000
2018-02-25 18:09:16,0.08829600,0.71800000
2018-02-25 18:09:16,0.08829600,0.03700000
2018-02-25 18:09:16,0.08829600,0.07000000
2018-02-25 18:09:17,0.08829600,0.06800000
2018-02-25 18:09:17,0.08829500,0.13900000
2018-02-25 18:09:17,0.08829600,0.00100000
2018-02-25 18:09:17,0.08830000,0.00100000
2018-02-25 18:09:17,0.08835200,0.12300000
2018-02-25 18:09:17,0.08835300,0.21100000
2018-02-25 18:09:17,0.08835600,0.23200000
2018-02-25 18:09:17,0.08835700,0.20600000
2018-02-25 18:09:18,0.08829500,1.13100000
2018-02-25 18:09:18,0.08835700,0.01800000
2018-02-25 18:09:18,0.08829500,4.37300000
2018-02-25 18:09:18,0.08829300,0.12200000
2018-02-25 18:09:19,0.08829500,0.01200000
2018-02-25 18:09:19,0.08829300,0.20500000
2018-02-25 18:09:19,0.08829300,0.08600000
2018-02-25 18:09:20,0.08829300,1.13100000
2018-02-25 18:09:20,0.08829500,0.12600000
2018-02-25 18:09:20,0.08829500,0.00100000
2018-02-25 18:09:20,0.08835600,0.00900000
2018-02-25 18:09:20,0.08829300,3.03900000
2018-02-25 18:09:21,0.08829200,0.41900000
2018-02-25 18:09:27,0.08829200,0.00100000
2018-02-25 18:09:27,0.08829100,0.00100000
2018-02-25 18:09:27,0.08829000,0.10000000
2018-02-25 18:09:27,0.08835600,0.11300000
2018-02-25 18:09:27,0.08835700,0.11300000
2018-02-25 18:09:28,0.08835700,0.02100000
2018-02-25 18:09:30,0.08835700,0.09000000
2018-02-25 18:09:30,0.08835700,0.08700000
2018-02-25 18:09:31,0.08835700,0.09000000
2018-02-25 18:09:31,0.08835700,0.04100000
2018-02-25 18:09:31,0.08835800,0.01300000
2018-02-25 18:09:32,0.08835800,0.03800000
2018-02-25 18:09:32,0.08829000,0.00100000
2018-02-25 18:09:32,0.08828900,0.11500000
2018-02-25 18:09:33,0.08835800,1.13000000
2018-02-25 18:09:33,0.08835800,0.09500000
2018-02-25 18:09:33,0.08835800,0.09000000
2018-02-25 18:09:33,0.08835700,0.02900000
2018-02-25 18:09:34,0.08835700,0.08600000
2018-02-25 18:09:34,0.08828900,0.00700000
2018-02-25 18:09:34,0.08828800,0.13200000
2018-02-25 18:09:34,0.08829000,0.03000000
2018-02-25 18:09:35,0.08835700,0.21900000
2018-02-25 18:09:35,0.08829000,0.09000000
2018-02-25 18:09:35,0.08829000,0.00200000
2018-02-25 18:09:35,0.08828900,0.13600000
2018-02-25 18:09:35,0.08828900,0.07500000
2018-02-25 18:09:35,0.08835000,0.02300000
2018-02-25 18:09:36,0.08828900,0.12200000
2018-02-25 18:09:37,0.08828900,0.06000000
2018-02-25 18:09:41,0.08828900,0.13800000
2018-02-25 18:09:42,0.08828900,0.13100000
2018-02-25 18:09:42,0.08828900,0.13500000
2018-02-25 18:09:42,0.08828900,0.13800000
2018-02-25 18:09:43,0.08828900,0.13800000
2018-02-25 18:09:45,0.08828900,0.06600000
2018-02-25 18:09:45,0.08835000,0.17800000
2018-02-25 18:09:46,0.08834300,0.12100000
2018-02-25 18:09:46,0.08834300,0.02300000
2018-02-25 18:09:47,0.08834300,0.04900000
2018-02-25 18:09:47,0.08828900,0.50000000
2018-02-25 18:09:47,0.08828900,0.50100000
2018-02-25 18:09:49,0.08828900,1.09600000
2018-02-25 18:09:49,0.08828900,0.13900000
2018-02-25 18:09:50,0.08828900,0.11700000
2018-02-25 18:09:51,0.08828900,0.13100000
2018-02-25 18:09:52,0.08828900,0.08700000
2018-02-25 18:09:53,0.08834200,0.01900000
2018-02-25 18:09:53,0.08828900,0.56300000
2018-02-25 18:09:53,0.08828900,0.03700000
2018-02-25 18:09:53,0.08829000,0.01300000
2018-02-25 18:09:53,0.08828900,0.10300000
2018-02-25 18:09:54,0.08834200,0.10500000
2018-02-25 18:09:54,0.08834300,0.06800000
2018-02-25 18:09:54,0.08828900,0.05000000
2018-02-25 18:09:54,0.08828900,0.09300000
2018-02-25 18:09:54,0.08828900,0.01700000
2018-02-25 18:09:54,0.08828900,0.09200000
2018-02-25 18:09:55,0.08829000,0.02600000
2018-02-25 18:09:55,0.08829100,0.07800000
2018-02-25 18:09:56,0.08833600,0.01200000
2018-02-25 18:09:56,0.08833600,0.75600000
2018-02-25 18:09:56,0.08833500,0.09600000
2018-02-25 18:09:57,0.08833600,0.01500000
2018-02-25 18:09:57,0.08833600,0.03100000
2018-02-25 18:09:57,0.08833600,0.03400000
2018-02-25 18:09:58,0.08829000,0.05000000
2018-02-25 18:09:58,0.08833600,0.03300000
2018-02-25 18:09:58,0.08833600,0.04800000
2018-02-25 18:10:00,0.08829000,0.04700000
2018-02-25 18:10:00,0.08828900,0.21100000
2018-02-25 18:10:01,0.08828900,0.04500000
2018-02-25 18:10:01,0.08829000,0.00100000
2018-02-25 18:10:01,0.08828900,1.13100000
2018-02-25 18:10:01,0.08829000,0.02000000
2018-02-25 18:10:02,0.08829000,0.03000000
2018-02-25 18:10:02,0.08828900,1.78200000
2018-02-25 18:10:02,0.08829000,0.11300000
2018-02-25 18:10:02,0.08833600,0.00100000
2018-02-25 18:10:02,0.08834100,0.02600000
2018-02-25 18:10:02,0.08834200,0.00200000
2018-02-25 18:10:02,0.08834200,0.14200000
2018-02-25 18:10:02,0.08829000,0.02500000
2018-02-25 18:10:05,0.08829100,1.13100000
2018-02-25 18:10:05,0.08829100,0.04000000
2018-02-25 18:10:05,0.08829100,3.69300000
2018-02-25 18:10:06,0.08829100,0.01200000
2018-02-25 18:10:06,0.08829100,0.00400000
2018-02-25 18:10:07,0.08829100,0.03200000
2018-02-25 18:10:07,0.08833400,0.03100000
2018-02-25 18:10:09,0.08829100,0.03900000
2018-02-25 18:10:09,0.08829100,0.03700000
2018-02-25 18:10:09,0.08829100,0.01500000
2018-02-25 18:10:10,0.08833000,0.02000000
2018-02-25 18:10:11,0.08829200,0.05100000
2018-02-25 18:10:11,0.08833000,0.06400000
2018-02-25 18:10:12,0.08829300,0.06500000
2018-02-25 18:10:12,0.08829100,0.06400000
2018-02-25 18:10:12,0.08833000,0.05500000
2018-02-25 18:10:12,0.08829100,0.40500000
2018-02-25 18:10:12,0.08829000,0.15600000
2018-02-25 18:10:12,0.08828900,0.24800000
2018-02-25 18:10:12,0.08828900,0.26700000
2018-02-25 18:10:12,0.08828800,3.57700000
2018-02-25 18:10:12,0.08828800,0.01300000
2018-02-25 18:10:12,0.08828800,0.03300000
2018-02-25 18:10:12,0.08828800,0.03100000
2018-02-25 18:10:12,0.08828600,0.15100000
2018-02-25 18:10:12,0.08828700,0.06500000
2018-02-25 18:10:12,0.08828700,0.00200000
2018-02-25 18:10:12,0.08828800,0.15500000
2018-02-25 18:10:12,0.08828600,0.50900000
2018-02-25 18:10:12,0.08828800,0.10200000
2018-02-25 18:10:12,0.08828800,0.10200000
2018-02-25 18:10:12,0.08828800,0.10200000
2018-02-25 18:10:13,0.08828600,0.14200000
2018-02-25 18:10:13,0.08828600,0.00100000
2018-02-25 18:10:13,0.08827200,0.14100000
2018-02-25 18:10:13,0.08828800,0.48500000
2018-02-25 18:10:13,0.08828800,0.05500000
2018-02-25 18:10:13,0.08828800,0.14100000
2018-02-25 18:10:13,0.08827200,0.38900000
2018-02-25 18:10:13,0.08827200,0.56200000
2018-02-25 18:10:13,0.08828800,0.10800000
2018-02-25 18:10:13,0.08828800,0.18200000
2018-02-25 18:10:14,0.08828800,0.15900000
2018-02-25 18:10:14,0.08828800,0.03300000
2018-02-25 18:10:14,0.08825900,4.62000000
2018-02-25 18:10:14,0.08822200,0.01500000
2018-02-25 18:10:14,0.08820700,4.85800000
2018-02-25 18:10:14,0.08820500,0.05500000
2018-02-25 18:10:14,0.08820400,3.86100000
2018-02-25 18:10:14,0.08828700,1.07900000
2018-02-25 18:10:14,0.08828800,5.23200000
2018-02-25 18:10:14,0.08828800,0.80900000
2018-02-25 18:10:14,0.08828800,0.32400000
2018-02-25 18:10:15,0.08820400,0.45300000
2018-02-25 18:10:15,0.08820400,0.02500000
2018-02-25 18:10:15,0.08828800,0.08100000
2018-02-25 18:10:15,0.08828800,0.92800000
2018-02-25 18:10:15,0.08820400,0.33700000
2018-02-25 18:10:15,0.08828700,0.01900000
2018-02-25 18:10:16,0.08828700,0.05500000
2018-02-25 18:10:16,0.08828700,0.01600000
2018-02-25 18:10:17,0.08828700,0.17400000
2018-02-25 18:10:17,0.08828700,0.02000000
2018-02-25 18:10:18,0.08820800,0.01600000
2018-02-25 18:10:20,0.08828700,0.01200000
2018-02-25 18:10:20,0.08828700,0.00600000
2018-02-25 18:10:20,0.08828800,0.01100000
2018-02-25 18:10:21,0.08828800,0.07800000
2018-02-25 18:10:21,0.08828800,0.07900000
2018-02-25 18:10:22,0.08828800,0.09300000
2018-02-25 18:10:22,0.08828800,0.39700000
2018-02-25 18:10:22,0.08828800,0.05700000
2018-02-25 18:10:25,0.08828800,1.13100000
2018-02-25 18:10:25,0.08828800,3.84700000
2018-02-25 18:10:25,0.08828800,0.02100000
2018-02-25 18:10:25,0.08828800,0.06300000
2018-02-25 18:10:25,0.08828800,0.05000000
2018-02-25 18:10:25,0.08828800,0.02300000
2018-02-25 18:10:27,0.08828800,0.82800000
2018-02-25 18:10:28,0.08821500,0.12200000
2018-02-25 18:10:31,0.08828700,0.06200000
2018-02-25 18:10:31,0.08821600,0.10100000
2018-02-25 18:10:31,0.08821500,0.03700000
2018-02-25 18:10:31,0.08821600,0.02400000
2018-02-25 18:10:32,0.08828700,1.13200000
2018-02-25 18:10:32,0.08821600,0.03700000
2018-02-25 18:10:32,0.08828700,0.46700000
2018-02-25 18:10:32,0.08828600,0.06100000
2018-02-25 18:10:32,0.08821700,0.06000000
2018-02-25 18:10:33,0.08828600,0.05400000
2018-02-25 18:10:34,0.08821800,0.06100000
2018-02-25 18:10:34,0.08828600,0.05400000
2018-02-25 18:10:35,0.08821800,0.03400000
2018-02-25 18:10:35,0.08821900,0.10900000
2018-02-25 18:10:35,0.08821800,0.27100000
2018-02-25 18:10:36,0.08828600,0.10900000
2018-02-25 18:10:37,0.08821800,0.10500000
2018-02-25 18:10:37,0.08820400,0.00100000
2018-02-25 18:10:37,0.08820000,0.08500000
2018-02-25 18:10:37,0.08822000,0.04800000
2018-02-25 18:10:37,0.08822000,0.05000000
2018-02-25 18:10:38,0.08822000,0.03800000
2018-02-25 18:10:38,0.08822000,0.01800000
2018-02-25 18:10:38,0.08822000,0.21800000
2018-02-25 18:10:38,0.08822000,0.11500000
2018-02-25 18:10:38,0.08822000,0.08000000
2018-02-25 18:10:38,0.08822000,0.09500000
2018-02-25 18:10:38,0.08822000,0.41400000
2018-02-25 18:10:38,0.08822000,0.28800000
2018-02-25 18:10:38,0.08822000,0.01600000
2018-02-25 18:10:38,0.08822000,0.24700000
2018-02-25 18:10:38,0.08822000,0.64800000
2018-02-25 18:10:38,0.08822000,0.05000000
2018-02-25 18:10:38,0.08822000,0.11300000
2018-02-25 18:10:38,0.08822000,0.11300000
2018-02-25 18:10:39,0.08822000,1.13300000
2018-02-25 18:10:39,0.08822000,1.86600000
2018-02-25 18:10:39,0.08822000,0.83500000
2018-02-25 18:10:39,0.08822000,0.02700000
2018-02-25 18:10:39,0.08822000,0.02100000
2018-02-25 18:10:39,0.08820000,0.39400000
2018-02-25 18:10:40,0.08822000,0.03000000
2018-02-25 18:10:40,0.08820000,0.22400000
2018-02-25 18:10:40,0.08822000,0.00500000
2018-02-25 18:10:41,0.08822000,0.04400000
2018-02-25 18:10:41,0.08822000,0.12300000
2018-02-25 18:10:41,0.08820000,0.04200000
2018-02-25 18:10:41,0.08822000,0.03000000
2018-02-25 18:10:41,0.08820000,1.13700000
2018-02-25 18:10:41,0.08822000,0.01400000
2018-02-25 18:10:42,0.08822000,0.04700000
2018-02-25 18:10:42,0.08822000,0.02700000
2018-02-25 18:10:42,0.08822000,0.04000000
2018-02-25 18:10:42,0.08822000,0.23800000
2018-02-25 18:10:42,0.08822000,0.67600000
2018-02-25 18:10:43,0.08822000,0.02000000
2018-02-25 18:10:44,0.08822000,0.67600000
2018-02-25 18:10:44,0.08822000,0.07200000
2018-02-25 18:10:45,0.08820000,0.59100000
2018-02-25 18:10:46,0.08822000,0.15000000
2018-02-25 18:10:47,0.08820000,0.09900000
2018-02-25 18:10:47,0.08822000,0.93000000
2018-02-25 18:10:47,0.08820000,0.67800000
2018-02-25 18:10:47,0.08822000,0.04500000
2018-02-25 18:10:47,0.08822000,0.24000000
2018-02-25 18:10:49,0.08822000,0.06000000
2018-02-25 18:10:49,0.08820000,0.14500000
2018-02-25 18:10:49,0.08822000,0.04400000
2018-02-25 18:10:49,0.08820000,0.05700000
2018-02-25 18:10:50,0.08822000,0.04500000
2018-02-25 18:10:50,0.08822000,0.04100000
2018-02-25 18:10:50,0.08820000,0.43400000
2018-02-25 18:10:50,0.08822000,0.03600000
2018-02-25 18:10:50,0.08822000,0.10100000
2018-02-25 18:10:50,0.08822000,0.03000000
2018-02-25 18:10:50,0.08822000,0.70500000
2018-02-25 18:10:51,0.08822000,0.29300000
2018-02-25 18:10:51,0.08820000,0.44700000
2018-02-25 18:10:51,0.08822000,0.08800000
2018-02-25 18:10:51,0.08820000,0.03800000
2018-02-25 18:10:51,0.08822000,0.55400000
2018-02-25 18:10:52,0.08822000,0.19500000
2018-02-25 18:10:52,0.08820000,4.21800000
2018-02-25 18:10:52,0.08820000,0.06000000
2018-02-25 18:10:52,0.08820000,0.67500000
2018-02-25 18:10:52,0.08820000,0.02800000
2018-02-25 18:10:52,0.08820000,0.14600000
2018-02-25 18:10:52,0.08820000,0.03600000
2018-02-25 18:10:52,0.08820000,0.41200000
2018-02-25 18:10:52,0.08820000,0.17000000
2018-02-25 18:10:52,0.08820000,0.85400000
2018-02-25 18:10:52,0.08820000,0.02700000
2018-02-25 18:10:53,0.08820000,0.21100000
2018-02-25 18:10:53,0.08820000,0.19200000
2018-02-25 18:10:53,0.08820000,0.50000000
2018-02-25 18:10:54,0.08820000,0.56300000
2018-02-25 18:10:54,0.08820000,0.50000000
2018-02-25 18:10:55,0.08820000,0.03600000
2018-02-25 18:10:55,0.08820000,6.64100000
2018-02-25 18:10:55,0.08818100,0.07000000
2018-02-25 18:10:56,0.08820000,0.50000000
2018-02-25 18:10:56,0.08820000,0.09100000
2018-02-25 18:10:57,0.08820000,1.13300000
2018-02-25 18:10:57,0.08820000,0.29200000
2018-02-25 18:10:57,0.08820000,0.12100000
2018-02-25 18:10:57,0.08820000,0.50000000
2018-02-25 18:10:58,0.08818100,0.15700000
2018-02-25 18:10:59,0.08818100,0.03500000
2018-02-25 18:10:59,0.08820000,0.50000000
2018-02-25 18:10:59,0.08820000,19.47200000
2018-02-25 18:10:59,0.08822000,7.96800000
2018-02-25 18:10:59,0.08828600,11.77700000
2018-02-25 18:10:59,0.08828800,0.47400000
2018-02-25 18:10:59,0.08831900,1.09200000
2018-02-25 18:10:59,0.08832000,0.46300000
2018-02-25 18:10:59,0.08833100,0.18000000
2018-02-25 18:10:59,0.08833500,2.16800000
2018-02-25 18:10:59,0.08833600,2.12700000
2018-02-25 18:10:59,0.08834200,2.85500000
2018-02-25 18:10:59,0.08834900,0.10100000
2018-02-25 18:10:59,0.08835600,1.32300000
2018-02-25 18:10:59,0.08818700,0.09100000
2018-02-25 18:11:00,0.08819500,0.09100000
2018-02-25 18:11:02,0.08820400,0.11600000
2018-02-25 18:11:02,0.08820300,0.10600000
2018-02-25 18:11:02,0.08828000,0.04600000
2018-02-25 18:11:02,0.08820300,0.03300000
2018-02-25 18:11:02,0.08820300,0.11100000
2018-02-25 18:11:02,0.08819700,0.03600000
2018-02-25 18:11:02,0.08818800,0.08300000
2018-02-25 18:11:04,0.08818800,0.11300000
2018-02-25 18:11:05,0.08818900,0.09500000
2018-02-25 18:11:05,0.08819000,0.19400000
2018-02-25 18:11:06,0.08818100,0.52700000
2018-02-25 18:11:06,0.08818000,0.00100000
2018-02-25 18:11:06,0.08818000,0.45300000
2018-02-25 18:11:08,0.08823700,0.09000000
2018-02-25 18:11:08,0.08818000,0.04400000
2018-02-25 18:11:08,0.08818000,0.18600000
2018-02-25 18:11:08,0.08823500,0.01200000
2018-02-25 18:11:09,0.08823500,0.15000000
2018-02-25 18:11:09,0.08823500,0.05400000
2018-02-25 18:11:09,0.08818000,0.29600000
2018-02-25 18:11:09,0.08823500,0.14300000
2018-02-25 18:11:09,0.08818000,0.04800000
2018-02-25 18:11:09,0.08817100,0.10000000
2018-02-25 18:11:10,0.08823300,0.19900000
2018-02-25 18:11:10,0.08819000,0.04400000
2018-02-25 18:11:10,0.08823300,1.28200000
2018-02-25 18:11:10,0.08823300,0.02700000
2018-02-25 18:11:10,0.08819000,0.07900000
2018-02-25 18:11:10,0.08818900,0.17000000
2018-02-25 18:11:10,0.08818800,0.61700000
2018-02-25 18:11:11,0.08823300,0.03100000
2018-02-25 18:11:11,0.08818900,0.04000000
2018-02-25 18:11:12,0.08818900,0.05000000
2018-02-25 18:11:12,0.08818900,0.04800000
2018-02-25 18:11:12,0.08818900,0.00100000
2018-02-25 18:11:12,0.08823200,0.04700000
2018-02-25 18:11:12,0.08823200,0.04800000
2018-02-25 18:11:12,0.08818800,0.45300000
2018-02-25 18:11:12,0.08823200,0.02800000
2018-02-25 18:11:12,0.08823300,0.02000000
2018-02-25 18:11:12,0.08818800,0.13900000
2018-02-25 18:11:13,0.08823400,0.03500000
2018-02-25 18:11:13,0.08823400,0.00100000
2018-02-25 18:11:13,0.08828300,0.03200000
2018-02-25 18:11:13,0.08818900,0.13900000
2018-02-25 18:11:13,0.08819000,0.06000000
2018-02-25 18:11:14,0.08827800,0.05300000
2018-02-25 18:11:14,0.08819000,0.06300000
2018-02-25 18:11:14,0.08818900,0.03400000
2018-02-25 18:11:14,0.08818900,0.02000000
2018-02-25 18:11:14,0.08818900,0.03000000
2018-02-25 18:11:14,0.08818900,0.00100000
2018-02-25 18:11:14,0.08827800,0.03000000
2018-02-25 18:11:14,0.08827800,0.03000000
2018-02-25 18:11:14,0.08827800,0.03000000
2018-02-25 18:11:14,0.08827800,0.01400000
2018-02-25 18:11:14,0.08828200,0.00200000
2018-02-25 18:11:14,0.08828200,0.03000000
2018-02-25 18:11:15,0.08823300,0.07900000
2018-02-25 18:11:15,0.08823300,0.39400000
2018-02-25 18:11:16,0.08823300,0.18300000
2018-02-25 18:11:16,0.08827900,0.45300000
2018-02-25 18:11:16,0.08828400,0.02000000
2018-02-25 18:11:16,0.08828600,0.22800000
2018-02-25 18:11:16,0.08828900,0.07500000
2018-02-25 18:11:16,0.08834900,0.12400000
2018-02-25 18:11:16,0.08835000,0.09800000
2018-02-25 18:11:16,0.08835100,0.15000000
2018-02-25 18:11:16,0.08835600,1.46900000
2018-02-25 18:11:16,0.08835700,0.11100000
2018-02-25 18:11:16,0.08835800,2.41600000
2018-02-25 18:11:16,0.08837400,0.50000000
2018-02-25 18:11:16,0.08838300,0.42000000
2018-02-25 18:11:16,0.08838900,0.34200000
2018-02-25 18:11:16,0.08839800,0.01500000
2018-02-25 18:11:16,0.08840000,0.88200000
2018-02-25 18:11:16,0.08841100,0.05100000
2018-02-25 18:11:16,0.08843000,1.16500000
2018-02-25 18:11:16,0.08845200,0.12100000
2018-02-25 18:11:16,0.08845800,0.04600000
2018-02-25 18:11:16,0.08846200,0.80300000
2018-02-25 18:11:16,0.08847200,0.10000000
2018-02-25 18:11:16,0.08848900,0.79800000
2018-02-25 18:11:16,0.08849700,0.02000000
2018-02-25 18:11:16,0.08849900,1.66500000
2018-02-25 18:11:16,0.08850000,14.82200000
2018-02-25 18:11:16,0.08850200,0.02800000
2018-02-25 18:11:16,0.08850400,0.05600000
2018-02-25 18:11:16,0.08850500,0.09400000
2018-02-25 18:11:16,0.08851000,0.10400000
2018-02-25 18:11:16,0.08851300,0.01800000
2018-02-25 18:11:16,0.08851600,0.02400000
2018-02-25 18:11:16,0.08852000,0.04600000
2018-02-25 18:11:16,0.08852500,0.14000000
2018-02-25 18:11:16,0.08852600,0.40900000
2018-02-25 18:11:16,0.08853000,0.07600000
2018-02-25 18:11:16,0.08853200,0.20000000
2018-02-25 18:11:16,0.08853400,0.76100000
2018-02-25 18:11:16,0.08853500,0.09100000
2018-02-25 18:11:16,0.08854100,0.04600000
2018-02-25 18:11:16,0.08854400,1.44000000
2018-02-25 18:11:16,0.08854500,0.04000000
2018-02-25 18:11:16,0.08855000,0.24900000
2018-02-25 18:11:16,0.08855200,3.01600000
2018-02-25 18:11:16,0.08855700,0.19800000
2018-02-25 18:11:16,0.08856500,0.00700000
2018-02-25 18:11:16,0.08857300,1.92500000
2018-02-25 18:11:16,0.08857400,0.89400000
2018-02-25 18:11:16,0.08857500,0.09700000
2018-02-25 18:11:16,0.08857700,1.18400000
2018-02-25 18:11:16,0.08858000,0.03400000
2018-02-25 18:11:16,0.08858200,0.28900000
2018-02-25 18:11:16,0.08858500,0.02300000
2018-02-25 18:11:16,0.08859000,0.22900000
2018-02-25 18:11:16,0.08859800,0.01400000
2018-02-25 18:11:16,0.08860000,11.19100000
2018-02-25 18:11:17,0.08835100,0.06200000
2018-02-25 18:11:18,0.08850500,0.03300000
2018-02-25 18:11:19,0.08828500,0.00100000
2018-02-25 18:11:21,0.08822200,0.01400000
2018-02-25 18:11:21,0.08828500,0.12700000
2018-02-25 18:11:22,0.08822200,0.03000000
2018-02-25 18:11:22,0.08822200,0.00100000
2018-02-25 18:11:22,0.08821700,0.02900000
2018-02-25 18:11:22,0.08822200,0.03000000
2018-02-25 18:11:22,0.08821700,0.02500000
2018-02-25 18:11:22,0.08822200,0.04900000
2018-02-25 18:11:22,0.08822200,0.07300000
2018-02-25 18:11:25,0.08828500,0.07200000
2018-02-25 18:11:25,0.08822300,0.03800000
2018-02-25 18:11:25,0.08822400,0.04500000
2018-02-25 18:11:26,0.08822400,0.08300000
2018-02-25 18:11:26,0.08828600,0.02700000
2018-02-25 18:11:26,0.08822400,0.09900000
2018-02-25 18:11:26,0.08822400,0.00400000
2018-02-25 18:11:26,0.08822400,0.21100000
2018-02-25 18:11:26,0.08822400,0.59000000
2018-02-25 18:11:27,0.08822500,0.20500000
2018-02-25 18:11:27,0.08822500,0.17600000
2018-02-25 18:11:27,0.08828500,0.01900000
2018-02-25 18:11:27,0.08828500,0.01400000
2018-02-25 18:11:28,0.08828500,0.10200000
2018-02-25 18:11:29,0.08828500,0.06200000
2018-02-25 18:11:31,0.08828500,0.04500000
2018-02-25 18:11:31,0.08828500,0.07600000
2018-02-25 18:11:31,0.08822900,1.13300000
2018-02-25 18:11:31,0.08822700,1.24000000
2018-02-25 18:11:31,0.08822600,0.74300000
2018-02-25 18:11:31,0.08823100,0.03200000
2018-02-25 18:11:33,0.08828600,0.04600000
2018-02-25 18:11:36,0.08823100,0.09900000
2018-02-25 18:11:36,0.08823100,0.04900000
2018-02-25 18:11:36,0.08823100,0.02000000
2018-02-25 18:11:36,0.08823100,0.10000000
2018-02-25 18:11:36,0.08823100,0.02000000
2018-02-25 18:11:36,0.08823100,0.02100000
2018-02-25 18:11:38,0.08828500,0.07200000
2018-02-25 18:11:38,0.08823200,0.11600000
2018-02-25 18:11:38,0.08828500,0.00100000
2018-02-25 18:11:38,0.08828500,0.01500000
2018-02-25 18:11:38,0.08823200,0.02900000
2018-02-25 18:11:40,0.08823200,0.02400000
2018-02-25 18:11:40,0.08823100,0.02100000
2018-02-25 18:11:42,0.08823200,0.35900000
2018-02-25 18:11:42,0.08828000,0.05800000
2018-02-25 18:11:43,0.08828000,0.04600000
2018-02-25 18:11:44,0.08823200,0.11400000
2018-02-25 18:11:45,0.08823200,0.11100000
2018-02-25 18:11:46,0.08828000,0.53500000
2018-02-25 18:11:47,0.08823300,0.05300000
2018-02-25 18:11:49,0.08828000,0.49300000
2018-02-25 18:11:51,0.08828600,0.08800000
2018-02-25 18:11:52,0.08823300,0.09900000
2018-02-25 18:11:52,0.08823300,1.44100000
2018-02-25 18:11:52,0.08823300,0.60000000
2018-02-25 18:11:52,0.08823300,0.60000000
2018-02-25 18:11:53,0.08823300,0.33400000
2018-02-25 18:11:53,0.08823300,0.21700000
2018-02-25 18:11:53,0.08828600,0.00100000
2018-02-25 18:11:53,0.08832900,0.53700000
2018-02-25 18:11:53,0.08832900,0.53800000
2018-02-25 18:11:54,0.08832700,0.04600000
2018-02-25 18:11:55,0.08832600,0.58500000
2018-02-25 18:11:56,0.08824100,0.04600000
2018-02-25 18:11:56,0.08824100,0.00100000
2018-02-25 18:11:56,0.08824000,0.03200000
2018-02-25 18:11:56,0.08824000,0.10500000
2018-02-25 18:11:56,0.08830100,0.05100000
2018-02-25 18:11:57,0.08824200,0.06900000
2018-02-25 18:11:57,0.08824200,0.47300000
2018-02-25 18:11:57,0.08828600,0.03800000
2018-02-25 18:11:58,0.08824400,0.07300000
2018-02-25 18:11:58,0.08824400,0.44700000
2018-02-25 18:11:59,0.08828200,0.17100000
2018-02-25 18:11:59,0.08824500,0.06300000
2018-02-25 18:11:59,0.08824400,4.13900000
2018-02-25 18:11:59,0.08828200,0.25400000
2018-02-25 18:11:59,0.08824500,1.05200000
2018-02-25 18:12:00,0.08824500,0.05700000
2018-02-25 18:12:01,0.08824600,0.06000000
2018-02-25 18:12:01,0.08824600,0.06700000
2018-02-25 18:12:01,0.08828200,0.29700000
2018-02-25 18:12:02,0.08824500,0.09300000
2018-02-25 18:12:02,0.08824500,0.01800000
2018-02-25 18:12:02,0.08828200,0.09200000
2018-02-25 18:12:03,0.08824700,0.90700000
2018-02-25 18:12:05,0.08824700,0.77300000
2018-02-25 18:12:05,0.08824700,1.24600000
2018-02-25 18:12:05,0.08827100,0.04500000
2018-02-25 18:12:05,0.08824700,0.00100000
2018-02-25 18:12:05,0.08823700,0.41900000
2018-02-25 18:12:06,0.08823700,0.58100000
2018-02-25 18:12:06,0.08824700,0.23700000
2018-02-25 18:12:06,0.08823700,1.70300000
2018-02-25 18:12:07,0.08823700,0.05600000
2018-02-25 18:12:08,0.08823700,0.11700000
2018-02-25 18:12:09,0.08824700,0.00100000
2018-02-25 18:12:09,0.08827100,0.00700000
2018-02-25 18:12:09,0.08828200,0.03600000
2018-02-25 18:12:09,0.08823700,0.02500000
2018-02-25 18:12:09,0.08823700,0.01100000
2018-02-25 18:12:11,0.08823700,0.07900000
2018-02-25 18:12:11,0.08823700,0.06800000
2018-02-25 18:12:12,0.08823700,0.05300000
2018-02-25 18:12:12,0.08827700,0.14700000
2018-02-25 18:12:12,0.08827700,0.03700000
2018-02-25 18:12:12,0.08823700,0.23700000
2018-02-25 18:12:16,0.08823700,0.02100000
2018-02-25 18:12:16,0.08823700,0.04800000
2018-02-25 18:12:16,0.08823700,0.13900000
2018-02-25 18:12:17,0.08823800,0.02500000
2018-02-25 18:12:17,0.08823800,0.13900000
2018-02-25 18:12:17,0.08823800,1.18700000
2018-02-25 18:12:17,0.08827700,0.12700000
2018-02-25 18:12:18,0.08823800,0.21100000
2018-02-25 18:12:18,0.08823800,0.19900000
2018-02-25 18:12:18,0.08823800,0.13900000
2018-02-25 18:12:19,0.08827700,0.90300000
2018-02-25 18:12:19,0.08827700,0.00100000
2018-02-25 18:12:19,0.08828200,0.19800000
2018-02-25 18:12:19,0.08823800,0.00700000
2018-02-25 18:12:19,0.08823800,3.04300000
2018-02-25 18:12:19,0.08823700,2.61400000
2018-02-25 18:12:19,0.08823700,0.45300000
2018-02-25 18:12:20,0.08823700,0.41600000
2018-02-25 18:12:20,0.08823700,0.49200000
2018-02-25 18:12:20,0.08823300,0.31800000
2018-02-25 18:12:21,0.08823700,0.97300000
2018-02-25 18:12:22,0.08823700,0.50700000
2018-02-25 18:12:22,0.08823700,0.24300000
2018-02-25 18:12:22,0.08823700,0.10000000
2018-02-25 18:12:24,0.08823700,0.01000000
2018-02-25 18:12:24,0.08823700,0.12200000
2018-02-25 18:12:25,0.08823700,0.22600000
2018-02-25 18:12:25,0.08823700,0.18500000
2018-02-25 18:12:25,0.08823300,0.00100000
2018-02-25 18:12:28,0.08823300,0.04300000
2018-02-25 18:12:28,0.08823300,0.03300000
