DATE,PRICE,VOLUME
2018-02-25 23:00:02,0.08765300,0.12100000
2018-02-25 23:00:02,0.08765300,0.00100000
2018-02-25 23:00:02,0.08765200,0.07700000
2018-02-25 23:00:02,0.08765200,0.02800000
2018-02-25 23:00:02,0.08765200,0.02000000
2018-02-25 23:00:02,0.08770400,0.01400000
2018-02-25 23:00:02,0.08765200,0.36100000
2018-02-25 23:00:02,0.08765200,0.19200000
2018-02-25 23:00:02,0.08765200,0.02600000
2018-02-25 23:00:02,0.08765200,0.75700000
2018-02-25 23:00:02,0.08765200,0.42600000
2018-02-25 23:00:02,0.08765200,0.45800000
2018-02-25 23:00:02,0.08765200,0.44500000
2018-02-25 23:00:02,0.08765200,0.24000000
2018-02-25 23:00:03,0.08765200,0.31900000
2018-02-25 23:00:03,0.08765200,0.00100000
2018-02-25 23:00:03,0.08764800,0.20000000
2018-02-25 23:00:03,0.08763900,0.05600000
2018-02-25 23:00:03,0.08761300,0.19900000
2018-02-25 23:00:03,0.08765300,0.17900000
2018-02-25 23:00:03,0.08765300,0.00100000
2018-02-25 23:00:03,0.08761300,0.71900000
2018-02-25 23:00:03,0.08770300,0.02100000
2018-02-25 23:00:04,0.08761300,0.08900000
2018-02-25 23:00:07,0.08770000,0.01500000
2018-02-25 23:00:07,0.08770000,0.01500000
2018-02-25 23:00:07,0.08770000,0.01500000
2018-02-25 23:00:08,0.08769900,0.05000000
2018-02-25 23:00:09,0.08769900,0.11400000
2018-02-25 23:00:09,0.08769900,0.27500000
2018-02-25 23:00:12,0.08761300,0.00600000
2018-02-25 23:00:13,0.08769000,0.03600000
2018-02-25 23:00:13,0.08761400,0.11800000
2018-02-25 23:00:13,0.08769000,0.08300000
2018-02-25 23:00:13,0.08769000,0.05700000
2018-02-25 23:00:13,0.08769000,0.40000000
2018-02-25 23:00:14,0.08761300,0.06000000
2018-02-25 23:00:14,0.08768900,0.64600000
2018-02-25 23:00:14,0.08768900,0.12600000
2018-02-25 23:00:14,0.08769000,0.59100000
2018-02-25 23:00:14,0.08770000,0.27300000
2018-02-25 23:00:14,0.08770100,0.01300000
2018-02-25 23:00:14,0.08761300,0.00400000
2018-02-25 23:00:16,0.08770200,0.14700000
2018-02-25 23:00:16,0.08770200,0.15500000
2018-02-25 23:00:16,0.08770200,0.02000000
2018-02-25 23:00:16,0.08770200,0.01100000
2018-02-25 23:00:17,0.08766700,0.02800000
2018-02-25 23:00:17,0.08770200,0.06100000
2018-02-25 23:00:17,0.08770200,0.45500000
2018-02-25 23:00:17,0.08770200,0.00100000
2018-02-25 23:00:17,0.08770300,0.03100000
2018-02-25 23:00:17,0.08770300,0.41200000
2018-02-25 23:00:17,0.08761500,0.00100000
2018-02-25 23:00:17,0.08761600,0.05000000
2018-02-25 23:00:18,0.08762000,0.46400000
2018-02-25 23:00:18,0.08770300,0.41700000
2018-02-25 23:00:19,0.08762000,0.02000000
2018-02-25 23:00:19,0.08762000,0.00100000
2018-02-25 23:00:19,0.08761600,0.01100000
2018-02-25 23:00:19,0.08761400,3.46100000
2018-02-25 23:00:19,0.08761200,1.25200000
2018-02-25 23:00:19,0.08761100,0.93200000
2018-02-25 23:00:19,0.08761000,0.10000000
2018-02-25 23:00:19,0.08760900,0.02000000
2018-02-25 23:00:19,0.08760800,0.03500000
2018-02-25 23:00:19,0.08760400,1.76000000
2018-02-25 23:00:19,0.08770300,0.02100000
2018-02-25 23:00:19,0.08772200,0.04300000
2018-02-25 23:00:20,0.08770200,0.43600000
2018-02-25 23:00:20,0.08760500,0.08900000
2018-02-25 23:00:20,0.08770200,0.22600000
2018-02-25 23:00:20,0.08770200,0.05300000
2018-02-25 23:00:20,0.08770000,0.08900000
2018-02-25 23:00:20,0.08770100,0.14400000
2018-02-25 23:00:20,0.08770200,1.77400000
2018-02-25 23:00:22,0.08771500,0.02000000
2018-02-25 23:00:22,0.08772200,0.98200000
2018-02-25 23:00:22,0.08760900,0.00600000
2018-02-25 23:00:22,0.08760900,0.00500000
2018-02-25 23:00:22,0.08760900,0.01100000
2018-02-25 23:00:23,0.08760900,0.03100000
2018-02-25 23:00:24,0.08769200,0.01300000
2018-02-25 23:00:24,0.08770200,0.10000000
2018-02-25 23:00:24,0.08771300,0.01100000
2018-02-25 23:00:25,0.08772000,0.12800000
2018-02-25 23:00:25,0.08771900,0.02000000
2018-02-25 23:00:25,0.08772000,0.38000000
2018-02-25 23:00:25,0.08761700,0.20000000
2018-02-25 23:00:25,0.08761400,0.02000000
2018-02-25 23:00:25,0.08761300,0.45600000
2018-02-25 23:00:26,0.08771900,0.16000000
2018-02-25 23:00:26,0.08771900,0.08800000
2018-02-25 23:00:26,0.08771900,0.01900000
2018-02-25 23:00:26,0.08761500,0.07100000
2018-02-25 23:00:26,0.08760400,0.13700000
2018-02-25 23:00:26,0.08760300,0.07600000
2018-02-25 23:00:26,0.08760200,0.02000000
2018-02-25 23:00:26,0.08760100,0.02000000
2018-02-25 23:00:26,0.08759800,0.02000000
2018-02-25 23:00:26,0.08759700,0.02000000
2018-02-25 23:00:26,0.08759500,0.04000000
2018-02-25 23:00:26,0.08759400,0.02000000
2018-02-25 23:00:26,0.08759200,0.02000000
2018-02-25 23:00:26,0.08759000,0.10000000
2018-02-25 23:00:26,0.08758900,0.02000000
2018-02-25 23:00:26,0.08758600,0.02000000
2018-02-25 23:00:26,0.08758300,0.02000000
2018-02-25 23:00:26,0.08757400,0.02000000
2018-02-25 23:00:26,0.08757300,0.02000000
2018-02-25 23:00:26,0.08757200,0.02000000
2018-02-25 23:00:26,0.08757100,0.02000000
2018-02-25 23:00:26,0.08756800,0.02000000
2018-02-25 23:00:26,0.08756700,0.36700000
2018-02-25 23:00:26,0.08756600,0.23200000
2018-02-25 23:00:26,0.08771800,0.20000000
2018-02-25 23:00:26,0.08771900,0.10800000
2018-02-25 23:00:27,0.08771800,0.19900000
2018-02-25 23:00:28,0.08771500,0.33200000
2018-02-25 23:00:28,0.08761700,0.08000000
2018-02-25 23:00:29,0.08771200,0.57300000
2018-02-25 23:00:29,0.08761800,1.71300000
2018-02-25 23:00:30,0.08761500,0.01800000
2018-02-25 23:00:31,0.08770900,0.05300000
2018-02-25 23:00:31,0.08771000,0.34700000
2018-02-25 23:00:31,0.08771000,0.05200000
2018-02-25 23:00:32,0.08771000,0.23300000
2018-02-25 23:00:32,0.08771000,0.31000000
2018-02-25 23:00:32,0.08761400,0.06100000
2018-02-25 23:00:33,0.08761500,0.00100000
2018-02-25 23:00:33,0.08770800,0.05900000
2018-02-25 23:00:35,0.08761700,0.05300000
2018-02-25 23:00:35,0.08770500,0.05600000
2018-02-25 23:00:35,0.08770500,0.05600000
2018-02-25 23:00:36,0.08770400,0.14400000
2018-02-25 23:00:36,0.08770500,0.25600000
2018-02-25 23:00:38,0.08761600,0.01900000
2018-02-25 23:00:38,0.08761600,0.01100000
2018-02-25 23:00:39,0.08770500,0.00100000
2018-02-25 23:00:39,0.08761600,0.03800000
2018-02-25 23:00:39,0.08761700,0.05500000
2018-02-25 23:00:39,0.08761700,0.03900000
2018-02-25 23:00:39,0.08770300,0.03600000
2018-02-25 23:00:39,0.08766800,0.02700000
2018-02-25 23:00:39,0.08766800,0.00100000
2018-02-25 23:00:39,0.08770300,0.02600000
2018-02-25 23:00:39,0.08770300,0.02700000
2018-02-25 23:00:40,0.08761600,0.02300000
2018-02-25 23:00:40,0.08761600,0.03300000
2018-02-25 23:00:40,0.08761400,0.02000000
2018-02-25 23:00:40,0.08760500,0.00200000
2018-02-25 23:00:40,0.08761400,0.02000000
2018-02-25 23:00:40,0.08760500,0.12700000
2018-02-25 23:00:41,0.08761200,0.01900000
2018-02-25 23:00:41,0.08761200,0.00100000
2018-02-25 23:00:41,0.08760400,0.01800000
2018-02-25 23:00:41,0.08761200,0.02000000
2018-02-25 23:00:41,0.08760400,0.14100000
2018-02-25 23:00:42,0.08761200,0.01900000
2018-02-25 23:00:42,0.08761200,0.00100000
2018-02-25 23:00:42,0.08760400,0.40400000
2018-02-25 23:00:42,0.08770100,0.30800000
2018-02-25 23:00:42,0.08770200,0.09200000
2018-02-25 23:00:43,0.08761200,0.01900000
2018-02-25 23:00:43,0.08761300,0.44600000
2018-02-25 23:00:43,0.08761300,0.02500000
2018-02-25 23:00:44,0.08761700,0.31900000
2018-02-25 23:00:44,0.08761700,0.00100000
2018-02-25 23:00:44,0.08761300,0.38300000
2018-02-25 23:00:44,0.08766300,0.02700000
2018-02-25 23:00:45,0.08760400,0.18900000
2018-02-25 23:00:47,0.08761700,0.39900000
2018-02-25 23:00:47,0.08761700,0.00100000
2018-02-25 23:00:47,0.08760400,0.26100000
2018-02-25 23:00:47,0.08760300,0.10000000
2018-02-25 23:00:47,0.08760100,0.02000000
2018-02-25 23:00:47,0.08759800,0.02000000
2018-02-25 23:00:47,0.08759700,0.02000000
2018-02-25 23:00:47,0.08759500,0.02000000
2018-02-25 23:00:47,0.08759400,0.02000000
2018-02-25 23:00:47,0.08759200,0.02000000
2018-02-25 23:00:47,0.08759000,0.02000000
2018-02-25 23:00:47,0.08758900,0.02000000
2018-02-25 23:00:47,0.08758600,0.02000000
2018-02-25 23:00:47,0.08758300,0.02000000
2018-02-25 23:00:47,0.08758200,0.81100000
2018-02-25 23:00:47,0.08760100,0.02000000
2018-02-25 23:00:47,0.08759800,0.02000000
2018-02-25 23:00:47,0.08758200,1.07800000
2018-02-25 23:00:47,0.08759700,0.02000000
2018-02-25 23:00:47,0.08758200,0.04000000
2018-02-25 23:00:49,0.08759500,0.02000000
2018-02-25 23:00:49,0.08759400,0.02000000
2018-02-25 23:00:49,0.08759200,0.02000000
2018-02-25 23:00:49,0.08759000,0.02000000
2018-02-25 23:00:49,0.08758900,0.02000000
2018-02-25 23:00:49,0.08758600,0.02000000
2018-02-25 23:00:49,0.08758200,1.27300000
2018-02-25 23:00:50,0.08768700,0.08400000
2018-02-25 23:00:50,0.08768700,0.00900000
2018-02-25 23:00:50,0.08768800,0.08300000
2018-02-25 23:00:50,0.08768800,0.21700000
2018-02-25 23:00:50,0.08760100,0.01400000
2018-02-25 23:00:50,0.08760100,0.00600000
2018-02-25 23:00:50,0.08759800,0.02000000
2018-02-25 23:00:50,0.08759700,0.02000000
2018-02-25 23:00:50,0.08758300,0.01100000
2018-02-25 23:00:50,0.08768700,0.05300000
2018-02-25 23:00:50,0.08769100,0.28900000
2018-02-25 23:00:51,0.08758300,0.08000000
2018-02-25 23:00:51,0.08758200,0.36700000
2018-02-25 23:00:51,0.08758100,0.18000000
2018-02-25 23:00:51,0.08757400,0.02000000
2018-02-25 23:00:51,0.08757300,0.02000000
2018-02-25 23:00:51,0.08757200,0.02000000
2018-02-25 23:00:51,0.08757100,0.02000000
2018-02-25 23:00:51,0.08756800,0.02000000
2018-02-25 23:00:51,0.08756700,0.02000000
2018-02-25 23:00:51,0.08756600,0.21600000
2018-02-25 23:00:51,0.08756500,0.18000000
2018-02-25 23:00:51,0.08758100,0.05000000
2018-02-25 23:00:51,0.08756500,0.02000000
2018-02-25 23:00:51,0.08763400,0.05300000
2018-02-25 23:00:51,0.08763400,0.04700000
2018-02-25 23:00:51,0.08768700,0.02000000
2018-02-25 23:00:51,0.08769100,0.00600000
2018-02-25 23:00:51,0.08756500,0.07100000
2018-02-25 23:00:51,0.08769100,0.01600000
2018-02-25 23:00:51,0.08768700,0.02000000
2018-02-25 23:00:51,0.08769100,0.02600000
2018-02-25 23:00:51,0.08758400,0.02000000
2018-02-25 23:00:51,0.08758700,0.01500000
2018-02-25 23:00:51,0.08758700,0.01500000
2018-02-25 23:00:52,0.08758700,0.01900000
2018-02-25 23:00:52,0.08768400,0.08100000
2018-02-25 23:00:52,0.08768500,0.91200000
2018-02-25 23:00:52,0.08759400,0.02000000
2018-02-25 23:00:52,0.08758800,0.05300000
2018-02-25 23:00:52,0.08758700,0.92300000
2018-02-25 23:00:52,0.08768500,0.20200000
2018-02-25 23:00:53,0.08759200,0.01900000
2018-02-25 23:00:53,0.08768600,0.16000000
2018-02-25 23:00:53,0.08768500,0.12400000
2018-02-25 23:00:53,0.08768600,0.24300000
2018-02-25 23:00:53,0.08769100,0.02000000
2018-02-25 23:00:53,0.08769200,0.01300000
2018-02-25 23:00:54,0.08759400,0.01900000
2018-02-25 23:00:55,0.08759500,0.14500000
2018-02-25 23:00:55,0.08760100,0.02000000
2018-02-25 23:00:55,0.08759500,0.09400000
2018-02-25 23:00:55,0.08759500,0.50000000
2018-02-25 23:00:55,0.08764700,0.02800000
2018-02-25 23:00:55,0.08764700,0.00100000
2018-02-25 23:00:55,0.08768100,0.02600000
2018-02-25 23:00:55,0.08768100,0.02800000
2018-02-25 23:00:55,0.08768100,0.02700000
2018-02-25 23:00:55,0.08768100,0.09600000
2018-02-25 23:00:56,0.08759800,0.03900000
2018-02-25 23:00:56,0.08759800,0.00100000
2018-02-25 23:00:56,0.08759700,0.02000000
2018-02-25 23:00:56,0.08759400,0.21300000
2018-02-25 23:00:56,0.08759400,0.16700000
2018-02-25 23:00:56,0.08759400,0.79500000
2018-02-25 23:00:56,0.08768000,0.12400000
2018-02-25 23:00:56,0.08768100,0.33500000
2018-02-25 23:00:57,0.08768100,0.31400000
2018-02-25 23:00:57,0.08768100,0.01700000
2018-02-25 23:00:57,0.08759500,0.12400000
2018-02-25 23:00:57,0.08759400,0.21800000
2018-02-25 23:00:57,0.08768100,0.34100000
2018-02-25 23:00:57,0.08768100,0.26200000
2018-02-25 23:00:59,0.08759400,1.72000000
2018-02-25 23:01:00,0.08768100,0.00100000
2018-02-25 23:01:00,0.08768500,0.01100000
2018-02-25 23:01:01,0.08768500,0.01300000
2018-02-25 23:01:01,0.08768500,0.10000000
2018-02-25 23:01:01,0.08768600,0.01200000
2018-02-25 23:01:01,0.08759600,0.00100000
2018-02-25 23:01:01,0.08768600,0.48800000
2018-02-25 23:01:02,0.08768600,0.00100000
2018-02-25 23:01:02,0.08769200,0.04700000
2018-02-25 23:01:02,0.08769400,0.02000000
2018-02-25 23:01:02,0.08770100,0.14600000
2018-02-25 23:01:02,0.08770200,0.56200000
2018-02-25 23:01:02,0.08769400,0.02000000
2018-02-25 23:01:02,0.08770200,0.16700000
2018-02-25 23:01:02,0.08770200,1.08300000
2018-02-25 23:01:02,0.08770400,0.34400000
2018-02-25 23:01:02,0.08770500,0.34400000
2018-02-25 23:01:02,0.08771000,0.02000000
2018-02-25 23:01:02,0.08771000,0.02000000
2018-02-25 23:01:02,0.08771000,0.02000000
2018-02-25 23:01:02,0.08771000,0.07000000
2018-02-25 23:01:02,0.08771000,0.78700000
2018-02-25 23:01:02,0.08771100,0.29600000
2018-02-25 23:01:02,0.08771000,0.02000000
2018-02-25 23:01:02,0.08771000,0.23000000
2018-02-25 23:01:02,0.08771000,0.04100000
2018-02-25 23:01:02,0.08771000,0.12600000
2018-02-25 23:01:02,0.08771000,0.02000000
2018-02-25 23:01:02,0.08771000,0.34100000
2018-02-25 23:01:02,0.08771000,0.19100000
2018-02-25 23:01:02,0.08771000,0.54600000
2018-02-25 23:01:03,0.08771000,0.00400000
2018-02-25 23:01:03,0.08760000,0.12400000
2018-02-25 23:01:03,0.08759900,0.37900000
2018-02-25 23:01:04,0.08766400,0.02800000
2018-02-25 23:01:05,0.08766400,0.00100000
2018-02-25 23:01:05,0.08770800,0.12400000
2018-02-25 23:01:05,0.08770900,0.27500000
2018-02-25 23:01:06,0.08770900,0.05600000
2018-02-25 23:01:06,0.08770900,0.07300000
2018-02-25 23:01:06,0.08771000,0.04100000
2018-02-25 23:01:06,0.08771000,0.36100000
2018-02-25 23:01:06,0.08761100,0.07600000
2018-02-25 23:01:07,0.08771000,0.07700000
2018-02-25 23:01:07,0.08771100,0.02700000
2018-02-25 23:01:08,0.08771000,0.02000000
2018-02-25 23:01:08,0.08771100,0.09400000
2018-02-25 23:01:08,0.08761400,0.74300000
2018-02-25 23:01:08,0.08761400,0.12600000
2018-02-25 23:01:08,0.08771100,0.05000000
2018-02-25 23:01:09,0.08761600,0.01900000
2018-02-25 23:01:09,0.08771100,0.02600000
2018-02-25 23:01:10,0.08771100,0.40000000
2018-02-25 23:01:11,0.08771100,0.08700000
2018-02-25 23:01:12,0.08771100,0.11400000
2018-02-25 23:01:12,0.08771100,0.14200000
2018-02-25 23:01:12,0.08762200,0.01600000
2018-02-25 23:01:12,0.08762200,0.04200000
2018-02-25 23:01:13,0.08771100,0.02200000
2018-02-25 23:01:13,0.08761700,0.01000000
2018-02-25 23:01:13,0.08771100,0.04100000
2018-02-25 23:01:13,0.08772100,0.05800000
2018-02-25 23:01:13,0.08772200,0.21500000
2018-02-25 23:01:13,0.08771100,0.02000000
2018-02-25 23:01:13,0.08772200,0.03800000
2018-02-25 23:01:13,0.08761700,0.00100000
2018-02-25 23:01:14,0.08767800,0.02800000
2018-02-25 23:01:14,0.08767800,0.00100000
2018-02-25 23:01:14,0.08772200,0.25800000
2018-02-25 23:01:15,0.08762500,0.10600000
2018-02-25 23:01:18,0.08772000,0.02600000
2018-02-25 23:01:18,0.08772100,0.01300000
2018-02-25 23:01:18,0.08768100,0.02400000
2018-02-25 23:01:18,0.08768100,0.00500000
2018-02-25 23:01:18,0.08772100,0.02900000
2018-02-25 23:01:20,0.08762800,0.22900000
2018-02-25 23:01:20,0.08768400,0.02800000
2018-02-25 23:01:20,0.08768400,0.00100000
2018-02-25 23:01:20,0.08771900,0.02700000
2018-02-25 23:01:21,0.08771900,0.16200000
2018-02-25 23:01:21,0.08762900,0.07300000
2018-02-25 23:01:21,0.08771800,0.06000000
2018-02-25 23:01:21,0.08771900,0.04000000
2018-02-25 23:01:21,0.08772100,0.29000000
2018-02-25 23:01:21,0.08772200,0.01000000
2018-02-25 23:01:22,0.08763000,0.02000000
2018-02-25 23:01:22,0.08763000,0.02000000
2018-02-25 23:01:22,0.08763000,0.02000000
2018-02-25 23:01:22,0.08769100,0.11700000
2018-02-25 23:01:22,0.08769100,0.13300000
2018-02-25 23:01:24,0.08762400,0.00200000
2018-02-25 23:01:24,0.08762400,0.06200000
2018-02-25 23:01:24,0.08769000,0.06000000
2018-02-25 23:01:24,0.08769100,0.05400000
2018-02-25 23:01:26,0.08768100,0.56900000
2018-02-25 23:01:27,0.08768100,0.00100000
2018-02-25 23:01:28,0.08766600,0.02800000
2018-02-25 23:01:28,0.08766600,0.00100000
2018-02-25 23:01:28,0.08769000,0.02700000
2018-02-25 23:01:28,0.08769000,0.02700000
2018-02-25 23:01:31,0.08762500,0.13400000
2018-02-25 23:01:31,0.08762400,1.12900000
2018-02-25 23:01:31,0.08762500,0.02000000
2018-02-25 23:01:31,0.08762500,0.02000000
2018-02-25 23:01:31,0.08762500,0.02000000
2018-02-25 23:01:31,0.08762500,0.02000000
2018-02-25 23:01:31,0.08762500,0.02000000
2018-02-25 23:01:31,0.08762500,0.02000000
2018-02-25 23:01:31,0.08762500,0.01400000
2018-02-25 23:01:31,0.08766600,0.02900000
2018-02-25 23:01:31,0.08769000,0.01000000
2018-02-25 23:01:31,0.08769100,0.02000000
2018-02-25 23:01:31,0.08769100,0.02700000
2018-02-25 23:01:33,0.08769000,0.29300000
2018-02-25 23:01:34,0.08769000,0.00100000
2018-02-25 23:01:34,0.08769100,0.11300000
2018-02-25 23:01:34,0.08769100,0.22100000
2018-02-25 23:01:34,0.08769000,0.11400000
2018-02-25 23:01:34,0.08769100,0.28600000
2018-02-25 23:01:35,0.08769100,0.02800000
2018-02-25 23:01:36,0.08762700,0.04700000
2018-02-25 23:01:37,0.08762700,0.09700000
2018-02-25 23:01:37,0.08762600,0.07700000
2018-02-25 23:01:37,0.08762500,0.72800000
2018-02-25 23:01:37,0.08762400,0.14600000
2018-02-25 23:01:38,0.08762700,0.02000000
2018-02-25 23:01:38,0.08762400,0.33000000
2018-02-25 23:01:39,0.08762700,0.01900000
2018-02-25 23:01:39,0.08762700,0.00100000
2018-02-25 23:01:39,0.08762400,0.00400000
2018-02-25 23:01:40,0.08762700,0.05100000
2018-02-25 23:01:40,0.08762400,0.16800000
2018-02-25 23:01:40,0.08769100,0.08100000
2018-02-25 23:01:40,0.08769100,0.02000000
2018-02-25 23:01:40,0.08769600,0.18100000
2018-02-25 23:01:40,0.08772200,0.02700000
2018-02-25 23:01:40,0.08772200,0.01900000
2018-02-25 23:01:41,0.08772200,0.05500000
2018-02-25 23:01:41,0.08772200,0.07100000
2018-02-25 23:01:41,0.08772300,0.04300000
2018-02-25 23:01:43,0.08772300,0.45700000
2018-02-25 23:01:43,0.08769100,0.03200000
2018-02-25 23:01:44,0.08769100,0.06800000
2018-02-25 23:01:44,0.08772200,0.02900000
2018-02-25 23:01:44,0.08772300,0.03800000
2018-02-25 23:01:44,0.08772300,0.04000000
2018-02-25 23:01:45,0.08772300,0.06100000
2018-02-25 23:01:45,0.08772300,0.00100000
2018-02-25 23:01:45,0.08773600,0.02000000
2018-02-25 23:01:45,0.08774000,0.31400000
2018-02-25 23:01:45,0.08774500,0.06500000
2018-02-25 23:01:46,0.08763200,0.07000000
2018-02-25 23:01:46,0.08773600,0.01400000
2018-02-25 23:01:46,0.08763400,0.07800000
2018-02-25 23:01:47,0.08769100,0.09800000
2018-02-25 23:01:48,0.08763800,0.02100000
2018-02-25 23:01:54,0.08764000,0.00300000
2018-02-25 23:01:58,0.08764100,0.02900000
2018-02-25 23:01:58,0.08769100,0.00200000
2018-02-25 23:01:58,0.08773900,0.02000000
2018-02-25 23:01:58,0.08774700,0.02100000
2018-02-25 23:01:58,0.08774800,0.07100000
2018-02-25 23:01:58,0.08773900,0.02000000
2018-02-25 23:01:58,0.08773900,0.01900000
2018-02-25 23:01:58,0.08773900,0.00100000
2018-02-25 23:01:58,0.08774800,0.01800000
2018-02-25 23:01:59,0.08773900,0.01900000
2018-02-25 23:01:59,0.08773900,0.00100000
2018-02-25 23:01:59,0.08774800,0.01800000
2018-02-25 23:01:59,0.08764200,0.48600000
2018-02-25 23:01:59,0.08773900,0.01900000
2018-02-25 23:01:59,0.08773900,0.00100000
2018-02-25 23:01:59,0.08774800,0.01800000
2018-02-25 23:01:59,0.08773900,0.01900000
2018-02-25 23:01:59,0.08773900,0.00100000
2018-02-25 23:01:59,0.08774700,0.01800000
2018-02-25 23:01:59,0.08773900,0.01900000
2018-02-25 23:01:59,0.08773900,0.00100000
2018-02-25 23:01:59,0.08774700,0.01800000
2018-02-25 23:01:59,0.08774200,0.01900000
2018-02-25 23:01:59,0.08774200,0.00100000
2018-02-25 23:01:59,0.08774700,0.01800000
2018-02-25 23:02:00,0.08774400,0.01900000
2018-02-25 23:02:01,0.08764900,0.06800000
2018-02-25 23:02:01,0.08764900,0.00800000
2018-02-25 23:02:01,0.08764800,0.21600000
2018-02-25 23:02:01,0.08774700,0.04700000
2018-02-25 23:02:01,0.08774700,0.00100000
2018-02-25 23:02:01,0.08775000,0.02000000
2018-02-25 23:02:02,0.08774900,0.21500000
2018-02-25 23:02:02,0.08774900,0.00100000
2018-02-25 23:02:02,0.08775000,0.09400000
2018-02-25 23:02:02,0.08774800,0.28700000
2018-02-25 23:02:03,0.08774800,0.10300000
2018-02-25 23:02:03,0.08774800,0.02600000
2018-02-25 23:02:03,0.08774800,0.07200000
2018-02-25 23:02:03,0.08775000,0.02500000
2018-02-25 23:02:03,0.08775000,0.07100000
2018-02-25 23:02:03,0.08775000,0.04800000
2018-02-25 23:02:04,0.08775000,0.15800000
2018-02-25 23:02:04,0.08775000,0.33800000
2018-02-25 23:02:04,0.08765700,0.06500000
2018-02-25 23:02:05,0.08765900,0.37200000
2018-02-25 23:02:05,0.08774900,0.01900000
2018-02-25 23:02:05,0.08765900,0.03900000
2018-02-25 23:02:05,0.08765900,0.04700000
2018-02-25 23:02:05,0.08774900,0.12400000
2018-02-25 23:02:05,0.08775000,0.12300000
2018-02-25 23:02:05,0.08775000,0.40900000
2018-02-25 23:02:05,0.08771400,0.02900000
2018-02-25 23:02:05,0.08775000,1.59100000
2018-02-25 23:02:06,0.08775000,0.02800000
2018-02-25 23:02:07,0.08775000,0.00200000
2018-02-25 23:02:07,0.08775100,0.20000000
2018-02-25 23:02:07,0.08775600,0.20000000
2018-02-25 23:02:07,0.08775900,0.20000000
2018-02-25 23:02:07,0.08776200,0.26500000
2018-02-25 23:02:07,0.08776600,0.13600000
2018-02-25 23:02:07,0.08766100,0.01900000
2018-02-25 23:02:07,0.08766200,0.02200000
2018-02-25 23:02:07,0.08772300,0.69900000
2018-02-25 23:02:07,0.08766300,0.08400000
2018-02-25 23:02:07,0.08766300,0.14500000
2018-02-25 23:02:08,0.08766300,0.54800000
2018-02-25 23:02:09,0.08766400,0.22700000
2018-02-25 23:02:09,0.08766400,0.11900000
2018-02-25 23:02:10,0.08766500,0.01900000
2018-02-25 23:02:13,0.08772300,0.00100000
2018-02-25 23:02:13,0.08778300,0.01500000
2018-02-25 23:02:13,0.08779100,0.09700000
2018-02-25 23:02:14,0.08766600,0.03300000
2018-02-25 23:02:15,0.08772500,0.37600000
2018-02-25 23:02:15,0.08779000,0.02400000
2018-02-25 23:02:16,0.08779000,0.04700000
2018-02-25 23:02:16,0.08767100,0.01900000
2018-02-25 23:02:16,0.08767200,0.08500000
2018-02-25 23:02:17,0.08767200,0.13100000
2018-02-25 23:02:18,0.08767400,1.14200000
2018-02-25 23:02:18,0.08767400,0.85300000
2018-02-25 23:02:18,0.08767400,0.47700000
2018-02-25 23:02:18,0.08767500,0.01000000
2018-02-25 23:02:18,0.08767600,0.02000000
2018-02-25 23:02:18,0.08767500,0.08300000
2018-02-25 23:02:19,0.08777600,0.14500000
2018-02-25 23:02:20,0.08777500,0.37900000
2018-02-25 23:02:20,0.08777500,0.00700000
2018-02-25 23:02:20,0.08768000,0.11600000
2018-02-25 23:02:20,0.08767900,0.16300000
2018-02-25 23:02:20,0.08777500,0.01900000
2018-02-25 23:02:21,0.08768100,0.19900000
2018-02-25 23:02:21,0.08777300,0.12100000
2018-02-25 23:02:21,0.08777200,0.00100000
2018-02-25 23:02:22,0.08768100,0.12000000
2018-02-25 23:02:22,0.08768100,0.00100000
2018-02-25 23:02:22,0.08768000,0.02000000
2018-02-25 23:02:22,0.08767900,0.09900000
2018-02-25 23:02:22,0.08768000,0.02000000
2018-02-25 23:02:22,0.08767900,0.34700000
2018-02-25 23:02:22,0.08768000,0.01900000
2018-02-25 23:02:23,0.08777100,0.03500000
2018-02-25 23:02:23,0.08777100,0.53100000
2018-02-25 23:02:23,0.08768000,0.00100000
2018-02-25 23:02:23,0.08767900,1.10500000
2018-02-25 23:02:23,0.08767800,0.26500000
2018-02-25 23:02:23,0.08777100,0.00100000
2018-02-25 23:02:24,0.08768100,0.03300000
2018-02-25 23:02:24,0.08768100,0.01800000
2018-02-25 23:02:24,0.08777100,0.04400000
2018-02-25 23:02:24,0.08777100,1.06300000
2018-02-25 23:02:28,0.08768100,0.02100000
2018-02-25 23:02:28,0.08777100,0.09000000
2018-02-25 23:02:29,0.08768100,0.22700000
2018-02-25 23:02:29,0.08768100,0.00100000
2018-02-25 23:02:29,0.08767800,0.22600000
2018-02-25 23:02:29,0.08767800,0.39300000
2018-02-25 23:02:30,0.08767900,0.00100000
2018-02-25 23:02:30,0.08767900,0.10300000
2018-02-25 23:02:30,0.08767900,1.14100000
2018-02-25 23:02:30,0.08767900,0.20500000
2018-02-25 23:02:31,0.08767900,0.11400000
2018-02-25 23:02:31,0.08777100,0.00100000
2018-02-25 23:02:31,0.08777100,0.02300000
2018-02-25 23:02:31,0.08767900,0.02200000
2018-02-25 23:02:31,0.08767900,0.06600000
2018-02-25 23:02:32,0.08767900,0.06300000
2018-02-25 23:02:32,0.08767800,0.04000000
2018-02-25 23:02:32,0.08767800,0.08700000
2018-02-25 23:02:33,0.08776800,0.15000000
2018-02-25 23:02:35,0.08767800,0.40000000
2018-02-25 23:02:39,0.08767800,0.02700000
2018-02-25 23:02:41,0.08776400,0.02000000
2018-02-25 23:02:41,0.08776400,0.02000000
2018-02-25 23:02:41,0.08776500,1.10800000
2018-02-25 23:02:42,0.08776400,0.02000000
2018-02-25 23:02:42,0.08776500,0.11600000
2018-02-25 23:02:42,0.08776400,0.01900000
2018-02-25 23:02:42,0.08767800,0.08700000
2018-02-25 23:02:44,0.08767800,0.07900000
2018-02-25 23:02:44,0.08767800,0.04400000
2018-02-25 23:02:44,0.08767800,0.18100000
2018-02-25 23:02:45,0.08767900,0.28300000
2018-02-25 23:02:45,0.08767900,0.02300000
2018-02-25 23:02:45,0.08776400,0.00100000
2018-02-25 23:02:45,0.08776500,0.25500000
2018-02-25 23:02:46,0.08776400,0.02000000
2018-02-25 23:02:46,0.08776600,0.23600000
2018-02-25 23:02:46,0.08776400,0.01900000
2018-02-25 23:02:46,0.08774700,0.09900000
2018-02-25 23:02:49,0.08776200,0.01800000
2018-02-25 23:02:49,0.08776200,0.80400000
2018-02-25 23:02:49,0.08776200,1.69900000
2018-02-25 23:02:49,0.08776200,0.05700000
2018-02-25 23:02:50,0.08776200,0.06500000
2018-02-25 23:02:50,0.08776200,0.05300000
2018-02-25 23:02:50,0.08774700,0.00100000
2018-02-25 23:02:50,0.08768300,0.09500000
2018-02-25 23:02:51,0.08776200,0.29400000
2018-02-25 23:02:51,0.08776300,0.02000000
2018-02-25 23:02:51,0.08776600,0.08600000
2018-02-25 23:02:51,0.08776200,0.05500000
2018-02-25 23:02:51,0.08776200,0.03800000
2018-02-25 23:02:51,0.08776200,0.23600000
2018-02-25 23:02:51,0.08776200,0.03300000
2018-02-25 23:02:51,0.08776200,0.07100000
2018-02-25 23:02:51,0.08769100,0.10000000
2018-02-25 23:02:51,0.08768300,0.05200000
2018-02-25 23:02:51,0.08768300,0.15500000
2018-02-25 23:02:52,0.08776300,0.02000000
2018-02-25 23:02:52,0.08776600,0.59100000
2018-02-25 23:02:54,0.08776600,0.18400000
2018-02-25 23:02:54,0.08776600,0.46600000
2018-02-25 23:02:54,0.08768300,0.04400000
2018-02-25 23:02:56,0.08768300,0.02500000
2018-02-25 23:02:56,0.08768300,0.01600000
2018-02-25 23:02:56,0.08767900,0.02200000
2018-02-25 23:02:56,0.08768300,0.01800000
2018-02-25 23:02:56,0.08772200,0.09800000
2018-02-25 23:02:56,0.08772200,0.00200000
2018-02-25 23:02:56,0.08776600,0.00100000
2018-02-25 23:02:56,0.08776800,0.00100000
2018-02-25 23:02:56,0.08777200,0.06100000
2018-02-25 23:02:57,0.08777200,0.05100000
2018-02-25 23:02:58,0.08777200,0.11300000
2018-02-25 23:02:58,0.08777200,0.76100000
2018-02-25 23:02:59,0.08779900,0.11300000
2018-02-25 23:03:00,0.08768600,0.01300000
2018-02-25 23:03:01,0.08768600,0.34300000
2018-02-25 23:03:01,0.08778100,0.21500000
2018-02-25 23:03:01,0.08768600,1.62200000
2018-02-25 23:03:01,0.08778100,0.12500000
2018-02-25 23:03:01,0.08778200,0.12400000
2018-02-25 23:03:01,0.08768700,0.02000000
2018-02-25 23:03:01,0.08768600,0.08300000
2018-02-25 23:03:01,0.08778200,0.07600000
2018-02-25 23:03:01,0.08779900,0.07700000
2018-02-25 23:03:02,0.08779900,0.24500000
2018-02-25 23:03:02,0.08779800,0.05300000
2018-02-25 23:03:02,0.08779800,0.01900000
2018-02-25 23:03:02,0.08779800,0.19700000
2018-02-25 23:03:03,0.08769100,0.10300000
2018-02-25 23:03:03,0.08779900,0.26500000
2018-02-25 23:03:03,0.08769200,0.19900000
2018-02-25 23:03:04,0.08769300,1.14000000
2018-02-25 23:03:04,0.08769300,0.18900000
2018-02-25 23:03:05,0.08769500,0.11300000
2018-02-25 23:03:05,0.08769500,0.03000000
2018-02-25 23:03:05,0.08779600,0.23300000
2018-02-25 23:03:06,0.08779400,0.11300000
2018-02-25 23:03:08,0.08769900,0.02000000
2018-02-25 23:03:08,0.08779100,0.32300000
2018-02-25 23:03:08,0.08779100,0.25800000
2018-02-25 23:03:09,0.08779000,1.13900000
2018-02-25 23:03:09,0.08779000,0.52800000
2018-02-25 23:03:09,0.08779100,0.20000000
2018-02-25 23:03:09,0.08779300,0.40900000
2018-02-25 23:03:09,0.08779100,0.20000000
2018-02-25 23:03:09,0.08779300,0.48600000
2018-02-25 23:03:09,0.08779300,0.20000000
2018-02-25 23:03:10,0.08779100,0.19900000
2018-02-25 23:03:14,0.08779300,0.00500000
2018-02-25 23:03:15,0.08779300,0.01500000
2018-02-25 23:03:15,0.08770300,0.02000000
2018-02-25 23:03:15,0.08769400,0.12800000
2018-02-25 23:03:15,0.08779400,0.39400000
2018-02-25 23:03:15,0.08779400,0.09900000
2018-02-25 23:03:15,0.08779400,0.10400000
2018-02-25 23:03:15,0.08779400,0.11200000
2018-02-25 23:03:15,0.08779400,0.02600000
2018-02-25 23:03:15,0.08770300,0.21500000
2018-02-25 23:03:15,0.08770300,0.24100000
2018-02-25 23:03:16,0.08770500,0.00800000
2018-02-25 23:03:16,0.08770500,0.00100000
2018-02-25 23:03:18,0.08770800,0.05700000
2018-02-25 23:03:19,0.08780000,0.11300000
2018-02-25 23:03:20,0.08770900,0.06200000
2018-02-25 23:03:21,0.08779400,0.12700000
2018-02-25 23:03:23,0.08771000,0.16400000
2018-02-25 23:03:24,0.08771000,0.03900000
2018-02-25 23:03:25,0.08771000,0.19700000
2018-02-25 23:03:27,0.08771100,0.01200000
2018-02-25 23:03:27,0.08771100,0.06600000
2018-02-25 23:03:28,0.08771100,0.06900000
2018-02-25 23:03:28,0.08771100,0.02100000
2018-02-25 23:03:28,0.08771000,0.01900000
2018-02-25 23:03:28,0.08771100,0.02000000
2018-02-25 23:03:28,0.08771000,0.46900000
2018-02-25 23:03:28,0.08770000,0.88300000
2018-02-25 23:03:29,0.08771100,0.01900000
2018-02-25 23:03:29,0.08771100,0.00100000
2018-02-25 23:03:29,0.08770000,0.01800000
2018-02-25 23:03:29,0.08771100,0.02000000
2018-02-25 23:03:29,0.08770000,0.50100000
2018-02-25 23:03:29,0.08779400,0.00100000
2018-02-25 23:03:29,0.08780000,0.20800000
2018-02-25 23:03:29,0.08780000,0.02000000
2018-02-25 23:03:29,0.08780000,0.02700000
2018-02-25 23:03:29,0.08783500,0.01900000
2018-02-25 23:03:29,0.08780000,0.05200000
2018-02-25 23:03:29,0.08770800,0.02000000
2018-02-25 23:03:29,0.08769600,0.00600000
2018-02-25 23:03:29,0.08769600,0.07800000
2018-02-25 23:03:29,0.08769600,0.07800000
2018-02-25 23:03:29,0.08769600,0.45100000
2018-02-25 23:03:29,0.08769600,0.32600000
2018-02-25 23:03:29,0.08769600,0.32600000
2018-02-25 23:03:29,0.08769600,0.26200000
2018-02-25 23:03:30,0.08770800,0.02000000
2018-02-25 23:03:30,0.08769600,0.02800000
2018-02-25 23:03:30,0.08770800,0.02000000
2018-02-25 23:03:30,0.08769600,0.02800000
2018-02-25 23:03:30,0.08779700,0.07800000
2018-02-25 23:03:30,0.08779700,0.00100000
2018-02-25 23:03:30,0.08783500,0.00100000
2018-02-25 23:03:30,0.08784900,0.10400000
2018-02-25 23:03:30,0.08769900,0.20000000
2018-02-25 23:03:30,0.08769800,0.05700000
2018-02-25 23:03:30,0.08769700,1.22500000
2018-02-25 23:03:30,0.08769700,1.12800000
2018-02-25 23:03:30,0.08769700,0.53600000
2018-02-25 23:03:30,0.08769500,0.40000000
2018-02-25 23:03:30,0.08767900,0.13800000
2018-02-25 23:03:30,0.08766500,0.10000000
2018-02-25 23:03:30,0.08765600,0.39700000
2018-02-25 23:03:30,0.08779600,0.05000000
2018-02-25 23:03:31,0.08779500,0.01100000
2018-02-25 23:03:31,0.08779400,0.37600000
2018-02-25 23:03:31,0.08769600,0.27900000
2018-02-25 23:03:32,0.08779400,0.25200000
2018-02-25 23:03:32,0.08779400,0.20800000
2018-02-25 23:03:32,0.08779400,0.02000000
2018-02-25 23:03:32,0.08779500,1.05600000
2018-02-25 23:03:32,0.08779500,0.01900000
2018-02-25 23:03:32,0.08779400,0.40000000
2018-02-25 23:03:32,0.08779400,0.39200000
2018-02-25 23:03:32,0.08779500,0.39900000
2018-02-25 23:03:32,0.08779400,0.01700000
2018-02-25 23:03:33,0.08779400,0.00300000
2018-02-25 23:03:33,0.08779500,0.04300000
2018-02-25 23:03:33,0.08779300,0.28600000
2018-02-25 23:03:34,0.08770100,0.05600000
2018-02-25 23:03:34,0.08770100,0.26000000
2018-02-25 23:03:34,0.08779200,0.12400000
2018-02-25 23:03:34,0.08779300,0.25600000
2018-02-25 23:03:34,0.08779300,0.16400000
2018-02-25 23:03:34,0.08779300,0.03400000
2018-02-25 23:03:35,0.08779500,0.09800000
2018-02-25 23:03:35,0.08770200,0.07100000
2018-02-25 23:03:35,0.08770200,0.77000000
2018-02-25 23:03:35,0.08770400,0.02000000
2018-02-25 23:03:35,0.08770300,0.83900000
2018-02-25 23:03:35,0.08779400,0.08200000
2018-02-25 23:03:36,0.08779400,0.05700000
2018-02-25 23:03:36,0.08770500,0.11000000
2018-02-25 23:03:37,0.08775800,0.02800000
2018-02-25 23:03:37,0.08775800,0.00100000
2018-02-25 23:03:37,0.08779400,0.00200000
2018-02-25 23:03:37,0.08779500,0.00200000
2018-02-25 23:03:37,0.08782200,0.02000000
2018-02-25 23:03:37,0.08783400,0.00200000
2018-02-25 23:03:37,0.08783400,0.02800000
2018-02-25 23:03:37,0.08779300,0.02500000
2018-02-25 23:03:37,0.08779300,0.12600000
2018-02-25 23:03:38,0.08771200,0.52700000
2018-02-25 23:03:38,0.08779300,0.03200000
2018-02-25 23:03:38,0.08779300,0.01700000
2018-02-25 23:03:38,0.08779300,0.03200000
2018-02-25 23:03:39,0.08771200,0.02000000
2018-02-25 23:03:40,0.08779300,0.02100000
2018-02-25 23:03:40,0.08770000,0.01900000
2018-02-25 23:03:41,0.08770100,0.88100000
2018-02-25 23:03:41,0.08770100,0.00100000
2018-02-25 23:03:41,0.08770000,0.00100000
2018-02-25 23:03:41,0.08766600,0.01400000
2018-02-25 23:03:41,0.08766500,0.52400000
2018-02-25 23:03:41,0.08769900,0.02000000
2018-02-25 23:03:41,0.08766500,0.00900000
2018-02-25 23:03:41,0.08779200,0.29500000
2018-02-25 23:03:42,0.08779000,0.17100000
2018-02-25 23:03:44,0.08778600,0.02600000
2018-02-25 23:03:47,0.08767000,0.18400000
2018-02-25 23:03:47,0.08767000,0.70500000
2018-02-25 23:03:47,0.08777900,1.71900000
2018-02-25 23:03:47,0.08777900,0.00200000
2018-02-25 23:03:47,0.08778000,0.06600000
2018-02-25 23:03:47,0.08777900,0.35700000
2018-02-25 23:03:48,0.08767100,0.22600000
2018-02-25 23:03:49,0.08777500,0.49800000
2018-02-25 23:03:50,0.08777200,0.12400000
2018-02-25 23:03:50,0.08777300,0.07900000
2018-02-25 23:03:52,0.08776700,0.03200000
2018-02-25 23:03:53,0.08776700,0.11300000
2018-02-25 23:03:53,0.08776700,0.39300000
2018-02-25 23:03:54,0.08776600,0.06400000
2018-02-25 23:03:55,0.08776600,0.03700000
2018-02-25 23:03:55,0.08776600,0.29600000
2018-02-25 23:03:55,0.08776700,0.00600000
2018-02-25 23:03:55,0.08777500,0.02000000
2018-02-25 23:03:55,0.08777600,0.00700000
2018-02-25 23:03:55,0.08777600,0.33200000
2018-02-25 23:03:55,0.08777500,0.01900000
2018-02-25 23:03:55,0.08777600,0.01700000
2018-02-25 23:03:56,0.08774700,0.02700000
2018-02-25 23:03:56,0.08774700,0.00200000
2018-02-25 23:03:56,0.08777500,0.02600000
2018-02-25 23:03:56,0.08777500,0.21700000
2018-02-25 23:03:56,0.08770100,0.12300000
2018-02-25 23:03:57,0.08777600,0.21400000
2018-02-25 23:03:57,0.08777600,0.00100000
2018-02-25 23:03:57,0.08777800,0.02000000
2018-02-25 23:03:57,0.08778100,0.19300000
2018-02-25 23:03:57,0.08777800,0.02000000
2018-02-25 23:03:57,0.08778100,0.02900000
2018-02-25 23:03:57,0.08777800,0.02000000
2018-02-25 23:03:57,0.08778000,0.09300000
2018-02-25 23:03:57,0.08772400,0.06400000
2018-02-25 23:03:58,0.08778000,0.02900000
2018-02-25 23:03:59,0.08778000,0.00100000
2018-02-25 23:03:59,0.08778000,0.02000000
2018-02-25 23:03:59,0.08778000,0.00400000
2018-02-25 23:03:59,0.08772400,0.00100000
2018-02-25 23:03:59,0.08772000,0.01800000
2018-02-25 23:04:01,0.08772100,0.01900000
2018-02-25 23:04:01,0.08778100,0.49300000
2018-02-25 23:04:01,0.08778100,0.00100000
2018-02-25 23:04:01,0.08781700,0.02000000
2018-02-25 23:04:01,0.08782400,0.09200000
2018-02-25 23:04:02,0.08781700,0.02000000
2018-02-25 23:04:02,0.08782400,0.38000000
2018-02-25 23:04:02,0.08772200,0.01900000
2018-02-25 23:04:02,0.08772300,0.19700000
2018-02-25 23:04:02,0.08772300,0.05300000
2018-02-25 23:04:02,0.08772400,0.20000000
2018-02-25 23:04:02,0.08772300,1.05400000
2018-02-25 23:04:02,0.08772400,0.40000000
2018-02-25 23:04:03,0.08772500,0.14300000
2018-02-25 23:04:03,0.08781500,0.83900000
2018-02-25 23:04:04,0.08781400,0.05800000
2018-02-25 23:04:05,0.08781400,0.06300000
2018-02-25 23:04:05,0.08781400,0.85000000
2018-02-25 23:04:05,0.08772700,0.05500000
2018-02-25 23:04:05,0.08772700,0.00300000
2018-02-25 23:04:05,0.08772500,0.85800000
2018-02-25 23:04:06,0.08781300,0.01900000
2018-02-25 23:04:07,0.08781100,0.02700000
2018-02-25 23:04:07,0.08771300,0.12400000
2018-02-25 23:04:07,0.08771300,1.14000000
2018-02-25 23:04:07,0.08781100,1.06000000
2018-02-25 23:04:07,0.08771300,0.47000000
2018-02-25 23:04:07,0.08771300,0.25500000
2018-02-25 23:04:08,0.08775300,0.02600000
2018-02-25 23:04:08,0.08775300,0.00200000
2018-02-25 23:04:08,0.08771400,0.02500000
2018-02-25 23:04:08,0.08771400,0.02700000
2018-02-25 23:04:08,0.08771400,0.02700000
2018-02-25 23:04:08,0.08771400,0.02700000
2018-02-25 23:04:10,0.08780900,0.35200000
2018-02-25 23:04:10,0.08781000,0.04800000
2018-02-25 23:04:10,0.08771200,0.02800000
2018-02-25 23:04:11,0.08771400,0.04700000
2018-02-25 23:04:11,0.08780700,0.04700000
2018-02-25 23:04:11,0.08780800,0.01300000
2018-02-25 23:04:12,0.08771400,0.02000000
2018-02-25 23:04:12,0.08771400,0.00100000
2018-02-25 23:04:12,0.08771200,0.00100000
2018-02-25 23:04:12,0.08770000,0.01800000
2018-02-25 23:04:13,0.08771100,0.04600000
2018-02-25 23:04:13,0.08771100,0.07300000
2018-02-25 23:04:13,0.08771100,0.17400000
2018-02-25 23:04:13,0.08780700,0.14300000
2018-02-25 23:04:13,0.08780700,0.03400000
2018-02-25 23:04:13,0.08771200,0.32400000
2018-02-25 23:04:13,0.08771100,0.94700000
2018-02-25 23:04:13,0.08770000,0.43400000
2018-02-25 23:04:14,0.08782100,1.20700000
2018-02-25 23:04:14,0.08782100,1.13800000
2018-02-25 23:04:14,0.08782100,0.24300000
2018-02-25 23:04:15,0.08779800,0.06400000
2018-02-25 23:04:15,0.08779800,0.13600000
2018-02-25 23:04:15,0.08781900,0.06300000
2018-02-25 23:04:15,0.08781900,0.03300000
2018-02-25 23:04:15,0.08782000,0.16600000
2018-02-25 23:04:15,0.08782000,0.03200000
2018-02-25 23:04:15,0.08771400,0.06000000
2018-02-25 23:04:16,0.08781900,0.42100000
2018-02-25 23:04:17,0.08781800,0.15300000
2018-02-25 23:04:18,0.08781600,0.10000000
2018-02-25 23:04:19,0.08781500,0.04300000
2018-02-25 23:04:19,0.08781500,0.13500000
2018-02-25 23:04:19,0.08772200,0.00600000
2018-02-25 23:04:20,0.08772400,0.00500000
2018-02-25 23:04:20,0.08772400,0.09500000
2018-02-25 23:04:21,0.08781100,0.10500000
2018-02-25 23:04:22,0.08772600,0.37100000
2018-02-25 23:04:22,0.08777300,0.17700000
2018-02-25 23:04:23,0.08772900,0.46000000
2018-02-25 23:04:24,0.08772400,0.01900000
2018-02-25 23:04:25,0.08771100,0.01200000
2018-02-25 23:04:26,0.08771100,0.11000000
2018-02-25 23:04:27,0.08771100,0.01200000
2018-02-25 23:04:28,0.08771100,0.00900000
2018-02-25 23:04:28,0.08771000,0.01400000
2018-02-25 23:04:28,0.08777300,0.00100000
2018-02-25 23:04:28,0.08780900,0.10000000
2018-02-25 23:04:28,0.08780900,0.03600000
2018-02-25 23:04:28,0.08780900,0.06800000
2018-02-25 23:04:28,0.08780900,0.60200000
2018-02-25 23:04:29,0.08780700,0.32200000
2018-02-25 23:04:29,0.08771100,0.01200000
2018-02-25 23:04:30,0.08771200,0.42100000
2018-02-25 23:04:31,0.08771200,0.00100000
2018-02-25 23:04:31,0.08771000,0.01100000
2018-02-25 23:04:31,0.08771000,0.10600000
2018-02-25 23:04:33,0.08780100,0.03600000
2018-02-25 23:04:33,0.08780000,0.07600000
2018-02-25 23:04:33,0.08771000,0.00100000
2018-02-25 23:04:33,0.08770300,0.01100000
2018-02-25 23:04:34,0.08779900,0.19900000
2018-02-25 23:04:34,0.08779900,0.10000000
2018-02-25 23:04:35,0.08779800,0.17800000
2018-02-25 23:04:35,0.08779800,0.23900000
2018-02-25 23:04:35,0.08779800,0.00400000
2018-02-25 23:04:35,0.08779900,0.18100000
2018-02-25 23:04:35,0.08780000,0.05700000
2018-02-25 23:04:35,0.08770400,0.01200000
2018-02-25 23:04:36,0.08779800,0.04200000
2018-02-25 23:04:36,0.08779800,0.13100000
2018-02-25 23:04:36,0.08779800,0.18000000
2018-02-25 23:04:36,0.08779700,0.02000000
2018-02-25 23:04:36,0.08779800,1.25300000
2018-02-25 23:04:36,0.08780000,0.12900000
2018-02-25 23:04:36,0.08779700,0.01900000
2018-02-25 23:04:38,0.08779600,1.13700000
2018-02-25 23:04:38,0.08779600,0.58000000
2018-02-25 23:04:38,0.08779600,0.04700000
2018-02-25 23:04:38,0.08779600,0.02700000
2018-02-25 23:04:38,0.08779600,0.05100000
2018-02-25 23:04:39,0.08779600,0.21600000
2018-02-25 23:04:39,0.08771100,0.05300000
2018-02-25 23:04:40,0.08771200,0.02900000
2018-02-25 23:04:40,0.08771200,0.09500000
2018-02-25 23:04:40,0.08771100,2.92700000
2018-02-25 23:04:40,0.08779600,0.08400000
2018-02-25 23:04:40,0.08771400,0.03900000
2018-02-25 23:04:40,0.08771400,0.22400000
2018-02-25 23:04:41,0.08771400,0.01400000
2018-02-25 23:04:41,0.08771400,0.12400000
2018-02-25 23:04:41,0.08771400,0.19100000
2018-02-25 23:04:41,0.08771400,0.59500000
2018-02-25 23:04:42,0.08770000,0.10000000
2018-02-25 23:04:42,0.08769900,0.02000000
2018-02-25 23:04:42,0.08769200,0.06200000
2018-02-25 23:04:42,0.08769900,0.01900000
2018-02-25 23:04:43,0.08771400,0.30800000
2018-02-25 23:04:43,0.08779100,0.17900000
2018-02-25 23:04:43,0.08779100,0.02700000
2018-02-25 23:04:43,0.08779000,0.12300000
2018-02-25 23:04:43,0.08779000,0.05900000
2018-02-25 23:04:44,0.08778200,0.14900000
2018-02-25 23:04:44,0.08778200,0.16600000
2018-02-25 23:04:44,0.08778200,0.86700000
2018-02-25 23:04:44,0.08779000,0.06500000
2018-02-25 23:04:44,0.08778900,0.02000000
2018-02-25 23:04:44,0.08779000,0.22900000
2018-02-25 23:04:45,0.08778900,0.01900000
2018-02-25 23:04:47,0.08771400,0.00100000
2018-02-25 23:04:47,0.08771300,0.02800000
2018-02-25 23:04:48,0.08771300,0.09500000
2018-02-25 23:04:48,0.08778900,0.00100000
2018-02-25 23:04:48,0.08779000,0.05500000
2018-02-25 23:04:49,0.08778900,0.01900000
2018-02-25 23:04:49,0.08771300,0.00100000
2018-02-25 23:04:49,0.08771200,0.18000000
2018-02-25 23:04:49,0.08771200,0.02000000
2018-02-25 23:04:49,0.08769400,0.07900000
2018-02-25 23:04:49,0.08769400,1.43200000
2018-02-25 23:04:51,0.08769600,0.16000000
2018-02-25 23:04:51,0.08778800,1.11800000
2018-02-25 23:04:51,0.08778800,0.04700000
2018-02-25 23:04:52,0.08778700,0.12800000
2018-02-25 23:04:52,0.08778700,0.11300000
2018-02-25 23:04:53,0.08778600,0.14400000
2018-02-25 23:04:53,0.08778700,0.15400000
2018-02-25 23:04:53,0.08778700,0.14300000
2018-02-25 23:04:53,0.08778600,0.02000000
2018-02-25 23:04:53,0.08778700,0.45600000
2018-02-25 23:04:54,0.08778700,0.02000000
2018-02-25 23:04:54,0.08771900,0.12300000
2018-02-25 23:04:54,0.08778700,0.65700000
2018-02-25 23:04:54,0.08778800,0.01900000
2018-02-25 23:04:54,0.08771900,0.00100000
2018-02-25 23:04:54,0.08771800,0.01000000
2018-02-25 23:04:54,0.08778800,0.03100000
2018-02-25 23:04:55,0.08771800,0.09000000
2018-02-25 23:04:55,0.08771800,0.22000000
2018-02-25 23:04:58,0.08771800,0.00100000
2018-02-25 23:04:58,0.08769200,0.06000000
2018-02-25 23:04:58,0.08769200,0.76900000
2018-02-25 23:04:59,0.08769200,0.00100000
2018-02-25 23:04:59,0.08769100,0.10900000
2018-02-25 23:04:59,0.08769300,0.01900000
2018-02-25 23:04:59,0.08769300,0.22700000
2018-02-25 23:05:00,0.08778700,0.02000000
2018-02-25 23:05:00,0.08778800,0.42400000
2018-02-25 23:05:00,0.08769400,0.01900000
2018-02-25 23:05:00,0.08778400,0.14400000
2018-02-25 23:05:00,0.08778500,0.41400000
2018-02-25 23:05:02,0.08778300,0.43700000
2018-02-25 23:05:02,0.08778300,0.15800000
2018-02-25 23:05:02,0.08778300,0.06500000
2018-02-25 23:05:03,0.08778200,0.10900000
2018-02-25 23:05:03,0.08778300,0.02700000
2018-02-25 23:05:03,0.08769400,0.13600000
2018-02-25 23:05:03,0.08769400,0.36800000
2018-02-25 23:05:03,0.08769400,0.21700000
2018-02-25 23:05:03,0.08769400,0.00100000
2018-02-25 23:05:03,0.08769400,0.02000000
2018-02-25 23:05:03,0.08769400,0.02000000
2018-02-25 23:05:03,0.08769400,0.02000000
2018-02-25 23:05:03,0.08769400,0.02000000
2018-02-25 23:05:03,0.08769400,0.13700000
2018-02-25 23:05:03,0.08778300,0.03500000
2018-02-25 23:05:03,0.08769400,0.02000000
2018-02-25 23:05:03,0.08769300,0.12400000
2018-02-25 23:05:03,0.08769100,2.38400000
2018-02-25 23:05:03,0.08769400,0.02000000
2018-02-25 23:05:03,0.08769400,0.02000000
2018-02-25 23:05:03,0.08769400,0.01700000
2018-02-25 23:05:04,0.08778200,0.01500000
2018-02-25 23:05:04,0.08778200,0.14000000
2018-02-25 23:05:04,0.08769400,0.00300000
2018-02-25 23:05:04,0.08769400,0.02000000
2018-02-25 23:05:04,0.08769400,0.02000000
2018-02-25 23:05:04,0.08769400,0.01200000
2018-02-25 23:05:04,0.08769100,0.70300000
2018-02-25 23:05:04,0.08769100,0.91300000
2018-02-25 23:05:04,0.08769000,0.70200000
2018-02-25 23:05:04,0.08769000,0.77500000
2018-02-25 23:05:04,0.08769400,0.00100000
2018-02-25 23:05:04,0.08778100,0.03500000
2018-02-25 23:05:04,0.08769000,0.65600000
2018-02-25 23:05:05,0.08769000,1.08800000
2018-02-25 23:05:05,0.08777800,0.07200000
2018-02-25 23:05:06,0.08769000,0.00100000
2018-02-25 23:05:06,0.08765300,0.02500000
2018-02-25 23:05:06,0.08765300,0.01000000
2018-02-25 23:05:07,0.08777500,0.18000000
2018-02-25 23:05:07,0.08777400,0.29400000
2018-02-25 23:05:07,0.08765300,0.12200000
2018-02-25 23:05:07,0.08765300,0.18000000
2018-02-25 23:05:08,0.08777200,0.00500000
2018-02-25 23:05:08,0.08777200,0.02700000
2018-02-25 23:05:09,0.08765500,0.05400000
2018-02-25 23:05:09,0.08765600,0.05400000
2018-02-25 23:05:10,0.08776600,0.02400000
2018-02-25 23:05:10,0.08776600,0.05500000
2018-02-25 23:05:10,0.08776500,0.08900000
2018-02-25 23:05:10,0.08776600,0.71200000
2018-02-25 23:05:10,0.08776500,0.05400000
2018-02-25 23:05:10,0.08776700,0.82800000
2018-02-25 23:05:10,0.08769000,0.01400000
2018-02-25 23:05:10,0.08769000,0.03200000
2018-02-25 23:05:10,0.08776500,0.14000000
2018-02-25 23:05:10,0.08776600,0.04000000
2018-02-25 23:05:13,0.08776100,3.38000000
2018-02-25 23:05:13,0.08776900,0.12000000
2018-02-25 23:05:13,0.08777100,0.17000000
2018-02-25 23:05:13,0.08778600,0.02000000
2018-02-25 23:05:13,0.08778900,0.22400000
2018-02-25 23:05:13,0.08766500,0.09200000
2018-02-25 23:05:13,0.08766400,0.19300000
2018-02-25 23:05:13,0.08765700,0.15000000
2018-02-25 23:05:13,0.08764500,0.20000000
2018-02-25 23:05:13,0.08763200,0.03400000
2018-02-25 23:05:13,0.08762900,0.01700000
2018-02-25 23:05:13,0.08762400,0.05600000
2018-02-25 23:05:13,0.08760800,0.01500000
2018-02-25 23:05:13,0.08760600,0.42100000
2018-02-25 23:05:14,0.08776900,0.11900000
2018-02-25 23:05:14,0.08776900,0.02100000
2018-02-25 23:05:14,0.08777800,0.02500000
2018-02-25 23:05:15,0.08776700,0.02600000
2018-02-25 23:05:15,0.08776700,0.39500000
2018-02-25 23:05:15,0.08776800,0.01700000
2018-02-25 23:05:15,0.08776800,1.96000000
2018-02-25 23:05:15,0.08776800,0.12300000
2018-02-25 23:05:16,0.08776800,0.02400000
2018-02-25 23:05:17,0.08769100,0.01900000
2018-02-25 23:05:17,0.08769100,0.00100000
2018-02-25 23:05:17,0.08769000,0.78400000
2018-02-25 23:05:18,0.08769200,0.01900000
2018-02-25 23:05:18,0.08769200,0.06900000
2018-02-25 23:05:18,0.08773000,0.02300000
2018-02-25 23:05:18,0.08773000,0.99600000
2018-02-25 23:05:18,0.08773000,0.03700000
2018-02-25 23:05:18,0.08778100,0.01900000
2018-02-25 23:05:19,0.08778100,0.10500000
2018-02-25 23:05:19,0.08778200,0.02900000
2018-02-25 23:05:19,0.08769000,0.17800000
2018-02-25 23:05:19,0.08778200,0.05000000
2018-02-25 23:05:20,0.08778100,0.05000000
2018-02-25 23:05:21,0.08769300,0.14300000
2018-02-25 23:05:24,0.08769100,1.13900000
2018-02-25 23:05:24,0.08769000,1.90500000
2018-02-25 23:05:24,0.08775000,0.41900000
2018-02-25 23:05:25,0.08769000,0.06500000
2018-02-25 23:05:25,0.08769000,0.73200000
2018-02-25 23:05:26,0.08774300,0.02400000
2018-02-25 23:05:26,0.08774300,0.02600000
2018-02-25 23:05:26,0.08774300,0.06700000
2018-02-25 23:05:26,0.08774300,0.10100000
2018-02-25 23:05:27,0.08774300,0.57000000
2018-02-25 23:05:27,0.08774300,0.01500000
2018-02-25 23:05:28,0.08769000,0.02500000
2018-02-25 23:05:28,0.08769000,1.14000000
2018-02-25 23:05:28,0.08769000,0.10200000
2018-02-25 23:05:29,0.08774300,0.04300000
2018-02-25 23:05:29,0.08774300,0.33600000
2018-02-25 23:05:29,0.08775000,0.04200000
2018-02-25 23:05:29,0.08774900,0.12300000
2018-02-25 23:05:30,0.08771200,0.08500000
2018-02-25 23:05:30,0.08774900,0.00100000
2018-02-25 23:05:30,0.08775000,0.39900000
2018-02-25 23:05:30,0.08771200,0.06000000
2018-02-25 23:05:31,0.08775000,0.18200000
2018-02-25 23:05:31,0.08775000,0.07700000
2018-02-25 23:05:31,0.08775000,0.15700000
2018-02-25 23:05:32,0.08769000,0.00100000
2018-02-25 23:05:32,0.08766300,0.00400000
2018-02-25 23:05:32,0.08775000,0.39500000
2018-02-25 23:05:32,0.08766300,0.07700000
2018-02-25 23:05:33,0.08766400,0.04200000
2018-02-25 23:05:33,0.08774900,0.08100000
2018-02-25 23:05:33,0.08775000,0.09200000
2018-02-25 23:05:35,0.08766300,0.24900000
2018-02-25 23:05:36,0.08774900,0.04100000
2018-02-25 23:05:36,0.08774900,0.00100000
2018-02-25 23:05:36,0.08775000,0.39900000
2018-02-25 23:05:38,0.08766400,0.02300000
2018-02-25 23:05:39,0.08766500,0.06100000
2018-02-25 23:05:39,0.08774900,0.04300000
2018-02-25 23:05:39,0.08775000,0.14600000
2018-02-25 23:05:39,0.08766500,0.05500000
2018-02-25 23:05:40,0.08775000,0.12900000
2018-02-25 23:05:42,0.08774900,0.03800000
2018-02-25 23:05:43,0.08766700,0.04300000
2018-02-25 23:05:43,0.08766600,1.09100000
2018-02-25 23:05:43,0.08774900,0.04300000
2018-02-25 23:05:43,0.08775000,0.35600000
2018-02-25 23:05:44,0.08766600,0.06100000
2018-02-25 23:05:46,0.08766700,0.06100000
2018-02-25 23:05:47,0.08774000,0.01300000
2018-02-25 23:05:48,0.08766800,0.02000000
2018-02-25 23:05:48,0.08773900,0.06100000
2018-02-25 23:05:48,0.08774000,0.05200000
2018-02-25 23:05:48,0.08774000,0.21300000
2018-02-25 23:05:48,0.08775000,0.18700000
2018-02-25 23:05:48,0.08766600,2.90800000
2018-02-25 23:05:48,0.08775000,0.04900000
2018-02-25 23:05:50,0.08774800,0.01400000
2018-02-25 23:05:51,0.08774800,0.11300000
2018-02-25 23:05:52,0.08766500,0.06100000
2018-02-25 23:05:52,0.08766400,0.22400000
2018-02-25 23:05:53,0.08766500,0.04600000
2018-02-25 23:05:53,0.08766500,0.03600000
2018-02-25 23:05:53,0.08766500,0.00500000
2018-02-25 23:05:53,0.08774800,0.07900000
2018-02-25 23:05:53,0.08774800,0.07700000
2018-02-25 23:05:53,0.08775000,0.00900000
2018-02-25 23:05:53,0.08774800,0.08200000
2018-02-25 23:05:53,0.08766400,0.15600000
2018-02-25 23:05:55,0.08774800,0.05800000
2018-02-25 23:05:55,0.08774900,0.06100000
2018-02-25 23:05:55,0.08775000,0.28100000
2018-02-25 23:05:55,0.08766400,0.01600000
2018-02-25 23:05:56,0.08766400,0.02400000
2018-02-25 23:05:57,0.08774700,0.12000000
2018-02-25 23:05:57,0.08775000,0.26700000
2018-02-25 23:05:58,0.08774700,0.02300000
2018-02-25 23:05:58,0.08774700,0.09600000
2018-02-25 23:05:59,0.08774700,0.10000000
2018-02-25 23:05:59,0.08774700,0.02100000
2018-02-25 23:05:59,0.08775000,0.04500000
2018-02-25 23:05:59,0.08774700,0.09400000
2018-02-25 23:06:01,0.08774700,0.01900000
2018-02-25 23:06:02,0.08774700,0.00200000
2018-02-25 23:06:02,0.08775000,0.01500000
2018-02-25 23:06:02,0.08774700,0.01900000
2018-02-25 23:06:02,0.08766500,0.12300000
2018-02-25 23:06:03,0.08774600,0.06400000
2018-02-25 23:06:04,0.08774500,0.12200000
2018-02-25 23:06:04,0.08774500,0.00100000
2018-02-25 23:06:04,0.08775000,0.39900000
2018-02-25 23:06:04,0.08775000,0.10300000
2018-02-25 23:06:04,0.08775000,0.18600000
2018-02-25 23:06:04,0.08774400,0.07700000
2018-02-25 23:06:05,0.08766600,0.08800000
2018-02-25 23:06:08,0.08774400,0.00100000
2018-02-25 23:06:08,0.08775000,0.02100000
2018-02-25 23:06:09,0.08775000,0.02700000
2018-02-25 23:06:09,0.08775000,0.01900000
2018-02-25 23:06:09,0.08775000,0.20100000
2018-02-25 23:06:10,0.08775000,0.01700000
2018-02-25 23:06:10,0.08775000,1.08600000
2018-02-25 23:06:11,0.08775000,0.05100000
2018-02-25 23:06:12,0.08766700,0.12300000
2018-02-25 23:06:15,0.08774900,0.12200000
2018-02-25 23:06:16,0.08774900,0.00100000
2018-02-25 23:06:16,0.08775000,0.25100000
2018-02-25 23:06:17,0.08766900,0.12300000
2018-02-25 23:06:18,0.08775000,0.12400000
2018-02-25 23:06:19,0.08774900,0.12200000
2018-02-25 23:06:19,0.08774900,0.00100000
2018-02-25 23:06:19,0.08775000,0.06300000
2018-02-25 23:06:20,0.08767000,0.12200000
2018-02-25 23:06:20,0.08775000,0.01700000
2018-02-25 23:06:21,0.08774900,0.12200000
2018-02-25 23:06:21,0.08775000,0.27800000
2018-02-25 23:06:21,0.08775000,0.50200000
2018-02-25 23:06:22,0.08775000,0.01800000
2018-02-25 23:06:22,0.08767100,0.12300000
2018-02-25 23:06:23,0.08775000,0.11300000
2018-02-25 23:06:25,0.08774900,0.10500000
2018-02-25 23:06:26,0.08767100,0.00100000
2018-02-25 23:06:26,0.08766900,0.35600000
2018-02-25 23:06:26,0.08774900,0.01800000
2018-02-25 23:06:26,0.08775000,0.09500000
2018-02-25 23:06:27,0.08767000,0.10500000
2018-02-25 23:06:27,0.08767100,0.01700000
2018-02-25 23:06:31,0.08774500,0.11300000
2018-02-25 23:06:31,0.08774500,0.03300000
2018-02-25 23:06:34,0.08767200,3.28200000
2018-02-25 23:06:34,0.08767200,0.10400000
2018-02-25 23:06:34,0.08767200,0.03200000
2018-02-25 23:06:35,0.08767200,0.02100000
2018-02-25 23:06:35,0.08774400,0.05500000
2018-02-25 23:06:35,0.08774400,0.39600000
2018-02-25 23:06:35,0.08767200,0.03500000
2018-02-25 23:06:36,0.08772100,0.02300000
2018-02-25 23:06:37,0.08772100,0.10600000
2018-02-25 23:06:37,0.08767100,0.00100000
2018-02-25 23:06:37,0.08766400,0.18500000
2018-02-25 23:06:38,0.08766400,0.00100000
2018-02-25 23:06:38,0.08763000,1.06300000
2018-02-25 23:06:38,0.08762600,0.03600000
2018-02-25 23:06:38,0.08762200,0.18000000
2018-02-25 23:06:38,0.08762100,0.23700000
2018-02-25 23:06:38,0.08760800,4.00000000
2018-02-25 23:06:38,0.08760700,2.90900000
2018-02-25 23:06:38,0.08760000,0.11200000
2018-02-25 23:06:38,0.08762200,0.17900000
2018-02-25 23:06:38,0.08762200,0.00100000
2018-02-25 23:06:38,0.08762200,0.03000000
2018-02-25 23:06:38,0.08761900,0.03000000
2018-02-25 23:06:38,0.08761900,0.10000000
2018-02-25 23:06:38,0.08761900,0.02000000
2018-02-25 23:06:38,0.08762200,0.02000000
2018-02-25 23:06:38,0.08772000,0.01700000
2018-02-25 23:06:38,0.08767100,0.01700000
2018-02-25 23:06:38,0.08767100,0.00900000
2018-02-25 23:06:38,0.08770900,0.01600000
2018-02-25 23:06:39,0.08770700,0.03600000
2018-02-25 23:06:39,0.08770600,0.08900000
2018-02-25 23:06:39,0.08770700,0.05300000
2018-02-25 23:06:40,0.08762500,0.01700000
2018-02-25 23:06:40,0.08770400,0.01600000
2018-02-25 23:06:40,0.08770300,0.68100000
2018-02-25 23:06:40,0.08770400,0.01900000
2018-02-25 23:06:40,0.08770500,0.14700000
2018-02-25 23:06:40,0.08770700,0.02000000
2018-02-25 23:06:40,0.08770900,0.24200000
2018-02-25 23:06:43,0.08760600,0.02900000
2018-02-25 23:06:43,0.08770400,0.03700000
2018-02-25 23:06:43,0.08770400,0.02100000
2018-02-25 23:06:43,0.08770500,0.09300000
2018-02-25 23:06:44,0.08760700,0.02600000
2018-02-25 23:06:44,0.08760700,0.15500000
2018-02-25 23:06:44,0.08760600,0.02500000
2018-02-25 23:06:44,0.08769400,0.05700000
2018-02-25 23:06:45,0.08769400,0.02700000
2018-02-25 23:06:45,0.08769400,0.21900000
2018-02-25 23:06:47,0.08760100,1.14100000
2018-02-25 23:06:47,0.08760100,0.56800000
2018-02-25 23:06:48,0.08760100,0.02000000
2018-02-25 23:06:48,0.08760000,0.01900000
2018-02-25 23:06:48,0.08760000,0.00100000
2018-02-25 23:06:49,0.08768100,0.08200000
2018-02-25 23:06:49,0.08760000,0.01900000
2018-02-25 23:06:49,0.08768100,0.11900000
2018-02-25 23:06:49,0.08768100,0.09900000
2018-02-25 23:06:49,0.08768000,0.33100000
2018-02-25 23:06:50,0.08767900,0.04500000
2018-02-25 23:06:50,0.08767900,0.09400000
2018-02-25 23:06:50,0.08767900,0.10000000
2018-02-25 23:06:51,0.08767900,0.03900000
2018-02-25 23:06:51,0.08767900,0.11400000
2018-02-25 23:06:55,0.08766900,0.04500000
2018-02-25 23:06:56,0.08766900,0.16400000
2018-02-25 23:06:56,0.08766900,0.06800000
2018-02-25 23:06:57,0.08760000,0.00100000
2018-02-25 23:06:57,0.08757700,0.01200000
2018-02-25 23:06:58,0.08757700,0.13200000
2018-02-25 23:06:58,0.08757600,0.13100000
2018-02-25 23:06:58,0.08757600,0.63800000
2018-02-25 23:06:58,0.08757500,0.02000000
2018-02-25 23:06:58,0.08756600,0.18000000
2018-02-25 23:06:58,0.08756500,0.04200000
2018-02-25 23:06:58,0.08757600,0.02000000
2018-02-25 23:06:58,0.08757500,0.04000000
2018-02-25 23:06:58,0.08756600,0.20000000
2018-02-25 23:06:58,0.08756500,0.06900000
2018-02-25 23:06:59,0.08757600,0.02000000
2018-02-25 23:06:59,0.08757500,0.01900000
2018-02-25 23:06:59,0.08757500,0.00100000
2018-02-25 23:06:59,0.08757400,0.01000000
2018-02-25 23:06:59,0.08757600,0.01900000
2018-02-25 23:07:00,0.08757600,0.02100000
2018-02-25 23:07:00,0.08757500,0.02000000
2018-02-25 23:07:00,0.08765200,0.11800000
2018-02-25 23:07:01,0.08765200,0.00600000
2018-02-25 23:07:01,0.08765300,0.10800000
2018-02-25 23:07:01,0.08765300,0.25900000
2018-02-25 23:07:02,0.08764900,0.61100000
2018-02-25 23:07:02,0.08757500,0.02000000
2018-02-25 23:07:02,0.08764900,0.03800000
2018-02-25 23:07:02,0.08764900,0.26500000
2018-02-25 23:07:02,0.08757400,0.02000000
2018-02-25 23:07:02,0.08764900,0.05000000
2018-02-25 23:07:02,0.08756800,0.01900000
2018-02-25 23:07:02,0.08764900,0.12300000
2018-02-25 23:07:02,0.08764900,0.92800000
2018-02-25 23:07:02,0.08757400,0.02000000
2018-02-25 23:07:02,0.08756800,0.08400000
2018-02-25 23:07:02,0.08764800,0.01500000
2018-02-25 23:07:02,0.08764800,0.00400000
2018-02-25 23:07:02,0.08764900,0.01600000
2018-02-25 23:07:03,0.08757400,0.02000000
2018-02-25 23:07:03,0.08756900,0.10400000
2018-02-25 23:07:03,0.08757400,0.02000000
2018-02-25 23:07:03,0.08756900,0.00100000
2018-02-25 23:07:03,0.08756800,0.01700000
2018-02-25 23:07:03,0.08756900,0.01900000
2018-02-25 23:07:03,0.08764700,0.04400000
2018-02-25 23:07:04,0.08764700,0.02700000
2018-02-25 23:07:05,0.08764600,0.05400000
2018-02-25 23:07:05,0.08756900,0.02000000
2018-02-25 23:07:05,0.08764600,0.05400000
2018-02-25 23:07:05,0.08764700,0.34600000
2018-02-25 23:07:05,0.08756900,0.02000000
2018-02-25 23:07:06,0.08764600,1.13500000
2018-02-25 23:07:06,0.08764600,0.61300000
2018-02-25 23:07:06,0.08757000,0.07000000
2018-02-25 23:07:07,0.08757000,0.04300000
2018-02-25 23:07:07,0.08757000,0.02100000
2018-02-25 23:07:07,0.08756900,0.00100000
2018-02-25 23:07:07,0.08756800,0.02100000
2018-02-25 23:07:07,0.08756800,0.02100000
2018-02-25 23:07:07,0.08756900,0.01900000
2018-02-25 23:07:07,0.08756900,0.00100000
2018-02-25 23:07:07,0.08756800,0.00100000
2018-02-25 23:07:07,0.08756600,0.01700000
2018-02-25 23:07:07,0.08756900,0.01900000
2018-02-25 23:07:07,0.08756900,0.00100000
2018-02-25 23:07:07,0.08756800,0.01800000
2018-02-25 23:07:07,0.08756900,0.01900000
2018-02-25 23:07:07,0.08756900,0.00100000
2018-02-25 23:07:07,0.08756800,0.01800000
2018-02-25 23:07:08,0.08756900,0.02000000
2018-02-25 23:07:08,0.08756800,0.01900000
2018-02-25 23:07:08,0.08764500,0.76900000
2018-02-25 23:07:08,0.08756800,0.02500000
2018-02-25 23:07:08,0.08764500,0.07300000
2018-02-25 23:07:08,0.08757000,0.04500000
2018-02-25 23:07:08,0.08757000,0.00300000
2018-02-25 23:07:08,0.08757000,0.00100000
2018-02-25 23:07:09,0.08757000,0.09500000
2018-02-25 23:07:09,0.08756900,0.02000000
2018-02-25 23:07:09,0.08765700,0.48200000
2018-02-25 23:07:09,0.08756900,0.01900000
2018-02-25 23:07:09,0.08756900,0.00100000
2018-02-25 23:07:09,0.08756800,0.01800000
2018-02-25 23:07:09,0.08765600,0.12300000
2018-02-25 23:07:09,0.08756800,0.02000000
2018-02-25 23:07:09,0.08756800,0.00200000
2018-02-25 23:07:09,0.08756600,0.01900000
2018-02-25 23:07:09,0.08765600,0.16200000
2018-02-25 23:07:09,0.08756600,0.02300000
2018-02-25 23:07:09,0.08756600,0.00100000
2018-02-25 23:07:09,0.08756500,0.02200000
2018-02-25 23:07:09,0.08756500,2.00900000
2018-02-25 23:07:10,0.08756600,0.02000000
2018-02-25 23:07:10,0.08756500,0.26300000
2018-02-25 23:07:10,0.08756600,0.02000000
2018-02-25 23:07:10,0.08756500,0.44800000
2018-02-25 23:07:10,0.08756600,0.03800000
2018-02-25 23:07:10,0.08756700,0.05900000
2018-02-25 23:07:11,0.08756700,0.08500000
2018-02-25 23:07:11,0.08756700,0.02000000
2018-02-25 23:07:11,0.08756700,0.01900000
2018-02-25 23:07:11,0.08756700,0.00100000
2018-02-25 23:07:11,0.08756600,0.01800000
2018-02-25 23:07:11,0.08756600,0.00400000
2018-02-25 23:07:11,0.08756500,0.01500000
2018-02-25 23:07:11,0.08756700,0.01900000
2018-02-25 23:07:11,0.08756700,0.00100000
2018-02-25 23:07:11,0.08756500,0.01800000
2018-02-25 23:07:11,0.08756700,0.01900000
2018-02-25 23:07:12,0.08756700,0.02000000
2018-02-25 23:07:12,0.08764600,0.11400000
2018-02-25 23:07:13,0.08756700,0.00100000
2018-02-25 23:07:13,0.08756600,0.01800000
2018-02-25 23:07:13,0.08756600,0.02100000
2018-02-25 23:07:13,0.08756600,0.00100000
2018-02-25 23:07:13,0.08756500,0.02000000
2018-02-25 23:07:13,0.08764600,0.21000000
2018-02-25 23:07:13,0.08756500,3.87900000
2018-02-25 23:07:13,0.08756500,0.06300000
2018-02-25 23:07:13,0.08756500,1.88400000
2018-02-25 23:07:14,0.08756600,0.12300000
2018-02-25 23:07:15,0.08756700,0.02000000
2018-02-25 23:07:15,0.08764200,0.08200000
2018-02-25 23:07:15,0.08756700,0.02000000
2018-02-25 23:07:15,0.08756700,0.08200000
2018-02-25 23:07:16,0.08764000,0.02300000
2018-02-25 23:07:17,0.08764600,0.11400000
2018-02-25 23:07:18,0.08764500,0.04000000
2018-02-25 23:07:19,0.08756800,0.04100000
2018-02-25 23:07:19,0.08756700,0.00100000
2018-02-25 23:07:19,0.08756600,0.00300000
2018-02-25 23:07:19,0.08756600,0.04000000
2018-02-25 23:07:19,0.08764500,0.08200000
2018-02-25 23:07:19,0.08756600,0.00900000
2018-02-25 23:07:19,0.08756600,0.04200000
2018-02-25 23:07:19,0.08756600,0.00100000
2018-02-25 23:07:19,0.08764500,0.00100000
2018-02-25 23:07:20,0.08764500,0.04800000
2018-02-25 23:07:20,0.08756500,0.02000000
2018-02-25 23:07:20,0.08764500,0.04100000
2018-02-25 23:07:21,0.08756600,1.14200000
2018-02-25 23:07:21,0.08756600,1.53800000
2018-02-25 23:07:21,0.08756600,0.26200000
2018-02-25 23:07:21,0.08764500,0.71900000
2018-02-25 23:07:22,0.08756600,0.04100000
2018-02-25 23:07:22,0.08756500,1.42900000
2018-02-25 23:07:22,0.08764400,0.11400000
2018-02-25 23:07:23,0.08763500,0.28500000
2018-02-25 23:07:23,0.08756600,0.08200000
2018-02-25 23:07:23,0.08756600,0.00100000
2018-02-25 23:07:23,0.08756500,0.08100000
2018-02-25 23:07:23,0.08763500,0.11400000
2018-02-25 23:07:23,0.08756500,0.19300000
2018-02-25 23:07:24,0.08756500,0.73200000
2018-02-25 23:07:24,0.08756500,0.03900000
2018-02-25 23:07:24,0.08763400,0.11400000
2018-02-25 23:07:25,0.08756500,0.02100000
2018-02-25 23:07:26,0.08756600,0.11400000
2018-02-25 23:07:26,0.08756500,0.02000000
2018-02-25 23:07:27,0.08756500,1.14100000
2018-02-25 23:07:27,0.08756500,0.01500000
2018-02-25 23:07:27,0.08756500,2.26200000
2018-02-25 23:07:28,0.08756500,0.04600000
2018-02-25 23:07:28,0.08756500,2.06800000
2018-02-25 23:07:28,0.08763400,0.11400000
2018-02-25 23:07:28,0.08763500,0.11300000
2018-02-25 23:07:30,0.08756600,0.11400000
2018-02-25 23:07:31,0.08763400,0.08100000
2018-02-25 23:07:31,0.08763400,0.04200000
2018-02-25 23:07:31,0.08763400,0.00100000
2018-02-25 23:07:31,0.08763500,0.20700000
2018-02-25 23:07:31,0.08763500,0.11700000
2018-02-25 23:07:31,0.08765400,0.28000000
2018-02-25 23:07:32,0.08756600,0.04800000
2018-02-25 23:07:33,0.08756600,0.07600000
2018-02-25 23:07:33,0.08756500,1.03700000
2018-02-25 23:07:34,0.08756500,0.30700000
2018-02-25 23:07:34,0.08756500,0.23300000
2018-02-25 23:07:34,0.08756500,0.05700000
2018-02-25 23:07:34,0.08765300,0.04700000
2018-02-25 23:07:34,0.08765300,0.00100000
2018-02-25 23:07:34,0.08765400,0.01800000
2018-02-25 23:07:34,0.08765400,1.40400000
2018-02-25 23:07:34,0.08765400,1.12900000
2018-02-25 23:07:34,0.08765400,0.47100000
2018-02-25 23:07:35,0.08762900,0.01700000
2018-02-25 23:07:35,0.08765400,0.37800000
2018-02-25 23:07:35,0.08766200,0.02500000
2018-02-25 23:07:35,0.08766300,0.78600000
2018-02-25 23:07:35,0.08766600,0.02000000
2018-02-25 23:07:35,0.08766700,1.69000000
2018-02-25 23:07:35,0.08765300,0.03400000
2018-02-25 23:07:36,0.08765300,0.01200000
2018-02-25 23:07:38,0.08765300,0.02900000
2018-02-25 23:07:38,0.08756700,0.08100000
2018-02-25 23:07:39,0.08765300,0.00100000
2018-02-25 23:07:39,0.08765400,0.05800000
2018-02-25 23:07:39,0.08767600,0.02000000
2018-02-25 23:07:39,0.08768500,0.08000000
2018-02-25 23:07:39,0.08769400,0.13200000
2018-02-25 23:07:39,0.08756700,0.07700000
2018-02-25 23:07:40,0.08757000,0.45000000
2018-02-25 23:07:40,0.08757000,0.05300000
2018-02-25 23:07:40,0.08767500,0.05000000
2018-02-25 23:07:40,0.08767000,0.05900000
2018-02-25 23:07:41,0.08757200,0.03600000
2018-02-25 23:07:42,0.08757300,0.02300000
2018-02-25 23:07:42,0.08757300,1.14400000
2018-02-25 23:07:42,0.08757300,0.48700000
2018-02-25 23:07:42,0.08757300,1.27400000
2018-02-25 23:07:42,0.08757200,0.00100000
2018-02-25 23:07:42,0.08757000,0.04200000
2018-02-25 23:07:42,0.08756900,0.15000000
2018-02-25 23:07:42,0.08756700,0.03900000
2018-02-25 23:07:43,0.08766700,0.08500000
2018-02-25 23:07:43,0.08766400,0.10000000
2018-02-25 23:07:44,0.08757100,0.08500000
2018-02-25 23:07:44,0.08756700,0.01100000
2018-02-25 23:07:45,0.08756700,0.03300000
2018-02-25 23:07:47,0.08765700,0.08200000
2018-02-25 23:07:47,0.08765700,0.04200000
2018-02-25 23:07:47,0.08765800,0.01800000
2018-02-25 23:07:47,0.08765700,0.05800000
2018-02-25 23:07:47,0.08756700,0.04800000
2018-02-25 23:07:47,0.08756700,0.05700000
2018-02-25 23:07:47,0.08756700,0.05700000
2018-02-25 23:07:47,0.08756700,0.05700000
2018-02-25 23:07:47,0.08765700,0.00100000
2018-02-25 23:07:48,0.08756800,0.02400000
2018-02-25 23:07:49,0.08765600,0.99100000
2018-02-25 23:07:50,0.08765600,0.20300000
2018-02-25 23:07:50,0.08765000,0.10000000
2018-02-25 23:07:52,0.08764900,0.02400000
2018-02-25 23:07:52,0.08765000,0.09000000
2018-02-25 23:07:52,0.08765000,0.02900000
2018-02-25 23:07:53,0.08765000,0.08200000
2018-02-25 23:07:54,0.08757000,0.00100000
2018-02-25 23:07:55,0.08758600,0.02400000
2018-02-25 23:08:00,0.08760500,0.06500000
2018-02-25 23:08:02,0.08765000,0.03900000
2018-02-25 23:08:03,0.08764900,0.08200000
2018-02-25 23:08:03,0.08765600,0.04200000
2018-02-25 23:08:03,0.08765700,0.02000000
2018-02-25 23:08:03,0.08765800,0.02000000
2018-02-25 23:08:05,0.08764800,0.02100000
2018-02-25 23:08:05,0.08765700,0.02000000
2018-02-25 23:08:05,0.08765800,0.00100000
2018-02-25 23:08:05,0.08765000,0.05000000
2018-02-25 23:08:05,0.08765700,0.02000000
2018-02-25 23:08:05,0.08765800,0.85700000
2018-02-25 23:08:08,0.08760500,0.00100000
2018-02-25 23:08:08,0.08758600,0.00100000
2018-02-25 23:08:08,0.08757000,0.05400000
2018-02-25 23:08:08,0.08757000,0.06800000
2018-02-25 23:08:09,0.08757000,0.00100000
2018-02-25 23:08:09,0.08756900,0.25700000
2018-02-25 23:08:09,0.08756900,0.41800000
2018-02-25 23:08:10,0.08756900,0.02000000
2018-02-25 23:08:13,0.08765600,0.01100000
2018-02-25 23:08:14,0.08765600,0.10500000
2018-02-25 23:08:16,0.08756900,0.00100000
2018-02-25 23:08:16,0.08756800,0.11600000
2018-02-25 23:08:16,0.08756700,0.08700000
2018-02-25 23:08:16,0.08756900,0.02000000
2018-02-25 23:08:16,0.08756700,0.61100000
2018-02-25 23:08:16,0.08756500,0.14200000
2018-02-25 23:08:17,0.08765600,0.02800000
2018-02-25 23:08:17,0.08765600,0.04000000
2018-02-25 23:08:17,0.08765600,0.04800000
2018-02-25 23:08:17,0.08765600,0.00100000
2018-02-25 23:08:17,0.08765700,1.13900000
2018-02-25 23:08:17,0.08756900,0.01900000
2018-02-25 23:08:17,0.08765700,0.58000000
2018-02-25 23:08:21,0.08765700,0.02700000
2018-02-25 23:08:23,0.08765700,0.11400000
2018-02-25 23:08:24,0.08765700,0.14900000
2018-02-25 23:08:26,0.08765700,0.06900000
2018-02-25 23:08:26,0.08765700,0.05000000
2018-02-25 23:08:31,0.08765700,0.04000000
2018-02-25 23:08:31,0.08765700,0.31200000
2018-02-25 23:08:32,0.08765700,0.08200000
2018-02-25 23:08:35,0.08765700,1.88800000
2018-02-25 23:08:35,0.08765700,1.30400000
2018-02-25 23:08:35,0.08765700,0.11400000
2018-02-25 23:08:36,0.08765700,0.06900000
2018-02-25 23:08:37,0.08765700,0.02700000
2018-02-25 23:08:37,0.08757000,0.11600000
2018-02-25 23:08:40,0.08765600,0.12100000
2018-02-25 23:08:42,0.08757100,0.04000000
2018-02-25 23:08:42,0.08757200,0.08200000
2018-02-25 23:08:42,0.08757100,0.03900000
2018-02-25 23:08:42,0.08757100,0.04200000
2018-02-25 23:08:43,0.08765600,0.03900000
2018-02-25 23:08:43,0.08765600,0.00100000
2018-02-25 23:08:43,0.08765700,0.03800000
2018-02-25 23:08:43,0.08765700,0.33500000
2018-02-25 23:08:44,0.08765600,0.12400000
2018-02-25 23:08:44,0.08757000,0.08200000
2018-02-25 23:08:44,0.08757000,0.00100000
2018-02-25 23:08:44,0.08756900,0.08100000
2018-02-25 23:08:44,0.08756900,0.01800000
2018-02-25 23:08:45,0.08765600,0.03900000
2018-02-25 23:08:45,0.08765600,0.00100000
2018-02-25 23:08:45,0.08765700,0.03800000
2018-02-25 23:08:45,0.08765700,0.03900000
2018-02-25 23:08:45,0.08765700,0.87700000
2018-02-25 23:08:45,0.08765700,0.15400000
2018-02-25 23:08:45,0.08765700,0.08900000
2018-02-25 23:08:46,0.08765600,0.08300000
2018-02-25 23:08:47,0.08765600,0.00100000
2018-02-25 23:08:47,0.08765700,0.40700000
2018-02-25 23:08:47,0.08765700,0.40900000
2018-02-25 23:08:47,0.08765700,0.14500000
2018-02-25 23:08:48,0.08765700,1.20400000
2018-02-25 23:08:48,0.08765700,0.00100000
2018-02-25 23:08:48,0.08765800,0.01000000
2018-02-25 23:08:48,0.08765800,0.70000000
2018-02-25 23:08:48,0.08765800,0.00200000
2018-02-25 23:08:48,0.08766000,0.02000000
2018-02-25 23:08:48,0.08766000,0.02000000
2018-02-25 23:08:48,0.08766000,0.02000000
2018-02-25 23:08:48,0.08766000,0.02000000
2018-02-25 23:08:48,0.08766000,0.55000000
2018-02-25 23:08:48,0.08766000,0.27900000
2018-02-25 23:08:48,0.08766000,0.02000000
2018-02-25 23:08:48,0.08766000,0.70800000
2018-02-25 23:08:48,0.08766000,0.02000000
2018-02-25 23:08:48,0.08766000,0.02000000
2018-02-25 23:08:48,0.08766000,0.02000000
2018-02-25 23:08:49,0.08766000,0.10800000
2018-02-25 23:08:49,0.08766000,0.01400000
2018-02-25 23:08:49,0.08766000,0.03200000
2018-02-25 23:08:49,0.08766900,0.50200000
2018-02-25 23:08:49,0.08766000,0.01300000
2018-02-25 23:08:49,0.08766000,0.29800000
2018-02-25 23:08:49,0.08766000,0.26500000
2018-02-25 23:08:49,0.08766000,0.26500000
2018-02-25 23:08:49,0.08766000,0.05700000
2018-02-25 23:08:50,0.08766000,0.35300000
2018-02-25 23:08:50,0.08766000,0.09700000
2018-02-25 23:08:51,0.08766000,0.59100000
2018-02-25 23:08:51,0.08766000,0.02100000
2018-02-25 23:08:51,0.08766900,0.28400000
2018-02-25 23:08:51,0.08766900,0.88700000
2018-02-25 23:08:52,0.08766000,0.07000000
2018-02-25 23:08:52,0.08766000,0.28000000
2018-02-25 23:08:52,0.08766000,0.10200000
2018-02-25 23:08:52,0.08766000,0.02500000
2018-02-25 23:08:53,0.08766000,0.01100000
2018-02-25 23:08:53,0.08766000,0.41800000
2018-02-25 23:08:53,0.08766000,0.28000000
2018-02-25 23:08:54,0.08766900,0.09100000
2018-02-25 23:08:54,0.08766900,1.14000000
2018-02-25 23:08:54,0.08766900,0.23400000
2018-02-25 23:08:55,0.08766900,0.25500000
2018-02-25 23:08:55,0.08766000,0.00100000
2018-02-25 23:08:55,0.08765300,0.10900000
2018-02-25 23:08:55,0.08765300,0.12000000
2018-02-25 23:08:56,0.08765300,0.08200000
2018-02-25 23:08:56,0.08765300,1.58100000
2018-02-25 23:08:56,0.08765300,0.00100000
2018-02-25 23:08:56,0.08766000,0.11100000
2018-02-25 23:08:56,0.08766900,0.00200000
2018-02-25 23:08:57,0.08766900,0.90700000
2018-02-25 23:08:57,0.08766800,0.12000000
2018-02-25 23:08:57,0.08758000,0.12300000
2018-02-25 23:08:59,0.08766000,0.24900000
2018-02-25 23:08:59,0.08766000,0.56400000
2018-02-25 23:09:03,0.08766000,0.00100000
2018-02-25 23:09:03,0.08758000,0.00100000
2018-02-25 23:09:03,0.08757700,0.02000000
2018-02-25 23:09:04,0.08757700,0.02000000
2018-02-25 23:09:04,0.08757600,0.41300000
2018-02-25 23:09:04,0.08757700,0.02000000
2018-02-25 23:09:04,0.08757600,0.41100000
2018-02-25 23:09:06,0.08757800,0.27900000
2018-02-25 23:09:07,0.08766700,0.08200000
2018-02-25 23:09:08,0.08760500,0.01400000
2018-02-25 23:09:08,0.08766500,0.01200000
2018-02-25 23:09:08,0.08760500,0.43100000
2018-02-25 23:09:09,0.08760500,0.07800000
2018-02-25 23:09:09,0.08766500,0.06500000
2018-02-25 23:09:09,0.08760500,0.01100000
2018-02-25 23:09:10,0.08760500,0.00300000
2018-02-25 23:09:10,0.08760500,1.09300000
2018-02-25 23:09:12,0.08760600,0.00500000
2018-02-25 23:09:13,0.08760600,0.04900000
2018-02-25 23:09:13,0.08766000,0.07100000
2018-02-25 23:09:13,0.08760600,0.00200000
2018-02-25 23:09:13,0.08760500,0.00200000
2018-02-25 23:09:13,0.08757800,0.04600000
2018-02-25 23:09:13,0.08757800,0.05600000
2018-02-25 23:09:13,0.08757800,0.11300000
2018-02-25 23:09:13,0.08757800,0.29300000
2018-02-25 23:09:14,0.08757800,0.00200000
2018-02-25 23:09:14,0.08757300,0.00200000
2018-02-25 23:09:15,0.08765900,0.02700000
2018-02-25 23:09:15,0.08765900,0.02700000
2018-02-25 23:09:15,0.08757200,0.01600000
2018-02-25 23:09:15,0.08757200,0.00400000
2018-02-25 23:09:15,0.08757100,0.01000000
2018-02-25 23:09:15,0.08757200,0.01900000
2018-02-25 23:09:15,0.08757200,0.00100000
2018-02-25 23:09:15,0.08757100,0.01300000
2018-02-25 23:09:15,0.08757200,0.01900000
2018-02-25 23:09:15,0.08757200,0.00100000
2018-02-25 23:09:15,0.08757100,0.01300000
2018-02-25 23:09:16,0.08757200,0.01400000
2018-02-25 23:09:16,0.08765900,0.05400000
2018-02-25 23:09:16,0.08757300,0.01500000
2018-02-25 23:09:17,0.08757300,0.01400000
2018-02-25 23:09:17,0.08757300,0.00600000
2018-02-25 23:09:17,0.08757200,0.00600000
2018-02-25 23:09:17,0.08757000,0.00700000
2018-02-25 23:09:17,0.08757100,0.01400000
2018-02-25 23:09:17,0.08757100,0.00600000
2018-02-25 23:09:17,0.08757000,0.01300000
2018-02-25 23:09:17,0.08757100,0.01400000
2018-02-25 23:09:17,0.08757100,0.00600000
2018-02-25 23:09:17,0.08757000,0.01300000
2018-02-25 23:09:17,0.08757100,0.01900000
2018-02-25 23:09:18,0.08757100,0.00100000
2018-02-25 23:09:18,0.08757000,0.01300000
2018-02-25 23:09:18,0.08757000,0.01100000
2018-02-25 23:09:19,0.08757000,0.07800000
2018-02-25 23:09:19,0.08762900,0.05700000
2018-02-25 23:09:19,0.08762900,0.00900000
2018-02-25 23:09:19,0.08765300,0.01700000
2018-02-25 23:09:19,0.08757000,0.01500000
2018-02-25 23:09:19,0.08757000,0.03500000
2018-02-25 23:09:19,0.08757000,1.41300000
2018-02-25 23:09:19,0.08757000,0.05600000
2018-02-25 23:09:19,0.08757000,0.21000000
2018-02-25 23:09:20,0.08757000,0.52500000
2018-02-25 23:09:20,0.08757000,0.09400000
2018-02-25 23:09:20,0.08757000,0.05900000
2018-02-25 23:09:20,0.08757000,0.13900000
2018-02-25 23:09:21,0.08757100,0.01200000
2018-02-25 23:09:21,0.08762600,0.06500000
2018-02-25 23:09:22,0.08757100,0.18900000
2018-02-25 23:09:22,0.08757100,0.03900000
2018-02-25 23:09:22,0.08757000,0.18800000
2018-02-25 23:09:22,0.08757000,0.03400000
2018-02-25 23:09:22,0.08757100,0.03500000
2018-02-25 23:09:22,0.08757000,1.06300000
2018-02-25 23:09:24,0.08757000,0.02200000
2018-02-25 23:09:24,0.08757000,0.03400000
2018-02-25 23:09:24,0.08757000,0.45400000
2018-02-25 23:09:24,0.08757000,0.11600000
2018-02-25 23:09:25,0.08757000,0.10000000
2018-02-25 23:09:25,0.08757200,0.59400000
2018-02-25 23:09:26,0.08760900,0.06400000
2018-02-25 23:09:26,0.08760900,0.00100000
2018-02-25 23:09:26,0.08762600,0.00100000
2018-02-25 23:09:26,0.08764100,0.06200000
2018-02-25 23:09:26,0.08757200,0.52800000
2018-02-25 23:09:26,0.08757200,0.01900000
2018-02-25 23:09:26,0.08757000,0.14100000
2018-02-25 23:09:27,0.08766800,0.02700000
2018-02-25 23:09:27,0.08766900,0.11100000
2018-02-25 23:09:28,0.08763900,0.06500000
2018-02-25 23:09:28,0.08761800,0.06400000
2018-02-25 23:09:28,0.08761800,0.00100000
2018-02-25 23:09:28,0.08763900,0.00100000
2018-02-25 23:09:28,0.08766500,0.03600000
2018-02-25 23:09:28,0.08766600,0.07600000
2018-02-25 23:09:29,0.08757200,0.02000000
2018-02-25 23:09:29,0.08757100,0.08800000
2018-02-25 23:09:29,0.08757000,0.12700000
2018-02-25 23:09:29,0.08761700,0.11400000
2018-02-25 23:09:29,0.08761700,0.00100000
2018-02-25 23:09:29,0.08766500,0.11300000
2018-02-25 23:09:29,0.08766500,0.11300000
2018-02-25 23:09:29,0.08766900,0.00100000
2018-02-25 23:09:29,0.08763800,0.03000000
2018-02-25 23:09:29,0.08763800,0.03500000
2018-02-25 23:09:30,0.08763800,0.00100000
2018-02-25 23:09:30,0.08766600,0.11300000
2018-02-25 23:09:31,0.08762400,0.25300000
2018-02-25 23:09:31,0.08762400,0.14600000
2018-02-25 23:09:31,0.08757100,0.03500000
2018-02-25 23:09:32,0.08765300,0.03000000
2018-02-25 23:09:32,0.08765300,0.03500000
2018-02-25 23:09:34,0.08758000,0.08900000
2018-02-25 23:09:34,0.08758000,0.12000000
2018-02-25 23:09:34,0.08765300,0.05500000
2018-02-25 23:09:34,0.08763100,0.06600000
2018-02-25 23:09:34,0.08765300,0.00300000
2018-02-25 23:09:34,0.08766700,0.03500000
2018-02-25 23:09:34,0.08766800,0.02000000
2018-02-25 23:09:34,0.08766900,0.13800000
2018-02-25 23:09:35,0.08758000,0.01200000
2018-02-25 23:09:36,0.08758100,0.03500000
2018-02-25 23:09:36,0.08763500,0.13100000
2018-02-25 23:09:36,0.08763500,0.11400000
2018-02-25 23:09:37,0.08763500,0.64300000
2018-02-25 23:09:37,0.08763500,0.08200000
2018-02-25 23:09:37,0.08763500,0.05200000
2018-02-25 23:09:38,0.08763500,0.11400000
2018-02-25 23:09:38,0.08763500,0.00500000
2018-02-25 23:09:38,0.08764100,0.06600000
2018-02-25 23:09:38,0.08766700,0.04300000
2018-02-25 23:09:39,0.08758100,0.00100000
2018-02-25 23:09:39,0.08758000,0.17800000
2018-02-25 23:09:39,0.08758100,0.04200000
2018-02-25 23:09:40,0.08764100,0.05500000
2018-02-25 23:09:40,0.08760000,0.05200000
2018-02-25 23:09:40,0.08760000,0.00100000
2018-02-25 23:09:40,0.08764100,0.01100000
2018-02-25 23:09:40,0.08766600,0.04000000
2018-02-25 23:09:41,0.08766500,0.32300000
2018-02-25 23:09:41,0.08766600,0.02300000
2018-02-25 23:09:41,0.08766900,0.05400000
2018-02-25 23:09:42,0.08766600,0.01200000
2018-02-25 23:09:43,0.08766400,0.01900000
2018-02-25 23:09:44,0.08757100,0.06400000
2018-02-25 23:09:44,0.08757000,0.33600000
2018-02-25 23:09:44,0.08757100,0.01900000
2018-02-25 23:09:44,0.08766400,0.06800000
2018-02-25 23:09:44,0.08766400,0.03300000
2018-02-25 23:09:44,0.08766500,0.08100000
2018-02-25 23:09:45,0.08757200,0.07900000
2018-02-25 23:09:45,0.08766400,0.00100000
2018-02-25 23:09:45,0.08757300,0.10000000
2018-02-25 23:09:45,0.08757000,0.01200000
2018-02-25 23:09:45,0.08757300,0.02000000
2018-02-25 23:09:45,0.08757000,0.03900000
2018-02-25 23:09:46,0.08758100,0.01300000
2018-02-25 23:09:48,0.08766200,0.04600000
2018-02-25 23:09:48,0.08766200,0.07700000
2018-02-25 23:09:49,0.08766200,0.00100000
2018-02-25 23:09:49,0.08766300,0.07900000
2018-02-25 23:09:49,0.08766800,0.32000000
2018-02-25 23:09:49,0.08766800,0.87300000
2018-02-25 23:09:50,0.08766800,0.32800000
2018-02-25 23:09:50,0.08758300,0.04500000
2018-02-25 23:09:50,0.08758300,0.01900000
2018-02-25 23:09:50,0.08758300,0.02000000
2018-02-25 23:09:51,0.08758300,0.27300000
2018-02-25 23:09:51,0.08758300,0.12500000
2018-02-25 23:09:51,0.08758300,0.22000000
2018-02-25 23:09:51,0.08758400,0.03900000
2018-02-25 23:09:51,0.08758400,0.03900000
2018-02-25 23:09:51,0.08758300,0.00200000
2018-02-25 23:09:51,0.08758200,0.03600000
2018-02-25 23:09:51,0.08758200,0.96900000
2018-02-25 23:09:52,0.08758200,0.15800000
2018-02-25 23:09:52,0.08758200,0.11200000
2018-02-25 23:09:53,0.08758200,1.14300000
2018-02-25 23:09:53,0.08758200,1.14400000
2018-02-25 23:09:54,0.08758200,0.04600000
2018-02-25 23:09:55,0.08766200,0.11400000
2018-02-25 23:09:56,0.08758300,0.04900000
2018-02-25 23:09:56,0.08766100,0.11400000
2018-02-25 23:09:57,0.08766100,0.03900000
2018-02-25 23:09:58,0.08758300,0.27200000
2018-02-25 23:10:00,0.08766000,0.02800000
2018-02-25 23:10:00,0.08766000,0.09600000
2018-02-25 23:10:00,0.08766100,0.30400000
2018-02-25 23:10:01,0.08758400,0.12300000
2018-02-25 23:10:01,0.08766100,0.01200000
2018-02-25 23:10:01,0.08760000,0.59400000
2018-02-25 23:10:01,0.08760000,0.55000000
2018-02-25 23:10:02,0.08760000,0.27900000
2018-02-25 23:10:02,0.08766100,0.57000000
2018-02-25 23:10:02,0.08760000,0.01200000
2018-02-25 23:10:02,0.08766100,0.41900000
2018-02-25 23:10:02,0.08760000,0.05700000
2018-02-25 23:10:02,0.08760000,0.54100000
2018-02-25 23:10:02,0.08760000,0.07700000
2018-02-25 23:10:02,0.08766100,0.22600000
2018-02-25 23:10:02,0.08760000,1.38300000
2018-02-25 23:10:02,0.08760000,0.01200000
2018-02-25 23:10:02,0.08760000,0.23900000
2018-02-25 23:10:02,0.08760000,0.23900000
2018-02-25 23:10:02,0.08766000,0.09500000
2018-02-25 23:10:03,0.08761100,0.34900000
2018-02-25 23:10:03,0.08761100,0.23900000
2018-02-25 23:10:03,0.08761100,0.02300000
2018-02-25 23:10:03,0.08761100,0.23900000
2018-02-25 23:10:03,0.08761100,0.09900000
2018-02-25 23:10:03,0.08761200,0.09600000
2018-02-25 23:10:03,0.08761100,0.08000000
2018-02-25 23:10:03,0.08766000,0.02800000
2018-02-25 23:10:03,0.08766100,0.54200000
2018-02-25 23:10:04,0.08761100,0.05700000
2018-02-25 23:10:04,0.08761100,0.14300000
2018-02-25 23:10:04,0.08766000,0.09600000
2018-02-25 23:10:04,0.08766100,0.01800000
2018-02-25 23:10:06,0.08766100,0.57000000
2018-02-25 23:10:07,0.08761200,0.09600000
2018-02-25 23:10:07,0.08761200,0.02700000
2018-02-25 23:10:08,0.08765900,0.08200000
2018-02-25 23:10:08,0.08761200,0.21200000
2018-02-25 23:10:08,0.08765900,0.36900000
2018-02-25 23:10:08,0.08766000,0.03000000
2018-02-25 23:10:09,0.08766000,0.57000000
2018-02-25 23:10:09,0.08761300,0.02900000
2018-02-25 23:10:09,0.08761400,0.09400000
2018-02-25 23:10:09,0.08761300,0.70100000
2018-02-25 23:10:09,0.08766000,0.02500000
2018-02-25 23:10:10,0.08761300,0.21000000
2018-02-25 23:10:10,0.08761300,0.14200000
2018-02-25 23:10:10,0.08761300,0.23900000
2018-02-25 23:10:10,0.08765900,0.12500000
2018-02-25 23:10:10,0.08766000,0.44500000
2018-02-25 23:10:11,0.08761300,0.13600000
2018-02-25 23:10:12,0.08766000,0.40000000
2018-02-25 23:10:13,0.08761400,0.10100000
2018-02-25 23:10:13,0.08766000,0.11400000
2018-02-25 23:10:13,0.08766000,0.20600000
2018-02-25 23:10:14,0.08761500,0.02200000
2018-02-25 23:10:17,0.08765000,0.02100000
2018-02-25 23:10:17,0.08765000,0.17900000
2018-02-25 23:10:17,0.08761500,0.00100000
2018-02-25 23:10:17,0.08761400,0.01900000
2018-02-25 23:10:18,0.08762000,0.11300000
2018-02-25 23:10:18,0.08762000,1.00800000
2018-02-25 23:10:18,0.08762000,0.03700000
2018-02-25 23:10:18,0.08762000,0.14200000
2018-02-25 23:10:18,0.08765900,0.02200000
2018-02-25 23:10:18,0.08762100,0.02100000
2018-02-25 23:10:18,0.08765800,0.02100000
2018-02-25 23:10:18,0.08765800,0.00200000
2018-02-25 23:10:18,0.08765900,0.07900000
2018-02-25 23:10:18,0.08766000,0.31900000
2018-02-25 23:10:19,0.08766000,0.21900000
2018-02-25 23:10:19,0.08766000,0.32100000
2018-02-25 23:10:19,0.08762200,0.08700000
2018-02-25 23:10:19,0.08765900,0.01900000
2018-02-25 23:10:21,0.08765900,0.08600000
2018-02-25 23:10:21,0.08765900,0.00100000
2018-02-25 23:10:21,0.08766000,0.11300000
2018-02-25 23:10:22,0.08766000,0.23200000
2018-02-25 23:10:22,0.08766000,0.56400000
2018-02-25 23:10:23,0.08765000,0.38500000
2018-02-25 23:10:23,0.08765000,0.25400000
2018-02-25 23:10:23,0.08765000,0.04100000
2018-02-25 23:10:23,0.08765000,0.09500000
2018-02-25 23:10:23,0.08762100,0.02400000
2018-02-25 23:10:23,0.08765900,0.02600000
2018-02-25 23:10:23,0.08766000,0.54400000
2018-02-25 23:10:24,0.08766000,0.80000000
2018-02-25 23:10:24,0.08766000,0.40000000
2018-02-25 23:10:25,0.08766000,0.54500000
2018-02-25 23:10:25,0.08766000,0.11400000
2018-02-25 23:10:25,0.08762300,0.06000000
2018-02-25 23:10:26,0.08766000,0.07300000
2018-02-25 23:10:27,0.08766000,0.02700000
2018-02-25 23:10:27,0.08766000,0.57000000
2018-02-25 23:10:29,0.08766000,0.11400000
2018-02-25 23:10:29,0.08766000,0.30100000
2018-02-25 23:10:30,0.08766000,0.12600000
2018-02-25 23:10:31,0.08766800,0.54500000
2018-02-25 23:10:31,0.08766800,0.11400000
2018-02-25 23:10:32,0.08766000,0.00100000
2018-02-25 23:10:32,0.08764500,0.02800000
2018-02-25 23:10:32,0.08762500,0.12400000
2018-02-25 23:10:32,0.08762400,0.76500000
2018-02-25 23:10:35,0.08766800,0.40000000
2018-02-25 23:10:36,0.08766800,0.07300000
2018-02-25 23:10:36,0.08762400,0.92900000
2018-02-25 23:10:36,0.08766800,0.11400000
2018-02-25 23:10:38,0.08766800,0.09100000
2018-02-25 23:10:38,0.08766800,0.32500000
2018-02-25 23:10:38,0.08762500,0.14900000
2018-02-25 23:10:39,0.08762500,0.05000000
2018-02-25 23:10:39,0.08762500,0.08200000
2018-02-25 23:10:40,0.08766800,0.11400000
2018-02-25 23:10:41,0.08766800,0.06100000
2018-02-25 23:10:41,0.08762500,0.06200000
2018-02-25 23:10:41,0.08762600,0.12000000
2018-02-25 23:10:41,0.08762500,0.13000000
2018-02-25 23:10:41,0.08766800,0.00100000
2018-02-25 23:10:41,0.08769500,0.25000000
2018-02-25 23:10:41,0.08769500,0.09500000
2018-02-25 23:10:41,0.08770000,0.16400000
2018-02-25 23:10:41,0.08771600,0.03600000
2018-02-25 23:10:41,0.08772000,0.04700000
2018-02-25 23:10:41,0.08773200,0.02000000
2018-02-25 23:10:41,0.08774000,0.03800000
2018-02-25 23:10:42,0.08762600,0.17000000
2018-02-25 23:10:42,0.08762500,0.08000000
2018-02-25 23:10:45,0.08763400,1.14400000
2018-02-25 23:10:45,0.08763400,4.13400000
2018-02-25 23:10:46,0.08764000,0.40900000
2018-02-25 23:10:47,0.08763500,0.01300000
2018-02-25 23:10:47,0.08763500,0.05200000
2018-02-25 23:10:48,0.08763500,0.85400000
2018-02-25 23:10:48,0.08772800,0.06400000
2018-02-25 23:10:48,0.08772600,0.40000000
2018-02-25 23:10:49,0.08772600,0.09100000
2018-02-25 23:10:50,0.08772000,0.05500000
2018-02-25 23:10:50,0.08772000,0.16000000
2018-02-25 23:10:50,0.08772000,0.11400000
2018-02-25 23:10:53,0.08763800,0.01900000
2018-02-25 23:10:53,0.08763800,0.01800000
2018-02-25 23:10:53,0.08763800,0.14900000
2018-02-25 23:10:53,0.08772000,0.07900000
2018-02-25 23:10:54,0.08763800,0.13900000
2018-02-25 23:10:54,0.08772000,0.00100000
2018-02-25 23:10:54,0.08772500,0.10500000
2018-02-25 23:10:55,0.08772500,0.01900000
2018-02-25 23:10:55,0.08772600,0.09400000
2018-02-25 23:10:57,0.08772600,0.11300000
2018-02-25 23:10:58,0.08772600,0.07700000
2018-02-25 23:10:58,0.08772600,0.09800000
2018-02-25 23:10:59,0.08763900,0.10400000
2018-02-25 23:10:59,0.08764000,0.01900000
2018-02-25 23:11:01,0.08764000,0.00100000
2018-02-25 23:11:01,0.08763800,0.01600000
2018-02-25 23:11:02,0.08772600,0.00100000
2018-02-25 23:11:02,0.08772800,0.00100000
2018-02-25 23:11:02,0.08773500,0.02000000
2018-02-25 23:11:02,0.08773900,0.09100000
2018-02-25 23:11:02,0.08764000,0.01900000
2018-02-25 23:11:02,0.08764100,0.20000000
2018-02-25 23:11:02,0.08764100,0.47800000
2018-02-25 23:11:03,0.08764300,0.01400000
2018-02-25 23:11:04,0.08773200,0.11300000
2018-02-25 23:11:04,0.08764400,0.07700000
2018-02-25 23:11:04,0.08764300,0.09700000
2018-02-25 23:11:04,0.08764000,0.02400000
2018-02-25 23:11:04,0.08763900,1.76000000
2018-02-25 23:11:06,0.08764000,0.11100000
2018-02-25 23:11:07,0.08772800,0.07500000
2018-02-25 23:11:08,0.08763900,0.01400000
2018-02-25 23:11:08,0.08772800,0.12500000
2018-02-25 23:11:09,0.08763900,0.07500000
2018-02-25 23:11:11,0.08764100,0.12200000
2018-02-25 23:11:11,0.08772800,0.11300000
2018-02-25 23:11:12,0.08772800,0.01000000
2018-02-25 23:11:12,0.08772900,0.10400000
2018-02-25 23:11:12,0.08772900,0.11400000
2018-02-25 23:11:12,0.08772800,0.02000000
2018-02-25 23:11:12,0.08772900,0.75400000
2018-02-25 23:11:14,0.08772800,0.01900000
2018-02-25 23:11:15,0.08764000,0.12300000
2018-02-25 23:11:15,0.08764000,0.00100000
2018-02-25 23:11:15,0.08763900,0.04100000
2018-02-25 23:11:15,0.08763900,0.44400000
2018-02-25 23:11:15,0.08762900,0.12400000
2018-02-25 23:11:15,0.08772700,0.99300000
2018-02-25 23:11:15,0.08772700,0.01200000
2018-02-25 23:11:16,0.08763000,0.06700000
2018-02-25 23:11:16,0.08772600,0.04600000
2018-02-25 23:11:16,0.08772600,0.06800000
2018-02-25 23:11:16,0.08763000,0.23400000
2018-02-25 23:11:16,0.08772700,0.02700000
2018-02-25 23:11:16,0.08763000,0.00100000
2018-02-25 23:11:17,0.08772500,0.67700000
2018-02-25 23:11:17,0.08763100,0.02000000
2018-02-25 23:11:17,0.08763000,0.03400000
2018-02-25 23:11:18,0.08763600,1.14100000
2018-02-25 23:11:18,0.08772000,0.29900000
2018-02-25 23:11:18,0.08763600,4.08100000
2018-02-25 23:11:19,0.08763600,0.72300000
2018-02-25 23:11:19,0.08763600,1.14600000
2018-02-25 23:11:19,0.08763600,0.03000000
2018-02-25 23:11:19,0.08763600,0.03400000
2018-02-25 23:11:21,0.08763600,1.14100000
2018-02-25 23:11:21,0.08772400,0.02600000
2018-02-25 23:11:21,0.08772400,0.09800000
2018-02-25 23:11:21,0.08772500,0.02100000
2018-02-25 23:11:21,0.08772600,0.00400000
2018-02-25 23:11:21,0.08763600,0.13900000
2018-02-25 23:11:21,0.08763600,0.71800000
2018-02-25 23:11:21,0.08772500,0.02000000
2018-02-25 23:11:21,0.08772600,0.91100000
2018-02-25 23:11:21,0.08772500,0.00100000
2018-02-25 23:11:22,0.08772500,0.01800000
2018-02-25 23:11:23,0.08772500,0.00100000
2018-02-25 23:11:23,0.08772600,0.11200000
2018-02-25 23:11:24,0.08770600,0.24700000
2018-02-25 23:11:25,0.08770600,0.15200000
2018-02-25 23:11:26,0.08772500,0.01900000
2018-02-25 23:11:31,0.08772500,0.00100000
2018-02-25 23:11:31,0.08772600,0.39900000
2018-02-25 23:11:32,0.08772500,0.01900000
2018-02-25 23:11:33,0.08772400,1.70400000
2018-02-25 23:11:33,0.08772400,0.22200000
2018-02-25 23:11:34,0.08763600,1.11000000
2018-02-25 23:11:34,0.08772400,0.56800000
2018-02-25 23:11:34,0.08763600,0.00100000
2018-02-25 23:11:34,0.08763000,0.09500000
2018-02-25 23:11:34,0.08763000,0.02900000
2018-02-25 23:11:34,0.08762900,0.02800000
2018-02-25 23:11:34,0.08762900,0.01800000
2018-02-25 23:11:34,0.08762900,0.00100000
2018-02-25 23:11:34,0.08762600,0.03500000
2018-02-25 23:11:34,0.08772300,0.06400000
2018-02-25 23:11:35,0.08763000,0.06700000
2018-02-25 23:11:35,0.08763000,1.14100000
2018-02-25 23:11:35,0.08772300,0.08200000
2018-02-25 23:11:35,0.08763000,0.05600000
2018-02-25 23:11:35,0.08763000,0.35500000
2018-02-25 23:11:35,0.08763000,0.00100000
2018-02-25 23:11:35,0.08762600,0.02900000
2018-02-25 23:11:35,0.08772300,0.18000000
2018-02-25 23:11:35,0.08772300,1.00000000
2018-02-25 23:11:36,0.08772200,0.02600000
2018-02-25 23:11:36,0.08772100,0.01900000
2018-02-25 23:11:36,0.08763000,0.02000000
2018-02-25 23:11:36,0.08762700,0.00100000
2018-02-25 23:11:36,0.08772100,0.01800000
2018-02-25 23:11:36,0.08772100,0.06500000
2018-02-25 23:11:36,0.08772100,0.05200000
2018-02-25 23:11:36,0.08772200,0.04200000
2018-02-25 23:11:37,0.08763100,0.08700000
2018-02-25 23:11:37,0.08772100,0.01900000
2018-02-25 23:11:37,0.08772100,0.00100000
2018-02-25 23:11:37,0.08772200,0.01700000
2018-02-25 23:11:37,0.08772100,0.33900000
2018-02-25 23:11:37,0.08772100,0.02600000
2018-02-25 23:11:37,0.08772100,0.14000000
2018-02-25 23:11:37,0.08772100,0.11300000
2018-02-25 23:11:38,0.08772000,0.08300000
2018-02-25 23:11:38,0.08763000,0.02000000
2018-02-25 23:11:39,0.08763000,0.02000000
2018-02-25 23:11:39,0.08763000,0.02000000
2018-02-25 23:11:40,0.08763000,0.02000000
2018-02-25 23:11:40,0.08763000,0.02000000
2018-02-25 23:11:42,0.08763000,0.02000000
2018-02-25 23:11:42,0.08762800,0.01000000
2018-02-25 23:11:42,0.08763000,0.02000000
2018-02-25 23:11:43,0.08772000,0.02000000
2018-02-25 23:11:43,0.08772100,0.09300000
2018-02-25 23:11:43,0.08772000,0.02000000
2018-02-25 23:11:43,0.08772100,0.44000000
2018-02-25 23:11:44,0.08763100,0.11300000
2018-02-25 23:11:44,0.08763000,0.02500000
2018-02-25 23:11:45,0.08772000,0.02000000
2018-02-25 23:11:45,0.08772100,0.09300000
2018-02-25 23:11:45,0.08763000,0.04400000
2018-02-25 23:11:46,0.08772000,0.14400000
2018-02-25 23:11:46,0.08772000,0.01900000
2018-02-25 23:11:46,0.08771600,0.01800000
2018-02-25 23:11:47,0.08763100,0.12400000
2018-02-25 23:11:47,0.08763000,0.25400000
2018-02-25 23:11:47,0.08762700,0.02200000
2018-02-25 23:11:49,0.08763000,0.02000000
2018-02-25 23:11:49,0.08762800,0.02000000
2018-02-25 23:11:49,0.08762800,0.02000000
2018-02-25 23:11:49,0.08762700,0.09400000
2018-02-25 23:11:50,0.08762800,0.02000000
2018-02-25 23:11:50,0.08762700,3.88300000
2018-02-25 23:11:52,0.08762800,0.02900000
2018-02-25 23:11:52,0.08762500,0.15200000
2018-02-25 23:11:53,0.08762500,0.10000000
2018-02-25 23:11:54,0.08771500,0.11300000
2018-02-25 23:11:54,0.08762600,0.11200000
2018-02-25 23:11:55,0.08762600,0.00100000
2018-02-25 23:11:55,0.08762500,1.79500000
2018-02-25 23:11:55,0.08762500,0.05700000
2018-02-25 23:11:57,0.08762500,0.01500000
2018-02-25 23:11:58,0.08762500,1.20700000
2018-02-25 23:11:58,0.08762500,0.06000000
2018-02-25 23:11:58,0.08770900,0.12300000
2018-02-25 23:11:58,0.08762600,0.12300000
2018-02-25 23:11:58,0.08762500,0.93300000
2018-02-25 23:11:58,0.08762500,0.02600000
2018-02-25 23:11:58,0.08770900,0.00100000
2018-02-25 23:11:58,0.08771000,0.39800000
2018-02-25 23:11:58,0.08765000,0.01600000
2018-02-25 23:11:59,0.08765000,0.05000000
2018-02-25 23:11:59,0.08771000,1.13800000
2018-02-25 23:11:59,0.08770900,0.08000000
2018-02-25 23:11:59,0.08771000,0.26100000
2018-02-25 23:11:59,0.08770900,0.08000000
2018-02-25 23:11:59,0.08771000,0.03000000
2018-02-25 23:11:59,0.08770900,0.10000000
2018-02-25 23:11:59,0.08771000,0.63800000
2018-02-25 23:11:59,0.08762500,0.09700000
2018-02-25 23:11:59,0.08762400,0.01600000
2018-02-25 23:11:59,0.08761200,0.10100000
2018-02-25 23:11:59,0.08760000,0.09000000
2018-02-25 23:11:59,0.08759000,0.03600000
2018-02-25 23:11:59,0.08758500,0.12000000
2018-02-25 23:11:59,0.08758300,0.06800000
2018-02-25 23:11:59,0.08757000,0.62000000
2018-02-25 23:11:59,0.08762100,0.06400000
2018-02-25 23:12:00,0.08770700,0.05800000
2018-02-25 23:12:00,0.08770700,0.16600000
2018-02-25 23:12:01,0.08770700,0.11400000
2018-02-25 23:12:01,0.08762100,0.00200000
2018-02-25 23:12:01,0.08758500,0.03300000
2018-02-25 23:12:01,0.08770600,0.12200000
2018-02-25 23:12:02,0.08770400,0.19900000
2018-02-25 23:12:02,0.08770400,0.02200000
2018-02-25 23:12:02,0.08770400,0.03100000
2018-02-25 23:12:02,0.08770400,0.17800000
2018-02-25 23:12:02,0.08770400,0.07200000
2018-02-25 23:12:02,0.08759300,0.10700000
2018-02-25 23:12:03,0.08770200,0.12000000
2018-02-25 23:12:03,0.08770300,0.70500000
2018-02-25 23:12:03,0.08770200,0.02000000
2018-02-25 23:12:03,0.08770300,0.02300000
2018-02-25 23:12:04,0.08760000,0.44900000
2018-02-25 23:12:04,0.08760300,0.01600000
2018-02-25 23:12:04,0.08760200,0.18200000
2018-02-25 23:12:05,0.08769900,0.01700000
2018-02-25 23:12:05,0.08760200,0.29900000
2018-02-25 23:12:05,0.08769900,0.07200000
2018-02-25 23:12:05,0.08770000,0.13000000
2018-02-25 23:12:05,0.08769900,0.11400000
2018-02-25 23:12:05,0.08760400,0.10700000
2018-02-25 23:12:05,0.08760300,0.20000000
2018-02-25 23:12:05,0.08760200,0.73900000
2018-02-25 23:12:05,0.08760000,0.02100000
2018-02-25 23:12:05,0.08759300,0.03800000
2018-02-25 23:12:06,0.08769600,0.10600000
2018-02-25 23:12:07,0.08769000,0.44800000
2018-02-25 23:12:07,0.08769000,0.00200000
2018-02-25 23:12:07,0.08769600,0.44700000
2018-02-25 23:12:07,0.08769600,0.96900000
2018-02-25 23:12:07,0.08769700,0.82600000
2018-02-25 23:12:07,0.08769700,0.00100000
2018-02-25 23:12:07,0.08769800,0.03200000
2018-02-25 23:12:07,0.08760300,0.06300000
2018-02-25 23:12:08,0.08769700,0.01900000
2018-02-25 23:12:08,0.08768900,0.06700000
2018-02-25 23:12:09,0.08768900,0.00500000
2018-02-25 23:12:09,0.08768900,0.02200000
2018-02-25 23:12:09,0.08768900,0.01300000
2018-02-25 23:12:09,0.08768900,0.13000000
2018-02-25 23:12:10,0.08768900,0.01300000
2018-02-25 23:12:10,0.08769700,0.00100000
2018-02-25 23:12:10,0.08769800,0.10000000
2018-02-25 23:12:10,0.08769700,0.01900000
2018-02-25 23:12:11,0.08769600,0.06200000
2018-02-25 23:12:11,0.08760500,0.03300000
2018-02-25 23:12:12,0.08769600,0.02000000
2018-02-25 23:12:14,0.08760700,0.09000000
2018-02-25 23:12:15,0.08769600,0.00100000
2018-02-25 23:12:15,0.08769700,0.03300000
2018-02-25 23:12:15,0.08769800,0.08000000
2018-02-25 23:12:15,0.08760700,0.61400000
2018-02-25 23:12:15,0.08760700,0.14400000
2018-02-25 23:12:15,0.08760700,0.14800000
2018-02-25 23:12:15,0.08760600,0.09000000
2018-02-25 23:12:15,0.08760500,0.05300000
2018-02-25 23:12:18,0.08760500,0.12000000
2018-02-25 23:12:18,0.08760500,1.18400000
2018-02-25 23:12:18,0.08759300,0.03400000
2018-02-25 23:12:18,0.08758100,0.15400000
2018-02-25 23:12:19,0.08769100,0.05800000
2018-02-25 23:12:20,0.08768900,0.07200000
2018-02-25 23:12:21,0.08759100,1.14400000
2018-02-25 23:12:21,0.08759200,0.02000000
2018-02-25 23:12:21,0.08759100,0.58800000
2018-02-25 23:12:22,0.08759300,1.14400000
2018-02-25 23:12:22,0.08759300,0.16300000
2018-02-25 23:12:23,0.08759400,0.02000000
2018-02-25 23:12:23,0.08759400,0.00100000
2018-02-25 23:12:23,0.08759300,0.01000000
2018-02-25 23:12:24,0.08768200,0.01900000
2018-02-25 23:12:25,0.08759100,0.01900000
2018-02-25 23:12:26,0.08759200,0.01800000
2018-02-25 23:12:27,0.08768200,0.01300000
2018-02-25 23:12:27,0.08759200,0.20000000
2018-02-25 23:12:27,0.08768100,0.52000000
2018-02-25 23:12:28,0.08759600,0.01200000
2018-02-25 23:12:28,0.08768100,0.02600000
2018-02-25 23:12:28,0.08759600,0.00100000
2018-02-25 23:12:28,0.08759200,0.02000000
2018-02-25 23:12:28,0.08759000,0.00300000
2018-02-25 23:12:29,0.08759200,0.01900000
2018-02-25 23:12:31,0.08759300,0.54800000
2018-02-25 23:12:31,0.08759200,0.00100000
2018-02-25 23:12:31,0.08759000,0.82400000
2018-02-25 23:12:31,0.08768500,0.20000000
2018-02-25 23:12:31,0.08768600,0.11900000
2018-02-25 23:12:31,0.08768500,0.20000000
2018-02-25 23:12:31,0.08768600,0.88200000
2018-02-25 23:12:32,0.08768400,0.11900000
2018-02-25 23:12:32,0.08768400,0.00500000
2018-02-25 23:12:32,0.08768500,0.11800000
2018-02-25 23:12:32,0.08759000,0.09100000
2018-02-25 23:12:33,0.08768000,0.19200000
2018-02-25 23:12:33,0.08768000,0.01200000
2018-02-25 23:12:34,0.08768000,0.05600000
2018-02-25 23:12:37,0.08760000,0.02300000
2018-02-25 23:12:38,0.08760000,0.00100000
2018-02-25 23:12:38,0.08767700,0.81400000
2018-02-25 23:12:39,0.08767600,0.01900000
2018-02-25 23:12:39,0.08758000,0.22600000
2018-02-25 23:12:39,0.08758000,0.00100000
2018-02-25 23:12:40,0.08767500,0.34500000
2018-02-25 23:12:41,0.08760000,0.00100000
2018-02-25 23:12:42,0.08767000,0.19400000
2018-02-25 23:12:42,0.08767000,0.01600000
2018-02-25 23:12:42,0.08767400,0.03900000
2018-02-25 23:12:46,0.08760000,0.01200000
2018-02-25 23:12:46,0.08767000,0.01800000
2018-02-25 23:12:47,0.08766900,0.02000000
2018-02-25 23:12:47,0.08767000,0.10600000
2018-02-25 23:12:48,0.08766900,0.00100000
2018-02-25 23:12:48,0.08766900,0.01800000
2018-02-25 23:12:49,0.08760000,0.00100000
2018-02-25 23:12:49,0.08758600,0.01900000
2018-02-25 23:12:49,0.08758600,0.01700000
2018-02-25 23:12:53,0.08766900,0.00100000
2018-02-25 23:12:53,0.08767000,0.14300000
2018-02-25 23:12:53,0.08759500,0.12400000
2018-02-25 23:12:53,0.08759400,0.10500000
2018-02-25 23:12:53,0.08766900,0.02000000
2018-02-25 23:12:53,0.08767000,0.55000000
2018-02-25 23:12:53,0.08759400,0.29500000
2018-02-25 23:12:53,0.08758600,0.00100000
2018-02-25 23:12:53,0.08758000,0.21700000
2018-02-25 23:12:53,0.08758000,0.40200000
2018-02-25 23:12:53,0.08758000,0.29300000
2018-02-25 23:12:53,0.08757900,0.02000000
2018-02-25 23:12:53,0.08757500,0.26400000
2018-02-25 23:12:54,0.08766900,0.01900000
2018-02-25 23:12:54,0.08766900,0.00100000
2018-02-25 23:12:54,0.08767000,0.01800000
2018-02-25 23:12:54,0.08766900,0.01900000
2018-02-25 23:12:54,0.08757900,0.02000000
2018-02-25 23:12:54,0.08757500,0.43600000
2018-02-25 23:12:54,0.08766900,0.00100000
2018-02-25 23:12:54,0.08767000,0.07500000
2018-02-25 23:12:54,0.08757900,0.01900000
2018-02-25 23:12:54,0.08759400,0.07300000
2018-02-25 23:12:55,0.08759400,0.32600000
2018-02-25 23:12:55,0.08766800,0.08300000
2018-02-25 23:12:55,0.08766700,0.01900000
2018-02-25 23:12:56,0.08766700,0.12400000
2018-02-25 23:12:56,0.08766700,0.42800000
2018-02-25 23:12:58,0.08766700,0.06900000
2018-02-25 23:13:00,0.08766500,0.15800000
2018-02-25 23:13:01,0.08766400,0.12400000
2018-02-25 23:13:01,0.08766400,0.11900000
2018-02-25 23:13:01,0.08766400,0.60000000
2018-02-25 23:13:02,0.08766400,0.79200000
2018-02-25 23:13:02,0.08766400,0.12300000
2018-02-25 23:13:02,0.08766400,0.35200000
2018-02-25 23:13:03,0.08766300,0.04900000
2018-02-25 23:13:03,0.08759900,0.39900000
2018-02-25 23:13:04,0.08765900,0.02300000
2018-02-25 23:13:04,0.08765900,0.29800000
2018-02-25 23:13:07,0.08757400,0.18800000
2018-02-25 23:13:07,0.08757400,0.05800000
2018-02-25 23:13:08,0.08757500,0.12300000
2018-02-25 23:13:08,0.08757500,0.00100000
2018-02-25 23:13:08,0.08757400,0.00600000
2018-02-25 23:13:08,0.08757400,0.00600000
2018-02-25 23:13:09,0.08757400,0.03200000
2018-02-25 23:13:10,0.08765800,0.64700000
2018-02-25 23:13:11,0.08765700,0.33000000
2018-02-25 23:13:11,0.08765800,0.06900000
2018-02-25 23:13:12,0.08765800,0.03600000
2018-02-25 23:13:12,0.08765800,0.13200000
2018-02-25 23:13:12,0.08765800,0.18500000
2018-02-25 23:13:12,0.08765800,0.02300000
2018-02-25 23:13:12,0.08757400,0.00100000
2018-02-25 23:13:12,0.08757200,0.12400000
2018-02-25 23:13:12,0.08757100,0.86800000
2018-02-25 23:13:13,0.08757100,0.19400000
2018-02-25 23:13:13,0.08756900,0.00900000
2018-02-25 23:13:15,0.08765600,0.09600000
2018-02-25 23:13:15,0.08765600,0.05300000
2018-02-25 23:13:17,0.08756800,0.01900000
2018-02-25 23:13:17,0.08756800,0.00100000
2018-02-25 23:13:17,0.08756600,0.01800000
2018-02-25 23:13:17,0.08756800,0.02000000
2018-02-25 23:13:17,0.08756600,0.99800000
2018-02-25 23:13:17,0.08765500,0.11200000
2018-02-25 23:13:18,0.08756800,0.01900000
2018-02-25 23:13:18,0.08756800,0.00100000
2018-02-25 23:13:18,0.08756600,0.01800000
2018-02-25 23:13:18,0.08756800,0.02000000
2018-02-25 23:13:18,0.08756600,0.08700000
2018-02-25 23:13:18,0.08756800,0.02000000
2018-02-25 23:13:18,0.08756600,0.23200000
2018-02-25 23:13:18,0.08756900,0.12300000
2018-02-25 23:13:18,0.08756900,0.19700000
2018-02-25 23:13:18,0.08756900,0.12600000
2018-02-25 23:13:18,0.08756900,0.30100000
2018-02-25 23:13:18,0.08756900,0.76700000
2018-02-25 23:13:19,0.08756900,0.04900000
2018-02-25 23:13:19,0.08756900,0.03000000
2018-02-25 23:13:19,0.08756900,0.22100000
2018-02-25 23:13:19,0.08765400,0.07800000
2018-02-25 23:13:19,0.08765400,0.04600000
2018-02-25 23:13:19,0.08765600,0.20800000
2018-02-25 23:13:19,0.08765600,0.29600000
2018-02-25 23:13:19,0.08765300,0.06600000
2018-02-25 23:13:19,0.08765300,0.05200000
2018-02-25 23:13:19,0.08765300,0.29900000
2018-02-25 23:13:19,0.08765300,0.29900000
