DATE,PRICE,VOLUME
2018-02-25 16:00:00,0.08757900,0.02400000
2018-02-25 16:00:00,0.08757900,0.29000000
2018-02-25 16:00:01,0.08757900,0.12100000
2018-02-25 16:00:01,0.08757900,0.06500000
2018-02-25 16:00:01,0.08757900,1.08000000
2018-02-25 16:00:01,0.08758000,0.00100000
2018-02-25 16:00:01,0.08758700,0.05600000
2018-02-25 16:00:01,0.08758700,0.08500000
2018-02-25 16:00:01,0.08755200,0.02000000
2018-02-25 16:00:01,0.08755200,0.71000000
2018-02-25 16:00:01,0.08758700,0.13700000
2018-02-25 16:00:01,0.08758900,0.04000000
2018-02-25 16:00:01,0.08755200,0.34000000
2018-02-25 16:00:01,0.08755200,0.19400000
2018-02-25 16:00:01,0.08755000,0.33800000
2018-02-25 16:00:01,0.08758900,0.13600000
2018-02-25 16:00:02,0.08758900,0.17000000
2018-02-25 16:00:02,0.08758900,0.19300000
2018-02-25 16:00:02,0.08759700,0.10700000
2018-02-25 16:00:02,0.08758900,0.63700000
2018-02-25 16:00:02,0.08755100,0.12400000
2018-02-25 16:00:02,0.08755000,0.61100000
2018-02-25 16:00:02,0.08759700,0.01800000
2018-02-25 16:00:02,0.08760000,0.05400000
2018-02-25 16:00:02,0.08759700,0.02000000
2018-02-25 16:00:03,0.08759700,0.00200000
2018-02-25 16:00:03,0.08758900,0.01800000
2018-02-25 16:00:03,0.08758900,0.24500000
2018-02-25 16:00:04,0.08760000,0.01200000
2018-02-25 16:00:04,0.08758900,0.08900000
2018-02-25 16:00:04,0.08760400,0.11000000
2018-02-25 16:00:04,0.08760400,0.19000000
2018-02-25 16:00:04,0.08760400,0.16800000
2018-02-25 16:00:05,0.08760400,0.08200000
2018-02-25 16:00:05,0.08760400,0.08500000
2018-02-25 16:00:05,0.08760400,0.45700000
2018-02-25 16:00:08,0.08760500,0.17700000
2018-02-25 16:00:08,0.08760500,0.12100000
2018-02-25 16:00:08,0.08760500,0.04700000
2018-02-25 16:00:08,0.08761200,0.06100000
2018-02-25 16:00:09,0.08762400,0.04600000
2018-02-25 16:00:09,0.08758900,0.04400000
2018-02-25 16:00:10,0.08758900,0.01900000
2018-02-25 16:00:11,0.08762400,0.07800000
2018-02-25 16:00:11,0.08762500,0.12400000
2018-02-25 16:00:11,0.08762600,4.81900000
2018-02-25 16:00:11,0.08758900,0.04600000
2018-02-25 16:00:11,0.08758900,0.23900000
2018-02-25 16:00:11,0.08757500,0.12400000
2018-02-25 16:00:11,0.08757400,1.01000000
2018-02-25 16:00:11,0.08762600,0.12200000
2018-02-25 16:00:11,0.08757400,0.14300000
2018-02-25 16:00:11,0.08755300,0.13000000
2018-02-25 16:00:13,0.08762500,0.12400000
2018-02-25 16:00:13,0.08762600,0.49600000
2018-02-25 16:00:14,0.08755100,0.12400000
2018-02-25 16:00:14,0.08755000,0.91900000
2018-02-25 16:00:15,0.08755000,0.04900000
2018-02-25 16:00:15,0.08755000,0.25300000
2018-02-25 16:00:15,0.08762500,0.11400000
2018-02-25 16:00:15,0.08755000,0.12500000
2018-02-25 16:00:16,0.08755000,0.19400000
2018-02-25 16:00:16,0.08755100,0.02000000
2018-02-25 16:00:16,0.08755200,0.01500000
2018-02-25 16:00:16,0.08755200,0.00100000
2018-02-25 16:00:16,0.08762500,0.01000000
2018-02-25 16:00:16,0.08762600,0.00400000
2018-02-25 16:00:16,0.08755100,0.09300000
2018-02-25 16:00:17,0.08755100,0.00100000
2018-02-25 16:00:17,0.08755000,0.09600000
2018-02-25 16:00:17,0.08762500,0.05000000
2018-02-25 16:00:17,0.08755000,0.35400000
2018-02-25 16:00:19,0.08758000,0.05000000
2018-02-25 16:00:19,0.08758000,0.13700000
2018-02-25 16:00:19,0.08762500,0.04900000
2018-02-25 16:00:20,0.08762500,0.03300000
2018-02-25 16:00:20,0.08762500,0.27600000
2018-02-25 16:00:21,0.08755300,0.13900000
2018-02-25 16:00:21,0.08755400,0.02800000
2018-02-25 16:00:21,0.08762500,0.01700000
2018-02-25 16:00:23,0.08762500,0.02900000
2018-02-25 16:00:25,0.08762500,0.00100000
2018-02-25 16:00:25,0.08762600,0.07600000
2018-02-25 16:00:25,0.08762600,1.97200000
2018-02-25 16:00:25,0.08762600,0.02300000
2018-02-25 16:00:26,0.08762600,0.03400000
2018-02-25 16:00:27,0.08757600,0.12300000
2018-02-25 16:00:28,0.08757600,0.00100000
2018-02-25 16:00:28,0.08757500,0.09900000
2018-02-25 16:00:29,0.08757500,1.12800000
2018-02-25 16:00:31,0.08757500,0.26100000
2018-02-25 16:00:31,0.08756600,0.14600000
2018-02-25 16:00:31,0.08756600,0.12800000
2018-02-25 16:00:31,0.08756600,0.00100000
2018-02-25 16:00:31,0.08762500,0.12300000
2018-02-25 16:00:31,0.08762600,0.00400000
2018-02-25 16:00:32,0.08762600,0.06800000
2018-02-25 16:00:32,0.08762600,0.12400000
2018-02-25 16:00:33,0.08762600,0.02600000
2018-02-25 16:00:34,0.08762600,0.08300000
2018-02-25 16:00:35,0.08762600,0.03300000
2018-02-25 16:00:35,0.08762600,0.02300000
2018-02-25 16:00:36,0.08758000,0.08600000
2018-02-25 16:00:36,0.08758000,0.02700000
2018-02-25 16:00:37,0.08758000,0.01000000
2018-02-25 16:00:38,0.08762000,0.11400000
2018-02-25 16:00:39,0.08761900,0.12900000
2018-02-25 16:00:40,0.08761900,0.00100000
2018-02-25 16:00:40,0.08762000,0.38600000
2018-02-25 16:00:40,0.08762600,14.61300000
2018-02-25 16:00:41,0.08757900,0.02700000
2018-02-25 16:00:41,0.08762500,0.00300000
2018-02-25 16:00:41,0.08757900,0.02600000
2018-02-25 16:00:42,0.08757900,0.02500000
2018-02-25 16:00:43,0.08757900,1.11400000
2018-02-25 16:00:43,0.08757900,0.00100000
2018-02-25 16:00:43,0.08757500,0.10000000
2018-02-25 16:00:43,0.08757500,6.67100000
2018-02-25 16:00:44,0.08762000,0.11100000
2018-02-25 16:00:44,0.08757500,0.03300000
2018-02-25 16:00:44,0.08757500,0.16400000
2018-02-25 16:00:45,0.08757500,0.08200000
2018-02-25 16:00:46,0.08762000,0.07100000
2018-02-25 16:00:46,0.08757500,0.10000000
2018-02-25 16:00:46,0.08757500,0.10000000
2018-02-25 16:00:46,0.08757500,0.19800000
2018-02-25 16:00:46,0.08757500,0.05000000
2018-02-25 16:00:47,0.08762000,0.02000000
2018-02-25 16:00:47,0.08757500,0.07000000
2018-02-25 16:00:47,0.08757500,0.32300000
2018-02-25 16:00:48,0.08757500,0.01300000
2018-02-25 16:00:48,0.08762000,0.17100000
2018-02-25 16:00:49,0.08757500,0.13900000
2018-02-25 16:00:49,0.08757500,0.49000000
2018-02-25 16:00:49,0.08757500,0.04900000
2018-02-25 16:00:49,0.08757500,0.22100000
2018-02-25 16:00:50,0.08757600,0.69700000
2018-02-25 16:00:50,0.08762000,0.00100000
2018-02-25 16:00:50,0.08762500,0.09900000
2018-02-25 16:00:50,0.08757600,0.22100000
2018-02-25 16:00:50,0.08757700,0.09800000
2018-02-25 16:00:50,0.08757700,0.00400000
2018-02-25 16:00:50,0.08757700,0.03300000
2018-02-25 16:00:50,0.08762500,0.02200000
2018-02-25 16:00:50,0.08762600,0.04500000
2018-02-25 16:00:51,0.08762500,0.10200000
2018-02-25 16:00:51,0.08762600,0.00700000
2018-02-25 16:00:51,0.08762600,0.14100000
2018-02-25 16:00:51,0.08760500,0.14300000
2018-02-25 16:00:54,0.08757800,0.03400000
2018-02-25 16:00:55,0.08757900,0.08900000
2018-02-25 16:00:55,0.08760500,0.00100000
2018-02-25 16:00:55,0.08762500,0.03400000
2018-02-25 16:00:55,0.08762600,0.07900000
2018-02-25 16:00:55,0.08762600,0.02000000
2018-02-25 16:00:55,0.08762600,0.10900000
2018-02-25 16:00:55,0.08762600,0.09000000
2018-02-25 16:00:56,0.08762600,0.51900000
2018-02-25 16:00:56,0.08762600,0.05800000
2018-02-25 16:00:56,0.08762600,1.39900000
2018-02-25 16:00:56,0.08762600,0.09000000
2018-02-25 16:00:56,0.08762500,0.07100000
2018-02-25 16:00:56,0.08762500,0.01400000
2018-02-25 16:00:57,0.08757900,0.13800000
2018-02-25 16:00:57,0.08757900,0.00100000
2018-02-25 16:00:58,0.08757700,0.11700000
2018-02-25 16:00:58,0.08757700,0.00300000
2018-02-25 16:00:58,0.08757600,0.11600000
2018-02-25 16:00:58,0.08757600,0.36300000
2018-02-25 16:00:59,0.08762500,0.11400000
2018-02-25 16:01:00,0.08762500,0.01000000
2018-02-25 16:01:00,0.08762600,0.10400000
2018-02-25 16:01:01,0.08757700,0.01900000
2018-02-25 16:01:01,0.08762600,0.01300000
2018-02-25 16:01:02,0.08762500,0.01800000
2018-02-25 16:01:04,0.08757700,0.03000000
2018-02-25 16:01:04,0.08757700,0.07600000
2018-02-25 16:01:04,0.08757700,0.01700000
2018-02-25 16:01:04,0.08757600,0.00100000
2018-02-25 16:01:05,0.08757600,0.31600000
2018-02-25 16:01:06,0.08757600,1.92800000
2018-02-25 16:01:06,0.08757600,0.19000000
2018-02-25 16:01:06,0.08762400,0.05600000
2018-02-25 16:01:06,0.08762600,0.18500000
2018-02-25 16:01:07,0.08757600,1.14900000
2018-02-25 16:01:07,0.08762500,0.01300000
2018-02-25 16:01:07,0.08757600,1.64300000
2018-02-25 16:01:07,0.08757500,5.47300000
2018-02-25 16:01:07,0.08757000,0.99300000
2018-02-25 16:01:07,0.08755500,1.09400000
2018-02-25 16:01:07,0.08755300,0.28200000
2018-02-25 16:01:09,0.08757600,0.01200000
2018-02-25 16:01:09,0.08762500,1.20500000
2018-02-25 16:01:09,0.08762600,0.44500000
2018-02-25 16:01:09,0.08762600,0.23300000
2018-02-25 16:01:10,0.08762500,0.11900000
2018-02-25 16:01:10,0.08762600,0.80100000
2018-02-25 16:01:11,0.08762500,0.00200000
2018-02-25 16:01:11,0.08757700,0.06400000
2018-02-25 16:01:11,0.08757600,0.01900000
2018-02-25 16:01:11,0.08757600,0.01900000
2018-02-25 16:01:12,0.08757600,0.00100000
2018-02-25 16:01:14,0.08758000,0.02000000
2018-02-25 16:01:14,0.08757600,0.15100000
2018-02-25 16:01:14,0.08758000,0.05600000
2018-02-25 16:01:14,0.08758000,0.00100000
2018-02-25 16:01:14,0.08762500,0.01200000
2018-02-25 16:01:14,0.08762600,0.04200000
2018-02-25 16:01:14,0.08762600,0.05600000
2018-02-25 16:01:14,0.08762600,0.01800000
2018-02-25 16:01:14,0.08757900,0.00100000
2018-02-25 16:01:15,0.08757900,0.01800000
2018-02-25 16:01:15,0.08757600,0.00100000
2018-02-25 16:01:15,0.08757500,0.03500000
2018-02-25 16:01:15,0.08757500,0.74600000
2018-02-25 16:01:17,0.08757500,0.16200000
2018-02-25 16:01:17,0.08757500,0.27700000
2018-02-25 16:01:18,0.08755400,1.14100000
2018-02-25 16:01:18,0.08755400,2.09900000
2018-02-25 16:01:18,0.08755400,0.09800000
2018-02-25 16:01:19,0.08757900,0.07800000
2018-02-25 16:01:20,0.08758900,0.00200000
2018-02-25 16:01:20,0.08757900,0.02100000
2018-02-25 16:01:21,0.08757900,0.05800000
2018-02-25 16:01:21,0.08758900,0.00200000
2018-02-25 16:01:21,0.08757700,0.88200000
2018-02-25 16:01:21,0.08762300,0.04300000
2018-02-25 16:01:21,0.08762300,0.00800000
2018-02-25 16:01:21,0.08762400,0.02800000
2018-02-25 16:01:21,0.08762400,0.05700000
2018-02-25 16:01:21,0.08762400,0.05700000
2018-02-25 16:01:21,0.08757700,2.32500000
2018-02-25 16:01:21,0.08762400,0.70300000
2018-02-25 16:01:21,0.08762400,0.11400000
2018-02-25 16:01:22,0.08757700,1.14100000
2018-02-25 16:01:22,0.08762300,0.12500000
2018-02-25 16:01:22,0.08762400,0.18800000
2018-02-25 16:01:22,0.08762400,0.15400000
2018-02-25 16:01:22,0.08762400,0.06100000
2018-02-25 16:01:23,0.08757700,0.39200000
2018-02-25 16:01:23,0.08757600,1.33600000
2018-02-25 16:01:23,0.08757800,0.12300000
2018-02-25 16:01:25,0.08762300,0.12300000
2018-02-25 16:01:25,0.08762400,0.17500000
2018-02-25 16:01:25,0.08757800,0.00100000
2018-02-25 16:01:25,0.08757600,0.74900000
2018-02-25 16:01:25,0.08757400,1.01100000
2018-02-25 16:01:25,0.08755300,0.26100000
2018-02-25 16:01:25,0.08755000,0.66600000
2018-02-25 16:01:26,0.08762500,0.20000000
2018-02-25 16:01:26,0.08762000,0.11400000
2018-02-25 16:01:26,0.08762400,0.11700000
2018-02-25 16:01:27,0.08753600,0.30900000
2018-02-25 16:01:28,0.08753700,0.02300000
2018-02-25 16:01:29,0.08762400,0.02000000
2018-02-25 16:01:29,0.08762500,0.09400000
2018-02-25 16:01:29,0.08753800,0.69200000
2018-02-25 16:01:29,0.08753800,0.02900000
2018-02-25 16:01:29,0.08762400,0.02000000
2018-02-25 16:01:29,0.08762500,0.04100000
2018-02-25 16:01:30,0.08762300,0.11400000
2018-02-25 16:01:31,0.08753900,0.01700000
2018-02-25 16:01:31,0.08762200,0.04700000
2018-02-25 16:01:32,0.08754000,0.09700000
2018-02-25 16:01:32,0.08753900,1.17900000
2018-02-25 16:01:32,0.08753900,0.02200000
2018-02-25 16:01:32,0.08762100,0.01700000
2018-02-25 16:01:32,0.08762200,0.09700000
2018-02-25 16:01:32,0.08753900,0.02200000
2018-02-25 16:01:35,0.08759700,0.35300000
2018-02-25 16:01:36,0.08759600,0.12400000
2018-02-25 16:01:36,0.08759600,0.00100000
2018-02-25 16:01:36,0.08759700,0.12300000
2018-02-25 16:01:36,0.08759700,0.04000000
2018-02-25 16:01:36,0.08759700,0.29800000
2018-02-25 16:01:36,0.08759700,0.13400000
2018-02-25 16:01:37,0.08759700,0.08300000
2018-02-25 16:01:37,0.08754100,0.04500000
2018-02-25 16:01:37,0.08754000,0.06800000
2018-02-25 16:01:37,0.08759700,0.00100000
2018-02-25 16:01:37,0.08762300,0.07900000
2018-02-25 16:01:37,0.08762400,0.00300000
2018-02-25 16:01:37,0.08760700,0.05400000
2018-02-25 16:01:37,0.08760700,0.02600000
2018-02-25 16:01:37,0.08754700,0.05400000
2018-02-25 16:01:38,0.08754800,0.07900000
2018-02-25 16:01:38,0.08754700,1.06200000
2018-02-25 16:01:38,0.08761900,0.04500000
2018-02-25 16:01:38,0.08762000,0.37300000
2018-02-25 16:01:38,0.08754700,0.09500000
2018-02-25 16:01:38,0.08753200,0.26100000
2018-02-25 16:01:38,0.08753200,0.11600000
2018-02-25 16:01:38,0.08753200,0.32100000
2018-02-25 16:01:38,0.08754800,0.25500000
2018-02-25 16:01:38,0.08754800,0.08800000
2018-02-25 16:01:39,0.08754900,0.04000000
2018-02-25 16:01:40,0.08754900,0.00500000
2018-02-25 16:01:40,0.08754800,0.04000000
2018-02-25 16:01:40,0.08757800,0.01600000
2018-02-25 16:01:40,0.08761900,0.07900000
2018-02-25 16:01:40,0.08762000,0.09200000
2018-02-25 16:01:41,0.08762000,0.00500000
2018-02-25 16:01:41,0.08761800,0.17600000
2018-02-25 16:01:42,0.08761800,0.01200000
2018-02-25 16:01:42,0.08755200,0.02400000
2018-02-25 16:01:42,0.08757700,0.08200000
2018-02-25 16:01:42,0.08757700,0.00100000
2018-02-25 16:01:42,0.08761800,0.08100000
2018-02-25 16:01:43,0.08755300,0.05500000
2018-02-25 16:01:43,0.08761700,0.06800000
2018-02-25 16:01:44,0.08755300,0.06700000
2018-02-25 16:01:45,0.08755300,0.00100000
2018-02-25 16:01:45,0.08755300,0.11500000
2018-02-25 16:01:45,0.08755100,0.07700000
2018-02-25 16:01:46,0.08755100,0.95300000
2018-02-25 16:01:48,0.08755200,0.02900000
2018-02-25 16:01:48,0.08761800,0.02500000
2018-02-25 16:01:48,0.08755200,0.38900000
2018-02-25 16:01:49,0.08761700,0.05400000
2018-02-25 16:01:49,0.08755300,0.02500000
2018-02-25 16:01:50,0.08755300,0.05400000
2018-02-25 16:01:50,0.08755200,1.95000000
2018-02-25 16:01:50,0.08755000,1.55300000
2018-02-25 16:01:50,0.08753200,0.19200000
2018-02-25 16:01:51,0.08761800,0.09000000
2018-02-25 16:01:51,0.08761700,0.05400000
2018-02-25 16:01:52,0.08756800,0.02900000
2018-02-25 16:01:54,0.08756900,0.11000000
2018-02-25 16:01:55,0.08761700,0.04100000
2018-02-25 16:01:55,0.08761700,0.06600000
2018-02-25 16:01:55,0.08761700,0.01300000
2018-02-25 16:01:56,0.08757000,0.12000000
2018-02-25 16:01:56,0.08757000,0.00100000
2018-02-25 16:01:56,0.08756900,0.00100000
2018-02-25 16:01:56,0.08756800,0.11800000
2018-02-25 16:01:56,0.08756800,0.61100000
2018-02-25 16:01:56,0.08761700,0.00300000
2018-02-25 16:01:56,0.08761800,0.06400000
2018-02-25 16:01:56,0.08761900,0.04300000
2018-02-25 16:01:57,0.08761800,0.02600000
2018-02-25 16:01:57,0.08761800,0.09600000
2018-02-25 16:01:57,0.08761900,0.10400000
2018-02-25 16:01:57,0.08761900,0.55800000
2018-02-25 16:01:58,0.08761900,1.11000000
2018-02-25 16:01:59,0.08761200,0.18000000
2018-02-25 16:01:59,0.08761900,0.56300000
2018-02-25 16:02:00,0.08761800,0.03400000
2018-02-25 16:02:01,0.08761800,0.01400000
2018-02-25 16:02:01,0.08761900,0.16000000
2018-02-25 16:02:01,0.08761900,0.09000000
2018-02-25 16:02:01,0.08761900,1.19800000
2018-02-25 16:02:01,0.08761900,0.09000000
2018-02-25 16:02:01,0.08756800,0.00100000
2018-02-25 16:02:01,0.08755200,0.12400000
2018-02-25 16:02:01,0.08755100,0.36300000
2018-02-25 16:02:01,0.08755000,0.86300000
2018-02-25 16:02:02,0.08762000,0.02400000
2018-02-25 16:02:02,0.08762000,0.00600000
2018-02-25 16:02:02,0.08762400,0.08300000
2018-02-25 16:02:02,0.08762500,0.15300000
2018-02-25 16:02:02,0.08762600,0.87900000
2018-02-25 16:02:02,0.08762300,0.09000000
2018-02-25 16:02:02,0.08762300,0.03400000
2018-02-25 16:02:02,0.08762600,1.16400000
2018-02-25 16:02:02,0.08762600,0.80100000
2018-02-25 16:02:02,0.08762600,0.09000000
2018-02-25 16:02:03,0.08762600,0.09000000
2018-02-25 16:02:03,0.08755300,0.02900000
2018-02-25 16:02:03,0.08755300,0.25300000
2018-02-25 16:02:03,0.08762600,0.02300000
2018-02-25 16:02:03,0.08762600,0.09000000
2018-02-25 16:02:03,0.08762600,0.09000000
2018-02-25 16:02:04,0.08755500,0.12300000
2018-02-25 16:02:04,0.08755500,0.00100000
2018-02-25 16:02:04,0.08755400,0.01300000
2018-02-25 16:02:05,0.08755400,0.34900000
2018-02-25 16:02:05,0.08762500,0.09000000
2018-02-25 16:02:05,0.08762500,0.03400000
2018-02-25 16:02:05,0.08762500,0.02700000
2018-02-25 16:02:05,0.08755500,0.02700000
2018-02-25 16:02:05,0.08755500,0.05400000
2018-02-25 16:02:05,0.08762600,0.09000000
2018-02-25 16:02:06,0.08755600,0.12300000
2018-02-25 16:02:06,0.08762600,0.09000000
2018-02-25 16:02:06,0.08761900,1.76000000
2018-02-25 16:02:06,0.08761900,0.09000000
2018-02-25 16:02:06,0.08761900,0.02800000
2018-02-25 16:02:06,0.08755600,0.00100000
2018-02-25 16:02:06,0.08755500,0.07900000
2018-02-25 16:02:06,0.08761900,0.89100000
2018-02-25 16:02:06,0.08761900,0.09000000
2018-02-25 16:02:06,0.08761900,1.10300000
2018-02-25 16:02:06,0.08762500,0.61500000
2018-02-25 16:02:06,0.08762500,0.46900000
2018-02-25 16:02:07,0.08762500,0.98100000
2018-02-25 16:02:07,0.08762500,0.09000000
2018-02-25 16:02:07,0.08757600,0.91500000
2018-02-25 16:02:07,0.08755500,0.20300000
2018-02-25 16:02:07,0.08762400,0.12400000
2018-02-25 16:02:07,0.08762500,1.98900000
2018-02-25 16:02:07,0.08762500,1.37100000
2018-02-25 16:02:07,0.08762600,1.95100000
2018-02-25 16:02:07,0.08762600,0.09000000
2018-02-25 16:02:07,0.08762600,0.89200000
2018-02-25 16:02:08,0.08755600,0.02200000
2018-02-25 16:02:08,0.08755600,0.07000000
2018-02-25 16:02:08,0.08755700,0.05000000
2018-02-25 16:02:08,0.08762600,0.80100000
2018-02-25 16:02:09,0.08755800,0.07300000
2018-02-25 16:02:09,0.08755800,0.00100000
2018-02-25 16:02:09,0.08755700,0.07200000
2018-02-25 16:02:11,0.08755700,0.00200000
2018-02-25 16:02:11,0.08755000,1.49700000
2018-02-25 16:02:11,0.08761800,0.07100000
2018-02-25 16:02:11,0.08761900,0.13500000
2018-02-25 16:02:12,0.08755000,0.02900000
2018-02-25 16:02:12,0.08755000,0.06200000
2018-02-25 16:02:12,0.08761900,0.04500000
2018-02-25 16:02:12,0.08762500,0.12500000
2018-02-25 16:02:12,0.08762600,0.57200000
2018-02-25 16:02:13,0.08755100,0.12200000
2018-02-25 16:02:13,0.08755000,0.06900000
2018-02-25 16:02:13,0.08762600,1.29400000
2018-02-25 16:02:14,0.08755000,0.05200000
2018-02-25 16:02:14,0.08755700,0.08300000
2018-02-25 16:02:14,0.08755700,0.04100000
2018-02-25 16:02:14,0.08761800,0.30700000
2018-02-25 16:02:14,0.08762500,0.12400000
2018-02-25 16:02:14,0.08762600,0.01200000
2018-02-25 16:02:14,0.08762600,0.80100000
2018-02-25 16:02:14,0.08755000,0.22100000
2018-02-25 16:02:14,0.08755000,0.00800000
2018-02-25 16:02:15,0.08755000,0.22100000
2018-02-25 16:02:15,0.08755100,0.12400000
2018-02-25 16:02:15,0.08755000,1.01700000
2018-02-25 16:02:15,0.08755000,0.30400000
2018-02-25 16:02:15,0.08762600,0.10700000
2018-02-25 16:02:15,0.08762600,0.09700000
2018-02-25 16:02:15,0.08762600,0.12100000
2018-02-25 16:02:16,0.08762500,0.14400000
2018-02-25 16:02:16,0.08762600,1.85300000
2018-02-25 16:02:16,0.08762500,0.02000000
2018-02-25 16:02:16,0.08762600,0.58800000
2018-02-25 16:02:16,0.08758000,0.09900000
2018-02-25 16:02:24,0.08758000,0.00100000
2018-02-25 16:02:24,0.08757600,0.02500000
2018-02-25 16:02:24,0.08757600,0.09900000
2018-02-25 16:02:24,0.08757500,1.16700000
2018-02-25 16:02:24,0.08757500,0.00100000
2018-02-25 16:02:24,0.08755000,0.03800000
2018-02-25 16:02:25,0.08755000,0.14200000
2018-02-25 16:02:26,0.08755000,0.00100000
2018-02-25 16:02:26,0.08753300,0.01100000
2018-02-25 16:02:29,0.08761900,0.12300000
2018-02-25 16:02:29,0.08759600,0.09600000
2018-02-25 16:02:29,0.08759600,0.00100000
2018-02-25 16:02:29,0.08761900,0.00100000
2018-02-25 16:02:29,0.08762100,0.02000000
2018-02-25 16:02:29,0.08762500,0.07400000
2018-02-25 16:02:30,0.08762100,0.02000000
2018-02-25 16:02:30,0.08762500,0.09400000
2018-02-25 16:02:31,0.08762100,0.02000000
2018-02-25 16:02:31,0.08762500,0.09400000
2018-02-25 16:02:32,0.08753400,0.12300000
2018-02-25 16:02:32,0.08761900,0.35900000
2018-02-25 16:02:33,0.08753400,0.00100000
2018-02-25 16:02:33,0.08753300,0.08900000
2018-02-25 16:02:34,0.08753300,0.34000000
2018-02-25 16:02:34,0.08753200,5.40200000
2018-02-25 16:02:34,0.08761700,0.05600000
2018-02-25 16:02:34,0.08761700,0.97900000
2018-02-25 16:02:35,0.08755000,0.86000000
2018-02-25 16:02:35,0.08761700,0.06600000
2018-02-25 16:02:35,0.08761700,0.03300000
2018-02-25 16:02:37,0.08761600,0.11400000
2018-02-25 16:02:38,0.08761600,0.01000000
2018-02-25 16:02:38,0.08761700,0.27600000
2018-02-25 16:02:39,0.08761700,0.16600000
2018-02-25 16:02:39,0.08761700,0.10900000
2018-02-25 16:02:39,0.08761700,0.98800000
2018-02-25 16:02:39,0.08756900,0.01400000
2018-02-25 16:02:39,0.08761700,0.72100000
2018-02-25 16:02:39,0.08761700,0.12600000
2018-02-25 16:02:39,0.08761700,0.12600000
2018-02-25 16:02:39,0.08761700,0.02600000
2018-02-25 16:02:39,0.08761700,0.00100000
2018-02-25 16:02:39,0.08761800,0.02500000
2018-02-25 16:02:40,0.08761700,0.17600000
2018-02-25 16:02:40,0.08761600,0.01400000
2018-02-25 16:02:40,0.08761700,0.95900000
2018-02-25 16:02:40,0.08761700,0.01500000
2018-02-25 16:02:40,0.08761800,0.17700000
2018-02-25 16:02:40,0.08761800,0.49900000
2018-02-25 16:02:40,0.08761700,0.34200000
2018-02-25 16:02:41,0.08761800,0.13800000
2018-02-25 16:02:41,0.08761800,0.11400000
2018-02-25 16:02:42,0.08761800,0.08300000
2018-02-25 16:02:42,0.08761800,0.00100000
2018-02-25 16:02:42,0.08761900,0.11300000
2018-02-25 16:02:42,0.08761900,0.01300000
2018-02-25 16:02:42,0.08761900,0.44900000
2018-02-25 16:02:42,0.08762500,1.31700000
2018-02-25 16:02:42,0.08762600,0.69900000
2018-02-25 16:02:43,0.08762600,0.39900000
2018-02-25 16:02:44,0.08762600,0.04000000
2018-02-25 16:02:44,0.08762600,0.19900000
2018-02-25 16:02:44,0.08762600,0.11400000
2018-02-25 16:02:45,0.08762400,0.55300000
2018-02-25 16:02:46,0.08758100,0.12400000
2018-02-25 16:02:46,0.08758000,0.37600000
2018-02-25 16:02:47,0.08758000,0.12300000
2018-02-25 16:02:47,0.08761800,0.05100000
2018-02-25 16:02:48,0.08762400,0.00100000
2018-02-25 16:02:48,0.08762500,0.00500000
2018-02-25 16:02:48,0.08761800,0.00100000
2018-02-25 16:02:48,0.08758000,0.00100000
2018-02-25 16:02:48,0.08756800,1.03600000
2018-02-25 16:02:48,0.08755000,0.33600000
2018-02-25 16:02:49,0.08755000,0.02400000
2018-02-25 16:02:49,0.08762500,0.11800000
2018-02-25 16:02:49,0.08755000,7.26700000
2018-02-25 16:02:52,0.08757600,0.16300000
2018-02-25 16:02:52,0.08757600,0.06900000
2018-02-25 16:02:53,0.08762500,0.11400000
2018-02-25 16:02:53,0.08757600,0.12400000
2018-02-25 16:02:55,0.08758000,0.10000000
2018-02-25 16:02:55,0.08757600,0.11400000
2018-02-25 16:02:55,0.08762500,0.24200000
2018-02-25 16:02:56,0.08762500,0.11400000
2018-02-25 16:02:56,0.08762600,0.03200000
2018-02-25 16:02:56,0.08762600,0.47000000
2018-02-25 16:02:56,0.08757500,0.05800000
2018-02-25 16:02:56,0.08762600,0.03900000
2018-02-25 16:02:57,0.08762600,0.48800000
2018-02-25 16:02:57,0.08757600,0.12300000
2018-02-25 16:02:57,0.08762600,0.19700000
2018-02-25 16:02:57,0.08757600,0.00100000
2018-02-25 16:02:57,0.08757500,0.12200000
2018-02-25 16:02:57,0.08762600,0.03900000
2018-02-25 16:02:58,0.08757500,0.04900000
2018-02-25 16:02:58,0.08762500,0.12300000
2018-02-25 16:02:59,0.08757500,0.20000000
2018-02-25 16:02:59,0.08762500,0.00100000
2018-02-25 16:02:59,0.08762600,0.05800000
2018-02-25 16:02:59,0.08762600,0.99800000
2018-02-25 16:02:59,0.08762600,0.68400000
2018-02-25 16:02:59,0.08762600,0.68400000
2018-02-25 16:02:59,0.08757600,0.00200000
2018-02-25 16:02:59,0.08762600,4.59100000
2018-02-25 16:02:59,0.08762600,0.09100000
2018-02-25 16:03:00,0.08757600,0.12100000
2018-02-25 16:03:00,0.08757500,0.56600000
2018-02-25 16:03:00,0.08762600,0.09100000
2018-02-25 16:03:00,0.08762600,0.09100000
2018-02-25 16:03:00,0.08762500,0.09100000
2018-02-25 16:03:00,0.08762500,0.68500000
2018-02-25 16:03:01,0.08762400,0.12300000
2018-02-25 16:03:01,0.08762500,0.37700000
2018-02-25 16:03:01,0.08757500,0.02200000
2018-02-25 16:03:01,0.08762500,0.02100000
2018-02-25 16:03:01,0.08762500,0.03100000
2018-02-25 16:03:01,0.08762600,0.02000000
2018-02-25 16:03:02,0.08762600,0.23800000
2018-02-25 16:03:02,0.08762600,0.43100000
2018-02-25 16:03:02,0.08762500,0.09100000
2018-02-25 16:03:02,0.08762500,0.09100000
2018-02-25 16:03:03,0.08762500,0.09100000
2018-02-25 16:03:03,0.08762500,1.02000000
2018-02-25 16:03:03,0.08762500,0.39600000
2018-02-25 16:03:03,0.08762500,0.09100000
2018-02-25 16:03:03,0.08762500,0.09100000
2018-02-25 16:03:04,0.08762500,0.29000000
2018-02-25 16:03:04,0.08762500,0.06400000
2018-02-25 16:03:04,0.08762500,0.09100000
2018-02-25 16:03:04,0.08762500,0.09100000
2018-02-25 16:03:06,0.08762500,0.02700000
2018-02-25 16:03:06,0.08762500,0.09100000
2018-02-25 16:03:06,0.08762500,0.09100000
2018-02-25 16:03:06,0.08762500,0.61600000
2018-02-25 16:03:06,0.08762500,0.11100000
2018-02-25 16:03:07,0.08762500,0.30400000
2018-02-25 16:03:08,0.08762500,0.21800000
2018-02-25 16:03:08,0.08762500,0.09100000
2018-02-25 16:03:10,0.08757600,0.12300000
2018-02-25 16:03:11,0.08762400,0.01300000
2018-02-25 16:03:11,0.08762400,0.11000000
2018-02-25 16:03:11,0.08762500,0.00600000
2018-02-25 16:03:11,0.08762500,3.81000000
2018-02-25 16:03:11,0.08762500,0.09100000
2018-02-25 16:03:11,0.08762500,0.12500000
2018-02-25 16:03:11,0.08762500,0.05400000
2018-02-25 16:03:11,0.08762500,0.09100000
2018-02-25 16:03:12,0.08762500,0.09100000
2018-02-25 16:03:12,0.08762500,0.33700000
2018-02-25 16:03:12,0.08762500,0.03800000
2018-02-25 16:03:12,0.08757700,0.12300000
2018-02-25 16:03:13,0.08757700,0.00100000
2018-02-25 16:03:13,0.08757600,0.00100000
2018-02-25 16:03:13,0.08757500,1.21700000
2018-02-25 16:03:13,0.08755500,4.52000000
2018-02-25 16:03:13,0.08755000,1.07500000
2018-02-25 16:03:14,0.08757500,0.00100000
2018-02-25 16:03:14,0.08762400,0.04700000
2018-02-25 16:03:14,0.08757500,0.80500000
2018-02-25 16:03:14,0.08762400,0.07600000
2018-02-25 16:03:14,0.08762500,1.92100000
2018-02-25 16:03:14,0.08755100,0.34100000
2018-02-25 16:03:15,0.08762500,2.49100000
2018-02-25 16:03:15,0.08755200,0.12200000
2018-02-25 16:03:15,0.08755100,0.67800000
2018-02-25 16:03:16,0.08762500,0.03600000
2018-02-25 16:03:16,0.08762400,0.06000000
2018-02-25 16:03:16,0.08755100,0.95500000
2018-02-25 16:03:17,0.08762400,0.01800000
2018-02-25 16:03:17,0.08762400,0.04400000
2018-02-25 16:03:17,0.08755200,0.06000000
2018-02-25 16:03:17,0.08755100,1.08000000
2018-02-25 16:03:18,0.08762400,0.02700000
2018-02-25 16:03:18,0.08755200,0.06200000
2018-02-25 16:03:18,0.08755100,0.27900000
2018-02-25 16:03:18,0.08762400,0.01800000
2018-02-25 16:03:18,0.08762400,0.01700000
2018-02-25 16:03:18,0.08762500,0.09700000
2018-02-25 16:03:18,0.08755100,1.13200000
2018-02-25 16:03:18,0.08762500,1.27300000
2018-02-25 16:03:18,0.08762600,0.33600000
2018-02-25 16:03:18,0.08762600,6.67600000
2018-02-25 16:03:19,0.08755200,0.00700000
2018-02-25 16:03:19,0.08755200,0.05500000
2018-02-25 16:03:19,0.08755200,0.03600000
2018-02-25 16:03:19,0.08762500,0.00100000
2018-02-25 16:03:20,0.08755100,0.03500000
2018-02-25 16:03:20,0.08755100,0.03500000
2018-02-25 16:03:21,0.08762500,0.06100000
2018-02-25 16:03:21,0.08762600,0.09800000
2018-02-25 16:03:21,0.08762600,0.07000000
2018-02-25 16:03:22,0.08755200,0.01800000
2018-02-25 16:03:22,0.08755200,0.04400000
2018-02-25 16:03:22,0.08755200,0.03800000
2018-02-25 16:03:23,0.08762500,0.06200000
2018-02-25 16:03:23,0.08762500,0.04500000
2018-02-25 16:03:23,0.08762500,0.00100000
2018-02-25 16:03:23,0.08758100,0.04400000
2018-02-25 16:03:23,0.08758100,0.04500000
2018-02-25 16:03:23,0.08758100,0.01500000
2018-02-25 16:03:23,0.08758100,0.56400000
2018-02-25 16:03:23,0.08762500,0.06200000
2018-02-25 16:03:23,0.08762600,0.05200000
2018-02-25 16:03:25,0.08762600,0.56900000
2018-02-25 16:03:26,0.08762600,0.21600000
2018-02-25 16:03:28,0.08762600,0.05800000
2018-02-25 16:03:30,0.08757700,0.12300000
2018-02-25 16:03:30,0.08757700,0.00100000
2018-02-25 16:03:30,0.08757600,0.33000000
2018-02-25 16:03:30,0.08762600,0.11400000
2018-02-25 16:03:30,0.08757600,0.53800000
2018-02-25 16:03:30,0.08756200,0.60300000
2018-02-25 16:03:31,0.08762500,0.12300000
2018-02-25 16:03:31,0.08757600,0.08300000
2018-02-25 16:03:31,0.08757600,0.60600000
2018-02-25 16:03:31,0.08756200,1.68300000
2018-02-25 16:03:32,0.08756300,0.03100000
2018-02-25 16:03:33,0.08756300,0.09200000
2018-02-25 16:03:33,0.08756200,1.01700000
2018-02-25 16:03:33,0.08762500,0.12300000
2018-02-25 16:03:33,0.08762500,0.00100000
2018-02-25 16:03:33,0.08762600,0.11300000
2018-02-25 16:03:35,0.08756300,0.12300000
2018-02-25 16:03:35,0.08756300,0.00100000
2018-02-25 16:03:35,0.08756200,0.08400000
2018-02-25 16:03:35,0.08756200,1.11100000
2018-02-25 16:03:35,0.08756000,0.03300000
2018-02-25 16:03:35,0.08756000,0.02200000
2018-02-25 16:03:37,0.08762500,0.12300000
2018-02-25 16:03:37,0.08756000,0.03000000
2018-02-25 16:03:37,0.08762500,0.00100000
2018-02-25 16:03:37,0.08762600,0.11300000
2018-02-25 16:03:37,0.08756000,0.00200000
2018-02-25 16:03:37,0.08755200,0.90300000
2018-02-25 16:03:38,0.08755300,0.05700000
2018-02-25 16:03:38,0.08755300,0.06700000
2018-02-25 16:03:38,0.08755200,0.17200000
2018-02-25 16:03:38,0.08755200,2.28900000
2018-02-25 16:03:39,0.08755200,0.09000000
2018-02-25 16:03:39,0.08755200,0.09000000
2018-02-25 16:03:39,0.08755200,0.14200000
2018-02-25 16:03:39,0.08755200,0.92700000
2018-02-25 16:03:39,0.08755200,0.08600000
2018-02-25 16:03:40,0.08755200,1.05700000
2018-02-25 16:03:40,0.08762400,0.04800000
2018-02-25 16:03:41,0.08762400,0.07600000
2018-02-25 16:03:41,0.08755400,0.04800000
2018-02-25 16:03:41,0.08755300,0.21800000
2018-02-25 16:03:41,0.08755200,0.22700000
2018-02-25 16:03:41,0.08755100,0.58000000
2018-02-25 16:03:41,0.08755000,0.07100000
2018-02-25 16:03:42,0.08755000,0.72700000
2018-02-25 16:03:42,0.08753400,0.05300000
2018-02-25 16:03:42,0.08753300,0.09000000
2018-02-25 16:03:42,0.08753200,1.41000000
2018-02-25 16:03:42,0.08753200,0.72400000
2018-02-25 16:03:42,0.08753200,1.29300000
2018-02-25 16:03:42,0.08762500,2.00900000
2018-02-25 16:03:43,0.08757400,0.01500000
2018-02-25 16:03:43,0.08757500,0.07600000
2018-02-25 16:03:43,0.08757400,1.05200000
2018-02-25 16:03:43,0.08762400,0.04800000
2018-02-25 16:03:43,0.08762500,1.09300000
2018-02-25 16:03:45,0.08757400,0.03200000
2018-02-25 16:03:48,0.08762400,0.09500000
2018-02-25 16:03:48,0.08757400,0.04800000
2018-02-25 16:03:49,0.08762400,0.00100000
2018-02-25 16:03:49,0.08762500,0.14700000
2018-02-25 16:03:49,0.08762400,0.01900000
2018-02-25 16:03:50,0.08762400,0.00100000
2018-02-25 16:03:50,0.08762500,0.20300000
2018-02-25 16:03:50,0.08762600,0.32500000
2018-02-25 16:03:50,0.08762400,0.02000000
2018-02-25 16:03:50,0.08762600,0.09400000
2018-02-25 16:03:50,0.08762400,0.02000000
2018-02-25 16:03:50,0.08762600,0.13600000
2018-02-25 16:03:51,0.08762500,0.01200000
2018-02-25 16:03:51,0.08762600,0.00100000
2018-02-25 16:03:52,0.08762600,0.11400000
2018-02-25 16:03:55,0.08762300,0.08500000
2018-02-25 16:03:55,0.08757400,0.00100000
2018-02-25 16:03:55,0.08754100,1.19600000
2018-02-25 16:03:57,0.08762300,0.00200000
2018-02-25 16:03:58,0.08757300,0.06600000
2018-02-25 16:03:58,0.08757400,0.09800000
2018-02-25 16:03:58,0.08762500,0.05200000
2018-02-25 16:03:58,0.08757400,0.02500000
2018-02-25 16:03:59,0.08757500,0.12500000
2018-02-25 16:03:59,0.08762500,0.01400000
2018-02-25 16:03:59,0.08762500,0.10900000
2018-02-25 16:03:59,0.08762500,0.00100000
2018-02-25 16:03:59,0.08762600,0.01300000
2018-02-25 16:03:59,0.08762600,0.09000000
2018-02-25 16:04:00,0.08762600,0.04500000
2018-02-25 16:04:00,0.08762600,0.39900000
2018-02-25 16:04:01,0.08762600,1.59100000
2018-02-25 16:04:01,0.08762600,1.95900000
2018-02-25 16:04:01,0.08762600,9.09700000
2018-02-25 16:04:01,0.08762600,0.11400000
2018-02-25 16:04:01,0.08762600,0.43900000
2018-02-25 16:04:02,0.08762600,0.03700000
2018-02-25 16:04:02,0.08757600,0.12300000
2018-02-25 16:04:02,0.08762600,2.33700000
2018-02-25 16:04:02,0.08762600,2.21900000
2018-02-25 16:04:02,0.08757600,0.00100000
2018-02-25 16:04:02,0.08757500,0.12200000
2018-02-25 16:04:02,0.08762600,0.03000000
2018-02-25 16:04:03,0.08762500,0.01300000
2018-02-25 16:04:04,0.08762500,0.01400000
2018-02-25 16:04:04,0.08762500,0.02900000
2018-02-25 16:04:04,0.08757600,0.02600000
2018-02-25 16:04:04,0.08762500,0.06800000
2018-02-25 16:04:04,0.08762500,0.20900000
2018-02-25 16:04:05,0.08762600,0.32100000
2018-02-25 16:04:05,0.08762500,0.00100000
2018-02-25 16:04:05,0.08762500,0.02500000
2018-02-25 16:04:05,0.08757700,0.09700000
2018-02-25 16:04:05,0.08757700,0.00100000
2018-02-25 16:04:05,0.08757600,0.00100000
2018-02-25 16:04:05,0.08757500,0.09500000
2018-02-25 16:04:05,0.08762600,0.08300000
2018-02-25 16:04:05,0.08762600,0.01600000
2018-02-25 16:04:06,0.08757600,0.02300000
2018-02-25 16:04:06,0.08762600,0.17700000
2018-02-25 16:04:06,0.08762600,0.11700000
2018-02-25 16:04:06,0.08757700,0.02400000
2018-02-25 16:04:06,0.08762600,0.44000000
2018-02-25 16:04:07,0.08762600,0.13000000
2018-02-25 16:04:07,0.08762500,0.07900000
2018-02-25 16:04:08,0.08762500,0.04300000
2018-02-25 16:04:08,0.08757600,0.07900000
2018-02-25 16:04:09,0.08762500,0.07900000
2018-02-25 16:04:10,0.08757500,0.04300000
2018-02-25 16:04:11,0.08757600,0.07900000
2018-02-25 16:04:11,0.08757600,0.00100000
2018-02-25 16:04:11,0.08757500,0.00100000
2018-02-25 16:04:11,0.08757400,0.07700000
2018-02-25 16:04:11,0.08762500,0.01600000
2018-02-25 16:04:11,0.08762500,0.11400000
2018-02-25 16:04:12,0.08757500,0.04200000
2018-02-25 16:04:12,0.08757500,0.00100000
2018-02-25 16:04:12,0.08757400,0.04100000
2018-02-25 16:04:12,0.08757400,0.57500000
2018-02-25 16:04:12,0.08762400,0.02000000
2018-02-25 16:04:13,0.08757500,0.02000000
2018-02-25 16:04:13,0.08757400,1.12400000
2018-02-25 16:04:13,0.08757400,0.58000000
2018-02-25 16:04:14,0.08762300,0.01400000
2018-02-25 16:04:15,0.08757900,0.01300000
2018-02-25 16:04:15,0.08762300,0.04500000
2018-02-25 16:04:16,0.08762400,0.02900000
2018-02-25 16:04:16,0.08762400,0.05200000
2018-02-25 16:04:16,0.08762500,0.08000000
2018-02-25 16:04:16,0.08762500,0.02300000
2018-02-25 16:04:16,0.08762500,0.05300000
2018-02-25 16:04:17,0.08762500,0.19400000
2018-02-25 16:04:17,0.08762500,0.04200000
2018-02-25 16:04:18,0.08758000,0.12400000
2018-02-25 16:04:18,0.08757900,1.02000000
2018-02-25 16:04:18,0.08757900,0.67200000
2018-02-25 16:04:18,0.08757400,0.46900000
2018-02-25 16:04:18,0.08757400,0.18500000
2018-02-25 16:04:18,0.08757400,3.57600000
2018-02-25 16:04:18,0.08757300,0.18400000
2018-02-25 16:04:18,0.08757300,0.67100000
2018-02-25 16:04:18,0.08762600,0.85100000
2018-02-25 16:04:18,0.08762600,0.16800000
2018-02-25 16:04:18,0.08762600,0.16700000
2018-02-25 16:04:18,0.08762600,0.16800000
2018-02-25 16:04:18,0.08757300,0.02600000
2018-02-25 16:04:18,0.08753400,0.17400000
2018-02-25 16:04:18,0.08753400,0.20000000
2018-02-25 16:04:19,0.08762600,1.00000000
2018-02-25 16:04:19,0.08753400,0.86600000
2018-02-25 16:04:19,0.08762500,0.12400000
2018-02-25 16:04:19,0.08762600,0.12300000
2018-02-25 16:04:19,0.08757600,1.10700000
2018-02-25 16:04:20,0.08762600,0.03900000
2018-02-25 16:04:20,0.08762600,0.07100000
2018-02-25 16:04:20,0.08762600,0.18300000
2018-02-25 16:04:20,0.08762600,0.22100000
2018-02-25 16:04:21,0.08762600,0.09000000
2018-02-25 16:04:21,0.08762600,0.01500000
2018-02-25 16:04:21,0.08762600,1.79400000
2018-02-25 16:04:21,0.08762600,0.05100000
2018-02-25 16:04:22,0.08762500,0.21400000
2018-02-25 16:04:22,0.08762500,0.09000000
2018-02-25 16:04:22,0.08762500,0.09000000
2018-02-25 16:04:22,0.08762500,0.09000000
2018-02-25 16:04:23,0.08762500,0.02900000
2018-02-25 16:04:24,0.08762500,0.08100000
2018-02-25 16:04:25,0.08762500,0.02900000
2018-02-25 16:04:25,0.08762500,0.05400000
2018-02-25 16:04:25,0.08762500,0.01600000
2018-02-25 16:04:26,0.08762500,0.02900000
2018-02-25 16:04:26,0.08762500,0.02400000
2018-02-25 16:04:28,0.08757600,0.00100000
2018-02-25 16:04:28,0.08753700,0.06700000
2018-02-25 16:04:28,0.08762500,0.11300000
2018-02-25 16:04:29,0.08753900,0.41900000
2018-02-25 16:04:29,0.08762500,0.11300000
2018-02-25 16:04:29,0.08753900,1.10500000
2018-02-25 16:04:29,0.08762400,0.06700000
2018-02-25 16:04:29,0.08762500,0.11300000
2018-02-25 16:04:30,0.08754000,0.04800000
2018-02-25 16:04:30,0.08762600,1.61900000
2018-02-25 16:04:30,0.08754000,0.28400000
2018-02-25 16:04:30,0.08762600,0.11400000
2018-02-25 16:04:30,0.08762600,0.02100000
2018-02-25 16:04:30,0.08762600,0.02500000
2018-02-25 16:04:30,0.08754000,0.07000000
2018-02-25 16:04:30,0.08762600,0.05600000
2018-02-25 16:04:30,0.08754000,0.04800000
2018-02-25 16:04:31,0.08762600,0.77000000
2018-02-25 16:04:31,0.08754100,0.05100000
2018-02-25 16:04:31,0.08762600,0.04800000
2018-02-25 16:04:31,0.08762600,0.24000000
2018-02-25 16:04:32,0.08762500,0.05100000
2018-02-25 16:04:32,0.08762600,0.06300000
2018-02-25 16:04:32,0.08762600,0.77200000
2018-02-25 16:04:32,0.08762600,1.14000000
2018-02-25 16:04:33,0.08754300,0.12400000
2018-02-25 16:04:33,0.08754200,0.17400000
2018-02-25 16:04:33,0.08754200,1.38000000
2018-02-25 16:04:33,0.08754200,0.01300000
2018-02-25 16:04:33,0.08762600,0.02300000
2018-02-25 16:04:33,0.08762600,0.16400000
2018-02-25 16:04:33,0.08757600,0.06600000
2018-02-25 16:04:34,0.08757600,0.10700000
2018-02-25 16:04:34,0.08757600,0.58000000
2018-02-25 16:04:34,0.08754300,0.10600000
2018-02-25 16:04:34,0.08754300,0.03200000
2018-02-25 16:04:35,0.08754400,0.06600000
2018-02-25 16:04:35,0.08762500,0.12400000
2018-02-25 16:04:35,0.08762600,0.10300000
2018-02-25 16:04:36,0.08762600,0.15000000
2018-02-25 16:04:36,0.08754500,0.03600000
2018-02-25 16:04:39,0.08754500,0.08700000
2018-02-25 16:04:39,0.08754500,0.00100000
2018-02-25 16:04:39,0.08754200,0.01300000
2018-02-25 16:04:40,0.08754200,0.02100000
2018-02-25 16:04:40,0.08754200,0.13500000
2018-02-25 16:04:40,0.08754200,0.37800000
2018-02-25 16:04:40,0.08754200,0.22100000
2018-02-25 16:04:40,0.08754200,0.43900000
2018-02-25 16:04:40,0.08754200,1.47600000
2018-02-25 16:04:40,0.08754000,0.17100000
2018-02-25 16:04:40,0.08753800,0.00600000
2018-02-25 16:04:40,0.08762500,0.03600000
2018-02-25 16:04:40,0.08762600,4.21800000
2018-02-25 16:04:41,0.08753800,0.43000000
2018-02-25 16:04:41,0.08753600,0.00100000
2018-02-25 16:04:41,0.08753700,0.03500000
2018-02-25 16:04:42,0.08762300,0.56900000
2018-02-25 16:04:42,0.08762200,0.03500000
2018-02-25 16:04:42,0.08762300,0.05100000
2018-02-25 16:04:42,0.08753800,0.03900000
2018-02-25 16:04:42,0.08753800,0.02500000
2018-02-25 16:04:44,0.08753900,0.03600000
2018-02-25 16:04:44,0.08753900,0.05500000
2018-02-25 16:04:44,0.08762400,0.03600000
2018-02-25 16:04:44,0.08762400,0.05200000
2018-02-25 16:04:44,0.08762500,0.00200000
2018-02-25 16:04:44,0.08762500,0.05400000
2018-02-25 16:04:44,0.08753800,0.02200000
2018-02-25 16:04:44,0.08762500,0.02600000
2018-02-25 16:04:44,0.08762500,0.05400000
2018-02-25 16:04:44,0.08762500,0.01500000
2018-02-25 16:04:44,0.08762600,0.02300000
2018-02-25 16:04:44,0.08762600,0.05400000
2018-02-25 16:04:44,0.08753800,0.00200000
2018-02-25 16:04:44,0.08753600,0.06100000
2018-02-25 16:04:44,0.08753800,0.01600000
2018-02-25 16:04:44,0.08762600,0.01500000
2018-02-25 16:04:44,0.08762600,0.01500000
2018-02-25 16:04:44,0.08753600,0.39100000
2018-02-25 16:04:45,0.08753600,0.75400000
2018-02-25 16:04:45,0.08753400,0.08000000
2018-02-25 16:04:45,0.08753200,0.02000000
2018-02-25 16:04:45,0.08753100,0.24000000
2018-02-25 16:04:45,0.08753700,0.08800000
2018-02-25 16:04:45,0.08753200,0.02000000
2018-02-25 16:04:45,0.08753100,0.31100000
2018-02-25 16:04:45,0.08762500,0.09900000
2018-02-25 16:04:46,0.08753300,0.03600000
2018-02-25 16:04:46,0.08753200,0.41900000
2018-02-25 16:04:46,0.08753300,0.09000000
2018-02-25 16:04:46,0.08753300,0.00100000
2018-02-25 16:04:46,0.08762400,0.10800000
2018-02-25 16:04:46,0.08762500,0.09900000
2018-02-25 16:04:47,0.08753100,0.09100000
2018-02-25 16:04:47,0.08753200,0.04800000
2018-02-25 16:04:47,0.08753300,0.03900000
2018-02-25 16:04:48,0.08753400,0.03900000
2018-02-25 16:04:48,0.08757400,0.14900000
2018-02-25 16:04:48,0.08757400,0.03300000
2018-02-25 16:04:49,0.08757400,0.03000000
2018-02-25 16:04:49,0.08757400,0.77600000
2018-02-25 16:04:49,0.08757400,0.01500000
2018-02-25 16:04:49,0.08761900,0.23000000
2018-02-25 16:04:50,0.08758800,0.16700000
2018-02-25 16:04:50,0.08758800,1.14400000
2018-02-25 16:04:50,0.08758800,1.68800000
2018-02-25 16:04:51,0.08761800,0.11400000
2018-02-25 16:04:52,0.08761800,0.14500000
2018-02-25 16:04:53,0.08762100,0.04700000
2018-02-25 16:04:53,0.08758800,0.00100000
2018-02-25 16:04:53,0.08757400,0.11400000
2018-02-25 16:04:53,0.08757400,0.08000000
2018-02-25 16:04:53,0.08757400,0.02500000
2018-02-25 16:04:53,0.08753400,0.00100000
2018-02-25 16:04:53,0.08753300,0.04300000
2018-02-25 16:04:54,0.08762100,0.07600000
2018-02-25 16:04:54,0.08762100,0.00100000
2018-02-25 16:04:54,0.08762200,0.05300000
2018-02-25 16:04:54,0.08762200,0.36600000
2018-02-25 16:04:54,0.08762500,1.67400000
2018-02-25 16:04:54,0.08753400,0.04700000
2018-02-25 16:04:54,0.08753300,0.11500000
2018-02-25 16:04:54,0.08753400,0.02000000
2018-02-25 16:04:54,0.08753300,0.22000000
2018-02-25 16:04:54,0.08753400,0.13800000
2018-02-25 16:04:55,0.08753400,0.01500000
2018-02-25 16:04:55,0.08762400,0.01400000
2018-02-25 16:04:55,0.08762400,0.01400000
2018-02-25 16:04:55,0.08762400,0.01400000
2018-02-25 16:04:55,0.08762400,0.00500000
2018-02-25 16:04:55,0.08762500,0.00900000
2018-02-25 16:04:55,0.08762500,0.01400000
2018-02-25 16:04:55,0.08762400,0.03900000
2018-02-25 16:04:55,0.08762500,0.01000000
2018-02-25 16:04:56,0.08762500,0.02900000
2018-02-25 16:04:56,0.08762400,0.01500000
2018-02-25 16:04:56,0.08762500,0.01000000
2018-02-25 16:04:58,0.08762500,0.01400000
2018-02-25 16:04:59,0.08762400,0.09500000
2018-02-25 16:04:59,0.08753400,0.07600000
2018-02-25 16:05:00,0.08762400,0.37800000
2018-02-25 16:05:00,0.08762500,0.07600000
2018-02-25 16:05:01,0.08753600,0.04700000
2018-02-25 16:05:01,0.08762400,0.00100000
2018-02-25 16:05:02,0.08753600,0.99000000
2018-02-25 16:05:02,0.08753500,1.22500000
2018-02-25 16:05:02,0.08762400,0.07400000
2018-02-25 16:05:02,0.08762300,0.04700000
2018-02-25 16:05:02,0.08762300,0.02800000
2018-02-25 16:05:02,0.08762400,0.01900000
2018-02-25 16:05:02,0.08762400,0.02800000
2018-02-25 16:05:02,0.08762400,0.00100000
2018-02-25 16:05:02,0.08762500,0.02700000
2018-02-25 16:05:02,0.08762500,0.26900000
2018-02-25 16:05:03,0.08753600,0.07400000
2018-02-25 16:05:03,0.08762500,1.89300000
2018-02-25 16:05:03,0.08762400,0.04300000
2018-02-25 16:05:03,0.08762400,0.03200000
2018-02-25 16:05:03,0.08762600,0.35100000
2018-02-25 16:05:03,0.08753700,0.04800000
2018-02-25 16:05:03,0.08757400,0.42800000
2018-02-25 16:05:04,0.08762600,0.93700000
2018-02-25 16:05:04,0.08757400,0.11500000
2018-02-25 16:05:04,0.08762500,0.04700000
2018-02-25 16:05:04,0.08757400,0.44500000
2018-02-25 16:05:05,0.08757400,0.05700000
2018-02-25 16:05:05,0.08757400,0.02100000
2018-02-25 16:05:05,0.08757400,0.03000000
2018-02-25 16:05:05,0.08757400,0.09400000
2018-02-25 16:05:05,0.08757400,0.01800000
2018-02-25 16:05:06,0.08762500,0.00100000
2018-02-25 16:05:06,0.08762600,0.03400000
2018-02-25 16:05:06,0.08754600,0.06000000
2018-02-25 16:05:07,0.08762600,0.47200000
2018-02-25 16:05:07,0.08762600,0.22200000
2018-02-25 16:05:07,0.08762500,0.02600000
2018-02-25 16:05:08,0.08762500,0.02900000
2018-02-25 16:05:08,0.08762500,0.00500000
2018-02-25 16:05:08,0.08762600,0.02800000
2018-02-25 16:05:08,0.08762600,0.03300000
2018-02-25 16:05:08,0.08762600,0.02400000
2018-02-25 16:05:08,0.08762600,0.03900000
2018-02-25 16:05:09,0.08753800,0.12300000
2018-02-25 16:05:10,0.08762400,0.12200000
2018-02-25 16:05:14,0.08762400,0.00100000
2018-02-25 16:05:14,0.08762500,0.01000000
2018-02-25 16:05:14,0.08762500,2.05300000
2018-02-25 16:05:15,0.08762500,0.05000000
2018-02-25 16:05:15,0.08762500,0.01500000
2018-02-25 16:05:16,0.08762500,0.04200000
2018-02-25 16:05:25,0.08762500,1.14000000
2018-02-25 16:05:25,0.08762500,0.29700000
2018-02-25 16:05:26,0.08762500,1.14100000
2018-02-25 16:05:26,0.08762500,0.63800000
2018-02-25 16:05:26,0.08762500,0.07900000
2018-02-25 16:05:27,0.08757700,0.12400000
2018-02-25 16:05:28,0.08762500,0.02600000
2018-02-25 16:05:28,0.08757600,0.05500000
2018-02-25 16:05:28,0.08757600,0.32700000
2018-02-25 16:05:28,0.08757500,0.04900000
2018-02-25 16:05:28,0.08757500,0.02200000
2018-02-25 16:05:28,0.08762500,0.09100000
2018-02-25 16:05:28,0.08757500,0.18700000
2018-02-25 16:05:29,0.08762500,0.03400000
2018-02-25 16:05:29,0.08762600,0.09100000
2018-02-25 16:05:29,0.08762600,10.51500000
2018-02-25 16:05:29,0.08762600,0.24800000
2018-02-25 16:05:29,0.08758000,0.38200000
2018-02-25 16:05:30,0.08757500,0.64600000
2018-02-25 16:05:30,0.08758000,0.05400000
2018-02-25 16:05:33,0.08754200,0.02300000
2018-02-25 16:05:33,0.08754200,0.04400000
2018-02-25 16:05:37,0.08758000,0.00100000
2018-02-25 16:05:37,0.08762400,0.41800000
2018-02-25 16:05:37,0.08762500,13.20200000
2018-02-25 16:05:37,0.08762600,1.39100000
2018-02-25 16:05:38,0.08762600,0.18100000
2018-02-25 16:05:38,0.08762600,0.07100000
2018-02-25 16:05:39,0.08762600,1.12700000
2018-02-25 16:05:40,0.08762600,3.59200000
2018-02-25 16:05:40,0.08762500,0.03400000
2018-02-25 16:05:40,0.08762500,0.00200000
2018-02-25 16:05:40,0.08754600,0.03300000
2018-02-25 16:05:41,0.08762600,0.31700000
2018-02-25 16:05:41,0.08762500,0.03300000
2018-02-25 16:05:41,0.08762600,22.73500000
2018-02-25 16:05:42,0.08762600,1.14100000
2018-02-25 16:05:42,0.08762600,0.03900000
2018-02-25 16:05:42,0.08762600,2.25000000
2018-02-25 16:05:43,0.08762600,0.43600000
2018-02-25 16:05:43,0.08762600,0.67100000
2018-02-25 16:05:44,0.08754600,0.12400000
2018-02-25 16:05:44,0.08754500,0.17100000
2018-02-25 16:05:44,0.08754400,1.99500000
2018-02-25 16:05:44,0.08762600,0.09800000
2018-02-25 16:05:44,0.08762500,0.04600000
2018-02-25 16:05:44,0.08762500,0.07800000
2018-02-25 16:05:44,0.08762600,0.58400000
2018-02-25 16:05:44,0.08754400,1.13800000
2018-02-25 16:05:46,0.08754500,0.12400000
2018-02-25 16:05:46,0.08754400,0.02600000
2018-02-25 16:05:47,0.08762500,0.12300000
2018-02-25 16:05:49,0.08757500,0.33000000
2018-02-25 16:05:49,0.08757600,0.12200000
2018-02-25 16:05:49,0.08762500,0.00100000
2018-02-25 16:05:49,0.08762600,0.09000000
2018-02-25 16:05:49,0.08762600,1.62800000
2018-02-25 16:05:50,0.08757600,0.00100000
2018-02-25 16:05:50,0.08757500,0.01900000
2018-02-25 16:05:50,0.08762600,0.28500000
2018-02-25 16:05:50,0.08762500,0.12200000
2018-02-25 16:05:50,0.08757500,0.12500000
2018-02-25 16:05:51,0.08757600,0.12200000
2018-02-25 16:05:51,0.08762500,0.00100000
2018-02-25 16:05:51,0.08762600,0.53800000
2018-02-25 16:05:52,0.08762600,1.14100000
2018-02-25 16:05:52,0.08762500,0.03300000
2018-02-25 16:05:52,0.08762500,0.08800000
2018-02-25 16:05:52,0.08757600,0.67800000
2018-02-25 16:05:53,0.08757700,0.12200000
2018-02-25 16:05:53,0.08757600,1.02200000
2018-02-25 16:05:53,0.08757600,0.30100000
2018-02-25 16:05:53,0.08757600,0.30100000
2018-02-25 16:05:53,0.08757600,0.06100000
2018-02-25 16:05:53,0.08762500,0.00100000
2018-02-25 16:05:53,0.08762600,0.06700000
2018-02-25 16:05:54,0.08762500,0.12300000
2018-02-25 16:05:54,0.08762600,0.80600000
2018-02-25 16:05:54,0.08757600,0.84000000
2018-02-25 16:05:54,0.08757600,0.12200000
2018-02-25 16:05:54,0.08762600,0.06500000
2018-02-25 16:05:56,0.08762600,5.96900000
2018-02-25 16:05:56,0.08762600,0.12800000
2018-02-25 16:05:56,0.08762600,0.67200000
2018-02-25 16:05:57,0.08762600,0.04200000
2018-02-25 16:05:58,0.08762600,1.38900000
2018-02-25 16:05:58,0.08762600,0.01600000
2018-02-25 16:05:59,0.08758000,0.12300000
2018-02-25 16:06:01,0.08762500,0.09200000
2018-02-25 16:06:01,0.08762500,0.02500000
2018-02-25 16:06:02,0.08758100,0.11800000
2018-02-25 16:06:02,0.08758000,0.31700000
2018-02-25 16:06:02,0.08762500,0.00600000
2018-02-25 16:06:02,0.08762600,0.04000000
2018-02-25 16:06:02,0.08758000,0.02600000
2018-02-25 16:06:03,0.08762600,0.09200000
2018-02-25 16:06:03,0.08762500,0.11900000
2018-02-25 16:06:03,0.08762600,0.03200000
2018-02-25 16:06:03,0.08762600,0.11800000
2018-02-25 16:06:03,0.08762600,0.01700000
2018-02-25 16:06:03,0.08762600,0.09200000
2018-02-25 16:06:03,0.08762600,0.09200000
2018-02-25 16:06:04,0.08758000,0.04300000
2018-02-25 16:06:04,0.08762500,0.16300000
2018-02-25 16:06:05,0.08762500,0.06800000
2018-02-25 16:06:06,0.08762500,0.17500000
2018-02-25 16:06:06,0.08762500,0.00100000
2018-02-25 16:06:06,0.08762600,0.65100000
2018-02-25 16:06:07,0.08762600,4.21600000
2018-02-25 16:06:07,0.08758100,0.12300000
2018-02-25 16:06:09,0.08762500,0.11400000
2018-02-25 16:06:10,0.08758200,0.11400000
2018-02-25 16:06:10,0.08758200,0.00100000
2018-02-25 16:06:10,0.08758100,0.00100000
2018-02-25 16:06:10,0.08758000,0.05600000
2018-02-25 16:06:11,0.08758000,0.36700000
2018-02-25 16:06:11,0.08758000,1.58400000
2018-02-25 16:06:11,0.08762500,0.12400000
2018-02-25 16:06:12,0.08758100,0.12200000
2018-02-25 16:06:12,0.08758100,0.24200000
2018-02-25 16:06:13,0.08762500,0.00100000
2018-02-25 16:06:13,0.08762600,4.75400000
2018-02-25 16:06:13,0.08758100,0.05800000
2018-02-25 16:06:13,0.08762500,0.12200000
2018-02-25 16:06:13,0.08762500,0.03400000
2018-02-25 16:06:14,0.08758200,0.04800000
2018-02-25 16:06:14,0.08758200,0.07400000
2018-02-25 16:06:15,0.08762500,0.12800000
2018-02-25 16:06:15,0.08762600,16.47000000
2018-02-25 16:06:15,0.08762600,0.04800000
2018-02-25 16:06:15,0.08762600,0.05400000
2018-02-25 16:06:15,0.08762600,0.18400000
2018-02-25 16:06:15,0.08762600,0.12100000
2018-02-25 16:06:15,0.08762600,2.02000000
2018-02-25 16:06:15,0.08762600,1.00000000
2018-02-25 16:06:15,0.08762600,0.91200000
2018-02-25 16:06:16,0.08762600,0.43000000
2018-02-25 16:06:16,0.08762600,0.08900000
2018-02-25 16:06:16,0.08758300,0.13600000
2018-02-25 16:06:17,0.08758400,0.02400000
2018-02-25 16:06:17,0.08758400,0.09900000
2018-02-25 16:06:17,0.08758400,0.00100000
2018-02-25 16:06:17,0.08758300,0.02600000
2018-02-25 16:06:17,0.08758300,1.63400000
2018-02-25 16:06:18,0.08762600,20.60000000
2018-02-25 16:06:18,0.08762500,0.09000000
2018-02-25 16:06:19,0.08758500,0.09000000
2018-02-25 16:06:19,0.08758500,0.09200000
2018-02-25 16:06:19,0.08758500,0.03800000
2018-02-25 16:06:19,0.08762500,0.03400000
2018-02-25 16:06:19,0.08762600,0.05700000
2018-02-25 16:06:19,0.08758300,0.14700000
2018-02-25 16:06:19,0.08762600,0.12900000
2018-02-25 16:06:19,0.08762600,0.02800000
2018-02-25 16:06:19,0.08762600,0.12900000
2018-02-25 16:06:19,0.08762600,0.01800000
2018-02-25 16:06:19,0.08762600,0.01800000
2018-02-25 16:06:19,0.08762600,0.01800000
2018-02-25 16:06:19,0.08758300,0.56900000
2018-02-25 16:06:19,0.08758300,0.11900000
2018-02-25 16:06:19,0.08758300,0.77600000
2018-02-25 16:06:19,0.08762600,1.88500000
2018-02-25 16:06:19,0.08758300,0.00300000
2018-02-25 16:06:19,0.08758100,0.00100000
2018-02-25 16:06:19,0.08758000,0.19500000
2018-02-25 16:06:19,0.08758000,0.02400000
2018-02-25 16:06:19,0.08758000,0.04800000
2018-02-25 16:06:19,0.08757900,0.02300000
2018-02-25 16:06:20,0.08757900,0.11100000
2018-02-25 16:06:20,0.08762200,0.71100000
2018-02-25 16:06:20,0.08762500,0.09000000
2018-02-25 16:06:20,0.08762600,3.43700000
2018-02-25 16:06:20,0.08762600,0.14700000
2018-02-25 16:06:21,0.08762600,1.34600000
2018-02-25 16:06:21,0.08757900,0.00100000
2018-02-25 16:06:21,0.08757600,0.02300000
2018-02-25 16:06:22,0.08762600,0.02200000
2018-02-25 16:06:22,0.08762600,0.04400000
2018-02-25 16:06:22,0.08762500,0.02300000
2018-02-25 16:06:22,0.08762600,3.78600000
2018-02-25 16:06:22,0.08757700,0.09900000
2018-02-25 16:06:22,0.08757700,0.00200000
2018-02-25 16:06:22,0.08757500,0.67700000
2018-02-25 16:06:23,0.08757700,0.01500000
2018-02-25 16:06:23,0.08757700,0.00100000
2018-02-25 16:06:23,0.08762600,0.01400000
2018-02-25 16:06:23,0.08762600,0.01500000
2018-02-25 16:06:23,0.08762600,0.01500000
2018-02-25 16:06:23,0.08762500,0.10100000
2018-02-25 16:06:23,0.08762600,0.90500000
2018-02-25 16:06:25,0.08762600,0.02900000
2018-02-25 16:06:25,0.08762600,2.87100000
2018-02-25 16:06:25,0.08762600,0.90500000
2018-02-25 16:06:26,0.08757500,0.00100000
2018-02-25 16:06:26,0.08754700,0.02000000
2018-02-25 16:06:26,0.08762600,0.45600000
2018-02-25 16:06:26,0.08754700,0.00300000
2018-02-25 16:06:26,0.08754600,1.36600000
2018-02-25 16:06:26,0.08762600,1.09900000
2018-02-25 16:06:27,0.08757600,0.06700000
2018-02-25 16:06:27,0.08762500,0.02300000
2018-02-25 16:06:27,0.08762600,4.56300000
2018-02-25 16:06:27,0.08762600,0.24200000
2018-02-25 16:06:28,0.08762600,2.23200000
2018-02-25 16:06:28,0.08762600,2.23200000
2018-02-25 16:06:28,0.08762600,0.32200000
2018-02-25 16:06:28,0.08762600,0.19400000
2018-02-25 16:06:29,0.08762600,0.80100000
2018-02-25 16:06:29,0.08758100,0.07900000
2018-02-25 16:06:29,0.08758100,0.00200000
2018-02-25 16:06:29,0.08762600,0.07700000
2018-02-25 16:06:29,0.08762600,0.08100000
2018-02-25 16:06:29,0.08762600,0.09200000
2018-02-25 16:06:29,0.08762600,0.09200000
2018-02-25 16:06:29,0.08762600,0.09200000
2018-02-25 16:06:30,0.08762600,0.09200000
2018-02-25 16:06:30,0.08762600,0.09200000
2018-02-25 16:06:30,0.08762600,0.09200000
2018-02-25 16:06:30,0.08757600,0.05900000
2018-02-25 16:06:31,0.08762600,0.09200000
2018-02-25 16:06:31,0.08757600,0.41300000
2018-02-25 16:06:31,0.08757600,0.01400000
2018-02-25 16:06:31,0.08757600,0.21500000
2018-02-25 16:06:31,0.08762500,0.17900000
2018-02-25 16:06:32,0.08762500,0.03300000
2018-02-25 16:06:32,0.08757600,0.03000000
2018-02-25 16:06:32,0.08754900,0.12400000
2018-02-25 16:06:32,0.08754800,0.04700000
2018-02-25 16:06:32,0.08762500,0.28100000
2018-02-25 16:06:32,0.08762500,0.00100000
2018-02-25 16:06:32,0.08762600,2.82800000
2018-02-25 16:06:32,0.08762600,3.01000000
2018-02-25 16:06:33,0.08754800,0.03200000
2018-02-25 16:06:33,0.08762500,0.12400000
2018-02-25 16:06:33,0.08762600,0.27200000
2018-02-25 16:06:34,0.08762600,0.22900000
2018-02-25 16:06:34,0.08762500,0.09700000
2018-02-25 16:06:34,0.08762500,0.00100000
2018-02-25 16:06:34,0.08762600,0.07600000
2018-02-25 16:06:34,0.08754900,0.10400000
2018-02-25 16:06:34,0.08762600,1.29300000
2018-02-25 16:06:34,0.08762600,1.29500000
2018-02-25 16:06:34,0.08762600,0.02900000
2018-02-25 16:06:34,0.08762600,1.17700000
2018-02-25 16:06:34,0.08762600,0.70800000
2018-02-25 16:06:35,0.08762500,0.08300000
2018-02-25 16:06:35,0.08762500,0.01300000
2018-02-25 16:06:37,0.08762500,0.00800000
2018-02-25 16:06:37,0.08762600,0.08200000
2018-02-25 16:06:37,0.08762600,1.49800000
2018-02-25 16:06:38,0.08762600,1.14100000
2018-02-25 16:06:38,0.08762600,0.63100000
2018-02-25 16:06:38,0.08754900,0.11500000
2018-02-25 16:06:38,0.08762600,2.21500000
2018-02-25 16:06:39,0.08762600,0.01400000
2018-02-25 16:06:39,0.08762500,0.02100000
2018-02-25 16:06:39,0.08762500,0.09300000
2018-02-25 16:06:40,0.08762500,0.00100000
2018-02-25 16:06:40,0.08762600,1.49900000
2018-02-25 16:06:40,0.08755000,0.12200000
2018-02-25 16:06:41,0.08757600,0.00100000
2018-02-25 16:06:41,0.08762500,0.04900000
2018-02-25 16:06:41,0.08757600,0.31000000
2018-02-25 16:06:41,0.08762500,0.07300000
2018-02-25 16:06:41,0.08762600,0.04100000
2018-02-25 16:06:42,0.08762600,0.09000000
2018-02-25 16:06:42,0.08757600,0.12300000
2018-02-25 16:06:42,0.08762600,1.25800000
2018-02-25 16:06:42,0.08762500,0.21000000
2018-02-25 16:06:43,0.08762500,0.00100000
2018-02-25 16:06:43,0.08757600,0.06900000
2018-02-25 16:06:43,0.08757600,0.14000000
2018-02-25 16:06:43,0.08757600,0.02800000
2018-02-25 16:06:43,0.08757600,0.03500000
2018-02-25 16:06:44,0.08762600,0.12000000
2018-02-25 16:06:44,0.08757600,0.13200000
2018-02-25 16:06:44,0.08762600,0.46800000
2018-02-25 16:06:44,0.08757600,0.00100000
2018-02-25 16:06:44,0.08754900,0.02500000
2018-02-25 16:06:44,0.08754900,0.02800000
2018-02-25 16:06:45,0.08762500,0.05300000
2018-02-25 16:06:45,0.08762600,0.09100000
2018-02-25 16:06:45,0.08762600,1.04400000
2018-02-25 16:06:45,0.08757200,0.05800000
2018-02-25 16:06:45,0.08762600,0.30200000
2018-02-25 16:06:45,0.08757200,0.03300000
2018-02-25 16:06:45,0.08757200,0.40600000
2018-02-25 16:06:45,0.08755000,0.03200000
2018-02-25 16:06:45,0.08762600,1.00000000
2018-02-25 16:06:45,0.08762600,0.92800000
2018-02-25 16:06:45,0.08755000,0.03900000
2018-02-25 16:06:45,0.08754900,0.21600000
2018-02-25 16:06:45,0.08754800,0.17900000
2018-02-25 16:06:46,0.08762600,1.14100000
2018-02-25 16:06:46,0.08762600,1.04000000
2018-02-25 16:06:46,0.08762600,1.32000000
2018-02-25 16:06:46,0.08762500,0.07100000
2018-02-25 16:06:46,0.08762600,0.50000000
2018-02-25 16:06:47,0.08762600,1.14100000
2018-02-25 16:06:47,0.08762600,0.05800000
2018-02-25 16:06:47,0.08762600,1.29200000
2018-02-25 16:06:47,0.08762600,0.57100000
2018-02-25 16:06:47,0.08762600,0.05400000
2018-02-25 16:06:47,0.08762600,0.84900000
2018-02-25 16:06:48,0.08762600,0.26400000
2018-02-25 16:06:48,0.08762600,0.57100000
2018-02-25 16:06:48,0.08762600,1.14100000
2018-02-25 16:06:48,0.08762600,7.49100000
2018-02-25 16:06:48,0.08755600,0.12300000
2018-02-25 16:06:48,0.08755600,0.00100000
2018-02-25 16:06:48,0.08755500,0.06600000
2018-02-25 16:06:48,0.08755400,0.01100000
2018-02-25 16:06:48,0.08755400,0.07800000
2018-02-25 16:06:48,0.08755400,0.08100000
2018-02-25 16:06:48,0.08755400,0.07800000
2018-02-25 16:06:48,0.08762600,0.27600000
2018-02-25 16:06:49,0.08762600,1.14100000
2018-02-25 16:06:49,0.08762500,0.12400000
2018-02-25 16:06:49,0.08762600,8.73400000
2018-02-25 16:06:49,0.08762500,0.21200000
2018-02-25 16:06:49,0.08762500,0.22100000
2018-02-25 16:06:49,0.08762600,0.08800000
2018-02-25 16:06:49,0.08762600,0.00100000
2018-02-25 16:06:49,0.08762500,0.03100000
2018-02-25 16:06:50,0.08762500,0.18900000
2018-02-25 16:06:50,0.08762600,0.18800000
2018-02-25 16:06:50,0.08762600,0.11000000
2018-02-25 16:06:50,0.08762600,0.01500000
2018-02-25 16:06:50,0.08762600,0.57100000
2018-02-25 16:06:50,0.08762600,0.16000000
2018-02-25 16:06:50,0.08762600,0.01500000
2018-02-25 16:06:50,0.08762600,0.10700000
2018-02-25 16:06:52,0.08762600,0.03600000
2018-02-25 16:06:52,0.08762600,0.89300000
2018-02-25 16:06:52,0.08762600,0.01900000
2018-02-25 16:06:52,0.08762600,0.24200000
2018-02-25 16:06:52,0.08762600,0.03300000
2018-02-25 16:06:52,0.08762600,0.03500000
2018-02-25 16:06:52,0.08762600,0.01900000
2018-02-25 16:06:52,0.08755500,0.01700000
2018-02-25 16:06:53,0.08758000,0.29400000
2018-02-25 16:06:53,0.08758000,0.14100000
2018-02-25 16:06:53,0.08762600,0.29300000
2018-02-25 16:06:53,0.08762500,0.01700000
2018-02-25 16:06:53,0.08762600,0.01300000
2018-02-25 16:06:54,0.08762600,0.30100000
2018-02-25 16:06:54,0.08762600,0.01000000
2018-02-25 16:06:54,0.08762600,0.19000000
2018-02-25 16:06:54,0.08762600,0.04800000
2018-02-25 16:06:55,0.08762600,0.02700000
2018-02-25 16:06:56,0.08762600,7.40800000
2018-02-25 16:06:57,0.08762600,0.08100000
2018-02-25 16:06:57,0.08762600,5.00000000
2018-02-25 16:06:57,0.08757700,0.12400000
2018-02-25 16:06:57,0.08757700,0.08900000
2018-02-25 16:06:57,0.08757700,0.00700000
2018-02-25 16:06:57,0.08762600,2.70600000
2018-02-25 16:06:57,0.08762600,0.06300000
2018-02-25 16:06:58,0.08762500,0.07200000
2018-02-25 16:06:59,0.08762500,0.05100000
2018-02-25 16:06:59,0.08762500,0.00100000
2018-02-25 16:06:59,0.08762600,0.05000000
2018-02-25 16:06:59,0.08762600,0.44000000
2018-02-25 16:07:00,0.08759100,0.06900000
2018-02-25 16:07:00,0.08762500,0.11400000
2018-02-25 16:07:00,0.08762500,0.12300000
2018-02-25 16:07:00,0.08759100,0.70200000
2018-02-25 16:07:00,0.08757700,1.58900000
2018-02-25 16:07:01,0.08758800,0.70400000
2018-02-25 16:07:01,0.08762600,1.29300000
2018-02-25 16:07:01,0.08762600,0.03300000
2018-02-25 16:07:01,0.08757800,0.01300000
2018-02-25 16:07:01,0.08757800,0.11100000
2018-02-25 16:07:01,0.08757700,1.03000000
2018-02-25 16:07:01,0.08762600,0.12300000
2018-02-25 16:07:01,0.08762600,0.11300000
2018-02-25 16:07:01,0.08762600,0.19200000
2018-02-25 16:07:01,0.08757700,0.21800000
2018-02-25 16:07:01,0.08757700,0.03300000
2018-02-25 16:07:01,0.08757700,0.35000000
2018-02-25 16:07:01,0.08757600,0.35400000
2018-02-25 16:07:01,0.08762600,0.02000000
2018-02-25 16:07:02,0.08762500,0.12400000
2018-02-25 16:07:02,0.08762600,5.07300000
2018-02-25 16:07:02,0.08762600,0.12300000
2018-02-25 16:07:02,0.08757600,0.05600000
2018-02-25 16:07:02,0.08762600,0.11400000
2018-02-25 16:07:02,0.08762600,0.07100000
2018-02-25 16:07:02,0.08762600,0.11400000
2018-02-25 16:07:02,0.08762600,2.00900000
2018-02-25 16:07:02,0.08759100,0.06900000
2018-02-25 16:07:02,0.08759100,0.68000000
2018-02-25 16:07:02,0.08757600,0.08200000
2018-02-25 16:07:03,0.08757600,0.10700000
2018-02-25 16:07:03,0.08759100,2.27400000
2018-02-25 16:07:03,0.08759100,0.00100000
2018-02-25 16:07:03,0.08762600,5.19600000
2018-02-25 16:07:03,0.08762600,0.12500000
2018-02-25 16:07:04,0.08762600,0.09600000
2018-02-25 16:07:04,0.08762600,2.23700000
2018-02-25 16:07:04,0.08762600,0.11400000
2018-02-25 16:07:05,0.08762600,84.64600000
2018-02-25 16:07:06,0.08762600,0.18400000
2018-02-25 16:07:06,0.08762600,0.22000000
2018-02-25 16:07:06,0.08762600,0.11400000
2018-02-25 16:07:07,0.08762600,0.21200000
2018-02-25 16:07:08,0.08759100,0.74600000
2018-02-25 16:07:08,0.08762600,20.01500000
2018-02-25 16:07:08,0.08762600,2.52300000
2018-02-25 16:07:08,0.08762600,0.05400000
2018-02-25 16:07:08,0.08762600,0.39300000
2018-02-25 16:07:08,0.08762600,44.52200000
2018-02-25 16:07:08,0.08763200,6.34400000
2018-02-25 16:07:08,0.08763300,0.10800000
2018-02-25 16:07:08,0.08763400,0.11700000
2018-02-25 16:07:08,0.08763700,0.36400000
2018-02-25 16:07:08,0.08763800,0.69200000
2018-02-25 16:07:09,0.08764000,0.35700000
2018-02-25 16:07:09,0.08764000,0.00100000
2018-02-25 16:07:09,0.08764100,0.12400000
2018-02-25 16:07:09,0.08764700,0.45700000
2018-02-25 16:07:09,0.08765000,0.21600000
2018-02-25 16:07:09,0.08765600,0.10500000
2018-02-25 16:07:09,0.08765900,0.15000000
2018-02-25 16:07:09,0.08766300,0.10100000
2018-02-25 16:07:09,0.08766800,0.26300000
2018-02-25 16:07:09,0.08769600,0.32800000
2018-02-25 16:07:09,0.08771100,0.42400000
2018-02-25 16:07:09,0.08772200,0.67300000
2018-02-25 16:07:09,0.08772400,0.01500000
2018-02-25 16:07:09,0.08773000,0.53600000
2018-02-25 16:07:09,0.08774900,0.06600000
2018-02-25 16:07:09,0.08774900,0.10000000
2018-02-25 16:07:09,0.08774900,0.03000000
2018-02-25 16:07:09,0.08774900,0.02000000
2018-02-25 16:07:09,0.08774900,0.10000000
2018-02-25 16:07:09,0.08774900,0.02000000
2018-02-25 16:07:09,0.08774900,0.10000000
2018-02-25 16:07:09,0.08774900,0.02000000
2018-02-25 16:07:09,0.08774900,0.10000000
2018-02-25 16:07:09,0.08774900,0.02000000
2018-02-25 16:07:09,0.08774900,0.10000000
2018-02-25 16:07:09,0.08774900,0.02000000
2018-02-25 16:07:09,0.08774900,0.22600000
2018-02-25 16:07:09,0.08774900,0.10900000
2018-02-25 16:07:09,0.08774900,0.11100000
2018-02-25 16:07:09,0.08774900,0.55600000
2018-02-25 16:07:09,0.08774900,0.10700000
2018-02-25 16:07:10,0.08775000,0.36900000
2018-02-25 16:07:10,0.08760700,0.03600000
2018-02-25 16:07:10,0.08762500,0.04300000
2018-02-25 16:07:10,0.08762500,0.08700000
2018-02-25 16:07:10,0.08761200,0.79000000
2018-02-25 16:07:10,0.08761200,0.08200000
2018-02-25 16:07:10,0.08762500,0.08700000
2018-02-25 16:07:10,0.08762500,0.12300000
2018-02-25 16:07:10,0.08762500,0.00600000
2018-02-25 16:07:11,0.08770000,0.03400000
2018-02-25 16:07:11,0.08770000,0.03700000
2018-02-25 16:07:11,0.08770000,0.08700000
2018-02-25 16:07:11,0.08770000,0.41000000
2018-02-25 16:07:11,0.08770000,0.27000000
2018-02-25 16:07:11,0.08761200,0.13400000
2018-02-25 16:07:11,0.08761200,0.04000000
2018-02-25 16:07:11,0.08761200,0.02600000
2018-02-25 16:07:11,0.08760700,0.06000000
2018-02-25 16:07:11,0.08761200,0.08000000
2018-02-25 16:07:11,0.08760700,0.02800000
2018-02-25 16:07:11,0.08760400,0.42800000
2018-02-25 16:07:11,0.08760400,0.05900000
2018-02-25 16:07:11,0.08761200,0.15000000
2018-02-25 16:07:11,0.08760400,0.65200000
2018-02-25 16:07:13,0.08763500,0.87200000
2018-02-25 16:07:13,0.08764000,0.26800000
2018-02-25 16:07:13,0.08764000,1.08300000
2018-02-25 16:07:16,0.08764000,0.00100000
2018-02-25 16:07:16,0.08772400,0.02800000
2018-02-25 16:07:16,0.08772500,0.82600000
2018-02-25 16:07:16,0.08762100,0.63200000
2018-02-25 16:07:17,0.08772400,0.07400000
2018-02-25 16:07:17,0.08762400,0.02700000
2018-02-25 16:07:17,0.08762500,5.23400000
2018-02-25 16:07:18,0.08763000,0.33000000
2018-02-25 16:07:18,0.08763000,0.13700000
2018-02-25 16:07:18,0.08763000,0.00300000
2018-02-25 16:07:18,0.08762500,0.02300000
2018-02-25 16:07:18,0.08762400,0.00100000
2018-02-25 16:07:18,0.08762300,0.03600000
2018-02-25 16:07:18,0.08762200,0.07600000
2018-02-25 16:07:18,0.08762500,0.01900000
2018-02-25 16:07:18,0.08762500,0.00100000
2018-02-25 16:07:18,0.08762100,0.00300000
2018-02-25 16:07:18,0.08762000,0.03600000
2018-02-25 16:07:18,0.08760600,0.18000000
2018-02-25 16:07:18,0.08759200,0.12800000
2018-02-25 16:07:19,0.08762700,0.01300000
2018-02-25 16:07:19,0.08762700,0.00700000
2018-02-25 16:07:19,0.08762600,0.01200000
2018-02-25 16:07:19,0.08762700,0.01300000
2018-02-25 16:07:19,0.08762700,0.00700000
2018-02-25 16:07:19,0.08762600,0.01200000
2018-02-25 16:07:19,0.08762700,0.01300000
2018-02-25 16:07:19,0.08760600,0.01900000
2018-02-25 16:07:20,0.08761100,0.60000000
2018-02-25 16:07:21,0.08761200,0.07500000
2018-02-25 16:07:21,0.08761200,0.16300000
2018-02-25 16:07:22,0.08761200,0.10100000
2018-02-25 16:07:22,0.08761200,0.07000000
2018-02-25 16:07:22,0.08760700,0.02000000
2018-02-25 16:07:22,0.08759800,0.15000000
2018-02-25 16:07:22,0.08759100,0.30400000
2018-02-25 16:07:23,0.08761400,0.01900000
2018-02-25 16:07:23,0.08770400,0.02000000
2018-02-25 16:07:24,0.08759400,0.02600000
2018-02-25 16:07:24,0.08762600,1.30000000
2018-02-25 16:07:24,0.08769900,0.11800000
2018-02-25 16:07:24,0.08769900,0.05800000
2018-02-25 16:07:24,0.08769900,1.29800000
2018-02-25 16:07:24,0.08761100,0.02200000
2018-02-25 16:07:24,0.08769900,1.29900000
2018-02-25 16:07:24,0.08769900,0.11400000
2018-02-25 16:07:25,0.08764900,1.13500000
2018-02-25 16:07:25,0.08764600,0.00100000
2018-02-25 16:07:26,0.08765000,0.09100000
2018-02-25 16:07:26,0.08765000,0.00200000
2018-02-25 16:07:26,0.08761200,0.08900000
2018-02-25 16:07:26,0.08761200,0.03900000
2018-02-25 16:07:26,0.08765000,0.22400000
2018-02-25 16:07:26,0.08765000,0.06000000
2018-02-25 16:07:27,0.08765000,0.06000000
2018-02-25 16:07:27,0.08765000,0.12500000
2018-02-25 16:07:30,0.08769600,0.11700000
2018-02-25 16:07:30,0.08769700,0.12800000
2018-02-25 16:07:30,0.08769800,0.67600000
2018-02-25 16:07:30,0.08772100,0.03600000
2018-02-25 16:07:30,0.08772600,0.02000000
2018-02-25 16:07:30,0.08772700,0.03600000
2018-02-25 16:07:30,0.08773500,0.15000000
2018-02-25 16:07:30,0.08774200,0.03000000
2018-02-25 16:07:30,0.08774900,0.13900000
2018-02-25 16:07:30,0.08775000,0.11700000
2018-02-25 16:07:30,0.08765100,0.09800000
2018-02-25 16:07:30,0.08765100,0.01700000
2018-02-25 16:07:30,0.08765100,0.02000000
2018-02-25 16:07:30,0.08765100,0.00200000
2018-02-25 16:07:31,0.08765100,0.01600000
2018-02-25 16:07:31,0.08765000,0.22100000
2018-02-25 16:07:31,0.08765000,0.22100000
2018-02-25 16:07:31,0.08774600,0.14300000
2018-02-25 16:07:32,0.08772600,0.02700000
2018-02-25 16:07:32,0.08772600,0.00900000
2018-02-25 16:07:32,0.08765200,0.01900000
2018-02-25 16:07:32,0.08765200,0.01700000
2018-02-25 16:07:32,0.08765100,0.01800000
2018-02-25 16:07:32,0.08765300,0.12300000
2018-02-25 16:07:32,0.08765300,0.00100000
2018-02-25 16:07:32,0.08765100,0.02600000
2018-02-25 16:07:32,0.08765100,0.04300000
2018-02-25 16:07:32,0.08765100,0.49400000
2018-02-25 16:07:32,0.08765100,0.71300000
2018-02-25 16:07:32,0.08769900,0.12100000
2018-02-25 16:07:32,0.08769900,0.69000000
2018-02-25 16:07:32,0.08765100,0.26100000
2018-02-25 16:07:32,0.08765100,0.17600000
2018-02-25 16:07:32,0.08765000,0.22200000
2018-02-25 16:07:32,0.08769900,0.08600000
2018-02-25 16:07:32,0.08765000,0.18200000
2018-02-25 16:07:33,0.08769900,0.25500000
2018-02-25 16:07:33,0.08765100,0.16500000
2018-02-25 16:07:33,0.08769900,0.21300000
2018-02-25 16:07:33,0.08774300,0.12400000
2018-02-25 16:07:33,0.08774400,0.03600000
2018-02-25 16:07:33,0.08774500,0.02400000
2018-02-25 16:07:33,0.08774600,0.00100000
2018-02-25 16:07:33,0.08775000,0.43700000
2018-02-25 16:07:34,0.08765000,0.14700000
2018-02-25 16:07:34,0.08774500,0.57100000
2018-02-25 16:07:34,0.08765100,0.02200000
2018-02-25 16:07:35,0.08765300,0.02700000
2018-02-25 16:07:35,0.08765300,0.00900000
2018-02-25 16:07:35,0.08765100,0.00200000
2018-02-25 16:07:35,0.08765000,0.00700000
2018-02-25 16:07:35,0.08764000,0.41600000
2018-02-25 16:07:35,0.08765400,0.05500000
2018-02-25 16:07:35,0.08765400,0.10000000
2018-02-25 16:07:35,0.08761400,0.05400000
2018-02-25 16:07:35,0.08761400,0.07000000
2018-02-25 16:07:36,0.08774100,0.25600000
2018-02-25 16:07:37,0.08761600,0.06800000
2018-02-25 16:07:37,0.08761600,0.05700000
2018-02-25 16:07:37,0.08774000,0.19900000
2018-02-25 16:07:37,0.08761600,0.02200000
2018-02-25 16:07:38,0.08774000,0.09600000
2018-02-25 16:07:38,0.08773900,0.30500000
2018-02-25 16:07:40,0.08768600,0.08600000
2018-02-25 16:07:40,0.08768600,0.45900000
2018-02-25 16:07:40,0.08768600,0.24200000
2018-02-25 16:07:40,0.08768600,0.01900000
2018-02-25 16:07:40,0.08773600,2.68800000
2018-02-25 16:07:40,0.08773600,0.05300000
2018-02-25 16:07:42,0.08773500,0.02000000
2018-02-25 16:07:42,0.08773600,0.01600000
2018-02-25 16:07:43,0.08773500,0.00400000
2018-02-25 16:07:43,0.08773900,0.18000000
2018-02-25 16:07:43,0.08774400,0.03600000
2018-02-25 16:07:43,0.08775000,0.59200000
2018-02-25 16:07:43,0.08773500,0.02000000
2018-02-25 16:07:43,0.08773900,0.18000000
2018-02-25 16:07:43,0.08775000,2.81000000
2018-02-25 16:07:43,0.08773500,0.02000000
2018-02-25 16:07:43,0.08773900,0.01900000
2018-02-25 16:07:43,0.08773500,0.02000000
2018-02-25 16:07:43,0.08773900,0.11100000
2018-02-25 16:07:43,0.08775000,0.14900000
2018-02-25 16:07:44,0.08774900,0.11900000
2018-02-25 16:07:44,0.08774900,0.02100000
2018-02-25 16:07:44,0.08775000,0.77300000
2018-02-25 16:07:44,0.08774900,0.11300000
2018-02-25 16:07:44,0.08774900,0.06200000
2018-02-25 16:07:44,0.08775000,0.21800000
2018-02-25 16:07:46,0.08768600,0.06900000
2018-02-25 16:07:46,0.08768600,0.01900000
2018-02-25 16:07:46,0.08768600,0.02900000
2018-02-25 16:07:48,0.08768600,0.01500000
2018-02-25 16:07:48,0.08774900,0.02000000
2018-02-25 16:07:48,0.08775000,0.23400000
2018-02-25 16:07:49,0.08768600,0.12100000
2018-02-25 16:07:49,0.08768600,0.23500000
2018-02-25 16:07:49,0.08774900,0.01700000
2018-02-25 16:07:50,0.08768600,0.22600000
2018-02-25 16:07:52,0.08768600,0.00100000
2018-02-25 16:07:52,0.08765300,0.04500000
2018-02-25 16:07:52,0.08774900,0.11500000
2018-02-25 16:07:52,0.08774900,1.66600000
2018-02-25 16:07:54,0.08765700,0.09100000
2018-02-25 16:07:55,0.08769700,0.38000000
2018-02-25 16:07:55,0.08769700,0.21700000
2018-02-25 16:07:56,0.08769700,0.30700000
2018-02-25 16:07:57,0.08774600,0.09000000
2018-02-25 16:07:59,0.08774600,0.02400000
2018-02-25 16:08:00,0.08769700,0.00100000
2018-02-25 16:08:00,0.08769000,0.08300000
2018-02-25 16:08:01,0.08774600,0.80900000
2018-02-25 16:08:01,0.08769000,0.02400000
2018-02-25 16:08:01,0.08765700,0.03300000
2018-02-25 16:08:01,0.08765600,0.01800000
2018-02-25 16:08:01,0.08774600,0.03600000
2018-02-25 16:08:01,0.08765600,0.01800000
2018-02-25 16:08:01,0.08765000,0.00400000
2018-02-25 16:08:01,0.08774600,0.03000000
2018-02-25 16:08:02,0.08774600,0.10700000
2018-02-25 16:08:02,0.08774500,0.02600000
2018-02-25 16:08:04,0.08774400,0.09100000
2018-02-25 16:08:04,0.08774400,0.06500000
2018-02-25 16:08:04,0.08765200,0.11700000
2018-02-25 16:08:04,0.08765100,0.77700000
2018-02-25 16:08:04,0.08765000,0.11000000
2018-02-25 16:08:04,0.08762800,0.13700000
2018-02-25 16:08:04,0.08774400,0.01300000
2018-02-25 16:08:05,0.08774400,0.27800000
2018-02-25 16:08:05,0.08774400,0.53200000
2018-02-25 16:08:05,0.08774500,0.05800000
2018-02-25 16:08:05,0.08771700,0.06700000
2018-02-25 16:08:05,0.08765400,0.00700000
2018-02-25 16:08:06,0.08765500,0.05800000
2018-02-25 16:08:06,0.08765400,0.04100000
2018-02-25 16:08:06,0.08765400,0.03900000
2018-02-25 16:08:09,0.08771700,0.00100000
2018-02-25 16:08:09,0.08774300,0.05800000
2018-02-25 16:08:09,0.08774400,0.77700000
2018-02-25 16:08:09,0.08774600,0.66400000
2018-02-25 16:08:09,0.08765000,0.11200000
2018-02-25 16:08:09,0.08774600,0.06000000
2018-02-25 16:08:09,0.08766700,0.02100000
2018-02-25 16:08:09,0.08766700,0.62400000
2018-02-25 16:08:10,0.08774300,0.29900000
2018-02-25 16:08:10,0.08774300,0.14300000
2018-02-25 16:08:10,0.08774300,0.12200000
2018-02-25 16:08:11,0.08774300,0.21200000
2018-02-25 16:08:11,0.08769700,0.21100000
2018-02-25 16:08:11,0.08769700,0.08900000
2018-02-25 16:08:11,0.08766700,0.05100000
2018-02-25 16:08:11,0.08766700,0.20100000
2018-02-25 16:08:11,0.08765000,0.00200000
2018-02-25 16:08:11,0.08762900,0.00800000
2018-02-25 16:08:11,0.08762900,0.05000000
2018-02-25 16:08:11,0.08762800,0.16100000
2018-02-25 16:08:11,0.08762800,0.21100000
2018-02-25 16:08:11,0.08774500,0.01500000
2018-02-25 16:08:11,0.08762800,0.21100000
2018-02-25 16:08:11,0.08762800,0.37500000
2018-02-25 16:08:11,0.08762500,0.26700000
2018-02-25 16:08:11,0.08774400,0.08600000
2018-02-25 16:08:11,0.08774400,0.03600000
2018-02-25 16:08:12,0.08774400,1.07100000
2018-02-25 16:08:12,0.08774300,0.00300000
2018-02-25 16:08:13,0.08774200,0.05800000
2018-02-25 16:08:13,0.08774300,0.00400000
2018-02-25 16:08:13,0.08774300,0.05800000
2018-02-25 16:08:14,0.08774300,0.11400000
2018-02-25 16:08:14,0.08774300,0.34500000
2018-02-25 16:08:14,0.08774300,0.40500000
2018-02-25 16:08:15,0.08774300,0.09900000
2018-02-25 16:08:16,0.08774200,0.02600000
2018-02-25 16:08:16,0.08774200,0.11300000
2018-02-25 16:08:16,0.08765200,0.08200000
2018-02-25 16:08:17,0.08774200,0.02600000
2018-02-25 16:08:18,0.08774200,0.39900000
2018-02-25 16:08:18,0.08765400,0.12400000
2018-02-25 16:08:18,0.08765200,0.06900000
2018-02-25 16:08:19,0.08774200,0.05900000
2018-02-25 16:08:19,0.08774200,0.32700000
2018-02-25 16:08:19,0.08774300,0.05800000
2018-02-25 16:08:19,0.08774100,0.12400000
2018-02-25 16:08:19,0.08774300,0.06000000
2018-02-25 16:08:19,0.08765300,1.59100000
2018-02-25 16:08:20,0.08765400,0.12400000
2018-02-25 16:08:20,0.08765300,0.69900000
2018-02-25 16:08:20,0.08765200,0.32000000
2018-02-25 16:08:20,0.08774300,2.00600000
2018-02-25 16:08:20,0.08765200,0.01900000
2018-02-25 16:08:21,0.08765200,0.14000000
2018-02-25 16:08:21,0.08765200,1.13700000
2018-02-25 16:08:21,0.08774200,0.86600000
2018-02-25 16:08:21,0.08774200,0.03600000
2018-02-25 16:08:22,0.08765200,0.10900000
2018-02-25 16:08:22,0.08774200,0.01700000
2018-02-25 16:08:23,0.08774200,0.01600000
2018-02-25 16:08:24,0.08769200,0.18100000
2018-02-25 16:08:24,0.08769200,0.63600000
2018-02-25 16:08:24,0.08765300,0.12400000
2018-02-25 16:08:24,0.08765200,0.03800000
2018-02-25 16:08:24,0.08765200,0.20500000
2018-02-25 16:08:25,0.08774000,0.12400000
2018-02-25 16:08:25,0.08774100,0.50300000
2018-02-25 16:08:27,0.08774100,0.03200000
2018-02-25 16:08:27,0.08774100,0.01300000
2018-02-25 16:08:27,0.08774100,0.36400000
2018-02-25 16:08:27,0.08774100,0.45800000
2018-02-25 16:08:27,0.08774100,0.66700000
2018-02-25 16:08:27,0.08774200,0.10600000
2018-02-25 16:08:27,0.08765100,0.91800000
2018-02-25 16:08:27,0.08765000,0.02500000
2018-02-25 16:08:27,0.08764400,0.01600000
2018-02-25 16:08:28,0.08774200,0.84100000
2018-02-25 16:08:28,0.08774300,0.65900000
2018-02-25 16:08:29,0.08774000,0.03800000
2018-02-25 16:08:30,0.08765200,0.10800000
2018-02-25 16:08:31,0.08765200,0.02000000
2018-02-25 16:08:31,0.08765100,0.70600000
2018-02-25 16:08:31,0.08773700,0.06000000
2018-02-25 16:08:31,0.08773700,0.24700000
2018-02-25 16:08:31,0.08773700,0.00100000
2018-02-25 16:08:31,0.08773800,0.03500000
2018-02-25 16:08:32,0.08773700,0.61600000
2018-02-25 16:08:32,0.08773700,0.01200000
2018-02-25 16:08:32,0.08773600,0.01600000
2018-02-25 16:08:32,0.08773700,0.07500000
2018-02-25 16:08:33,0.08773600,0.01800000
2018-02-25 16:08:34,0.08773600,0.05000000
2018-02-25 16:08:34,0.08773600,0.38200000
2018-02-25 16:08:34,0.08773600,0.09100000
2018-02-25 16:08:35,0.08774000,0.01800000
2018-02-25 16:08:35,0.08774000,0.80400000
2018-02-25 16:08:36,0.08765500,0.12400000
2018-02-25 16:08:36,0.08765400,0.02000000
2018-02-25 16:08:36,0.08765300,0.00500000
2018-02-25 16:08:36,0.08774000,0.05400000
2018-02-25 16:08:36,0.08773600,0.04200000
2018-02-25 16:08:36,0.08773600,0.04900000
2018-02-25 16:08:36,0.08773300,0.04100000
2018-02-25 16:08:36,0.08773300,0.07100000
2018-02-25 16:08:37,0.08773300,0.29500000
2018-02-25 16:08:37,0.08765700,0.26500000
2018-02-25 16:08:37,0.08765700,0.29400000
2018-02-25 16:08:37,0.08765700,0.10800000
2018-02-25 16:08:37,0.08765700,0.12500000
2018-02-25 16:08:37,0.08765700,0.29400000
2018-02-25 16:08:37,0.08765700,0.00800000
2018-02-25 16:08:38,0.08769000,0.06700000
2018-02-25 16:08:38,0.08769000,0.06000000
2018-02-25 16:08:39,0.08769000,0.04500000
2018-02-25 16:08:41,0.08769000,0.13600000
2018-02-25 16:08:42,0.08774000,0.00400000
2018-02-25 16:08:42,0.08774000,0.03100000
2018-02-25 16:08:42,0.08774000,0.00100000
2018-02-25 16:08:42,0.08769000,0.03000000
2018-02-25 16:08:42,0.08774500,0.12300000
2018-02-25 16:08:43,0.08769000,0.00100000
2018-02-25 16:08:44,0.08769300,0.05300000
2018-02-25 16:08:45,0.08774500,0.00100000
2018-02-25 16:08:45,0.08769400,0.12100000
2018-02-25 16:08:45,0.08769400,0.00100000
2018-02-25 16:08:45,0.08769300,0.00100000
2018-02-25 16:08:47,0.08769300,0.09100000
2018-02-25 16:08:47,0.08769300,0.78000000
2018-02-25 16:08:47,0.08774500,0.19900000
2018-02-25 16:08:47,0.08774500,0.01900000
2018-02-25 16:08:47,0.08774500,0.04200000
2018-02-25 16:08:47,0.08769300,0.04000000
2018-02-25 16:08:47,0.08774500,0.29500000
2018-02-25 16:08:47,0.08774500,0.01200000
2018-02-25 16:08:51,0.08774200,0.03600000
2018-02-25 16:08:52,0.08774200,0.07700000
2018-02-25 16:08:52,0.08774200,0.47900000
2018-02-25 16:08:53,0.08774200,0.11400000
2018-02-25 16:08:53,0.08774200,0.11400000
2018-02-25 16:08:53,0.08770100,0.12300000
2018-02-25 16:08:54,0.08774100,0.12300000
2018-02-25 16:08:54,0.08774200,0.06300000
2018-02-25 16:08:54,0.08774200,0.08300000
2018-02-25 16:08:55,0.08770200,0.17000000
2018-02-25 16:08:55,0.08770300,0.12300000
2018-02-25 16:08:57,0.08770300,0.00100000
2018-02-25 16:08:57,0.08770200,0.00100000
2018-02-25 16:08:57,0.08770000,0.25800000
2018-02-25 16:08:58,0.08770000,0.14200000
2018-02-25 16:08:58,0.08770200,0.03500000
2018-02-25 16:08:58,0.08770000,0.58400000
2018-02-25 16:08:58,0.08774100,0.12300000
2018-02-25 16:08:58,0.08774200,0.25100000
2018-02-25 16:08:58,0.08774400,1.63200000
2018-02-25 16:08:59,0.08774400,0.09000000
2018-02-25 16:08:59,0.08770000,0.04000000
2018-02-25 16:08:59,0.08770000,0.04000000
2018-02-25 16:08:59,0.08774400,0.09000000
2018-02-25 16:08:59,0.08774400,0.09000000
2018-02-25 16:09:00,0.08774400,0.02200000
2018-02-25 16:09:00,0.08774400,0.03400000
2018-02-25 16:09:01,0.08774300,0.08400000
2018-02-25 16:09:01,0.08774400,0.00800000
2018-02-25 16:09:01,0.08774500,0.66900000
2018-02-25 16:09:01,0.08774500,0.10000000
2018-02-25 16:09:02,0.08774400,0.03500000
2018-02-25 16:09:02,0.08774400,0.00100000
2018-02-25 16:09:02,0.08770100,0.03400000
2018-02-25 16:09:03,0.08770100,0.08700000
2018-02-25 16:09:03,0.08774400,0.02800000
2018-02-25 16:09:04,0.08770200,0.02800000
2018-02-25 16:09:04,0.08770200,0.00200000
2018-02-25 16:09:04,0.08770000,0.13300000
2018-02-25 16:09:05,0.08770000,1.14000000
2018-02-25 16:09:05,0.08770000,0.34600000
2018-02-25 16:09:05,0.08770000,0.04200000
2018-02-25 16:09:06,0.08770000,0.07600000
2018-02-25 16:09:06,0.08770000,0.64000000
2018-02-25 16:09:06,0.08774400,0.04600000
2018-02-25 16:09:07,0.08770000,0.67400000
2018-02-25 16:09:09,0.08770100,0.04500000
2018-02-25 16:09:09,0.08774400,0.03300000
2018-02-25 16:09:10,0.08774400,0.04600000
2018-02-25 16:09:12,0.08774400,0.03600000
2018-02-25 16:09:12,0.08774400,0.33300000
2018-02-25 16:09:12,0.08774500,0.10600000
2018-02-25 16:09:12,0.08774400,0.10800000
2018-02-25 16:09:12,0.08774400,0.76200000
2018-02-25 16:09:12,0.08770100,0.38000000
2018-02-25 16:09:12,0.08770100,0.46900000
2018-02-25 16:09:12,0.08770100,0.25900000
2018-02-25 16:09:12,0.08774500,0.10600000
2018-02-25 16:09:12,0.08774500,0.22000000
2018-02-25 16:09:13,0.08774600,0.12000000
2018-02-25 16:09:13,0.08774600,0.02400000
2018-02-25 16:09:13,0.08770200,0.00500000
2018-02-25 16:09:14,0.08774600,0.77700000
2018-02-25 16:09:15,0.08770300,0.03100000
2018-02-25 16:09:15,0.08770100,0.10400000
2018-02-25 16:09:15,0.08774500,0.12400000
2018-02-25 16:09:15,0.08774600,1.88200000
2018-02-25 16:09:15,0.08774600,0.12200000
2018-02-25 16:09:15,0.08774600,0.12200000
2018-02-25 16:09:15,0.08774600,0.12200000
2018-02-25 16:09:15,0.08774600,0.12200000
2018-02-25 16:09:16,0.08774400,0.04000000
2018-02-25 16:09:16,0.08770400,0.12400000
2018-02-25 16:09:16,0.08770300,1.14000000
2018-02-25 16:09:16,0.08770100,0.62500000
2018-02-25 16:09:16,0.08770000,0.39500000
2018-02-25 16:09:16,0.08770200,0.12100000
2018-02-25 16:09:16,0.08770000,1.02100000
2018-02-25 16:09:16,0.08774400,0.01000000
2018-02-25 16:09:16,0.08774600,0.69700000
2018-02-25 16:09:18,0.08774500,0.12300000
2018-02-25 16:09:18,0.08770300,0.03100000
2018-02-25 16:09:18,0.08770300,0.04400000
2018-02-25 16:09:19,0.08774500,0.00100000
2018-02-25 16:09:19,0.08774600,0.05800000
2018-02-25 16:09:20,0.08774600,0.69700000
2018-02-25 16:09:20,0.08774600,0.11300000
2018-02-25 16:09:20,0.08770400,0.12200000
2018-02-25 16:09:20,0.08770400,0.00100000
2018-02-25 16:09:21,0.08770300,0.20000000
2018-02-25 16:09:21,0.08770300,0.06300000
2018-02-25 16:09:21,0.08770300,0.84700000
2018-02-25 16:09:21,0.08774500,0.03600000
2018-02-25 16:09:22,0.08774500,0.08600000
2018-02-25 16:09:25,0.08774400,0.06700000
2018-02-25 16:09:25,0.08774300,0.11300000
2018-02-25 16:09:25,0.08770400,0.03600000
2018-02-25 16:09:27,0.08770500,0.00600000
2018-02-25 16:09:29,0.08773700,0.08900000
2018-02-25 16:09:29,0.08773700,0.08900000
2018-02-25 16:09:31,0.08770400,0.08100000
2018-02-25 16:09:31,0.08770300,1.29000000
2018-02-25 16:09:31,0.08770300,1.13900000
2018-02-25 16:09:31,0.08770300,0.06600000
2018-02-25 16:09:31,0.08773800,0.12400000
2018-02-25 16:09:31,0.08770300,0.66000000
2018-02-25 16:09:31,0.08773800,0.05800000
2018-02-25 16:09:32,0.08770000,0.14900000
2018-02-25 16:09:32,0.08773700,0.03700000
2018-02-25 16:09:32,0.08770000,0.12300000
2018-02-25 16:09:33,0.08771900,0.02700000
2018-02-25 16:09:33,0.08773700,0.08700000
2018-02-25 16:09:33,0.08773800,0.07900000
2018-02-25 16:09:34,0.08770000,0.01000000
2018-02-25 16:09:34,0.08770000,1.42900000
2018-02-25 16:09:35,0.08770000,0.21400000
2018-02-25 16:09:35,0.08773700,0.01800000
2018-02-25 16:09:36,0.08770000,1.14100000
2018-02-25 16:09:36,0.08770000,0.29300000
2018-02-25 16:09:36,0.08773700,0.98300000
2018-02-25 16:09:36,0.08770000,0.05000000
2018-02-25 16:09:36,0.08770000,1.12500000
2018-02-25 16:09:36,0.08769300,0.23600000
2018-02-25 16:09:36,0.08769000,0.82000000
2018-02-25 16:09:36,0.08765700,0.62900000
2018-02-25 16:09:36,0.08765500,0.02000000
2018-02-25 16:09:36,0.08771900,0.02600000
2018-02-25 16:09:36,0.08773300,0.08700000
2018-02-25 16:09:37,0.08768700,2.15600000
2018-02-25 16:09:37,0.08765500,0.17100000
2018-02-25 16:09:37,0.08773200,0.02000000
2018-02-25 16:09:37,0.08773300,0.78200000
2018-02-25 16:09:38,0.08761300,0.21900000
2018-02-25 16:09:38,0.08770000,0.71300000
2018-02-25 16:09:38,0.08770000,0.16400000
2018-02-25 16:09:39,0.08769900,0.21700000
2018-02-25 16:09:39,0.08770000,0.26900000
2018-02-25 16:09:39,0.08770000,0.55300000
2018-02-25 16:09:39,0.08770000,2.71800000
2018-02-25 16:09:39,0.08773000,0.02000000
2018-02-25 16:09:39,0.08773300,0.27100000
2018-02-25 16:09:39,0.08773800,0.26000000
2018-02-25 16:09:39,0.08761500,0.12400000
2018-02-25 16:09:39,0.08761400,0.12400000
2018-02-25 16:09:42,0.08762400,0.31000000
2018-02-25 16:09:43,0.08772400,0.12300000
2018-02-25 16:09:44,0.08762800,0.02000000
2018-02-25 16:09:44,0.08762700,0.01600000
2018-02-25 16:09:44,0.08767500,0.02600000
2018-02-25 16:09:44,0.08772400,0.41900000
2018-02-25 16:09:45,0.08762900,0.11300000
2018-02-25 16:09:46,0.08762900,0.02900000
2018-02-25 16:09:46,0.08772200,0.25700000
2018-02-25 16:09:46,0.08762900,0.26300000
2018-02-25 16:09:46,0.08772100,0.07400000
2018-02-25 16:09:47,0.08767500,0.02500000
2018-02-25 16:09:47,0.08767500,0.00100000
2018-02-25 16:09:47,0.08772100,0.02400000
2018-02-25 16:09:48,0.08771000,0.07300000
2018-02-25 16:09:48,0.08770900,0.02000000
2018-02-25 16:09:48,0.08770900,0.02000000
2018-02-25 16:09:48,0.08763200,0.00500000
2018-02-25 16:09:48,0.08770900,0.11200000
2018-02-25 16:09:49,0.08770900,0.10900000
2018-02-25 16:09:50,0.08770800,0.02000000
2018-02-25 16:09:50,0.08770900,0.01300000
2018-02-25 16:09:50,0.08770800,0.01300000
2018-02-25 16:09:51,0.08770800,0.03300000
2018-02-25 16:09:52,0.08765800,0.05300000
2018-02-25 16:09:52,0.08765900,0.20000000
2018-02-25 16:09:52,0.08765900,0.01200000
2018-02-25 16:09:52,0.08765800,0.18600000
2018-02-25 16:09:53,0.08765800,0.01200000
2018-02-25 16:09:54,0.08770200,0.09200000
2018-02-25 16:09:54,0.08770700,0.06000000
2018-02-25 16:09:54,0.08770800,0.34400000
2018-02-25 16:09:54,0.08770900,0.26700000
2018-02-25 16:09:54,0.08770900,0.09100000
2018-02-25 16:09:55,0.08770500,0.04000000
2018-02-25 16:09:55,0.08770500,0.03000000
2018-02-25 16:09:55,0.08770500,0.02200000
2018-02-25 16:09:55,0.08765800,0.00200000
2018-02-25 16:09:55,0.08770900,0.21000000
2018-02-25 16:09:56,0.08770900,0.36200000
2018-02-25 16:09:56,0.08770900,0.09000000
2018-02-25 16:09:56,0.08770900,0.08200000
2018-02-25 16:09:56,0.08770500,0.02900000
2018-02-25 16:09:58,0.08770900,0.24200000
2018-02-25 16:09:58,0.08770900,0.37000000
2018-02-25 16:09:59,0.08770900,0.16700000
2018-02-25 16:09:59,0.08770900,0.13300000
2018-02-25 16:10:00,0.08770900,0.08900000
2018-02-25 16:10:00,0.08770900,0.04400000
2018-02-25 16:10:00,0.08770900,2.31900000
2018-02-25 16:10:00,0.08771800,0.03700000
2018-02-25 16:10:00,0.08770700,0.02700000
2018-02-25 16:10:00,0.08769800,1.02300000
2018-02-25 16:10:01,0.08769800,0.46800000
2018-02-25 16:10:02,0.08765900,0.09800000
2018-02-25 16:10:02,0.08765800,1.07200000
2018-02-25 16:10:02,0.08765800,0.28500000
2018-02-25 16:10:02,0.08769800,1.99500000
2018-02-25 16:10:02,0.08765800,1.13200000
2018-02-25 16:10:03,0.08765800,0.84000000
2018-02-25 16:10:03,0.08769800,1.11700000
2018-02-25 16:10:03,0.08765800,1.14400000
2018-02-25 16:10:03,0.08765800,0.06100000
2018-02-25 16:10:03,0.08765800,0.04100000
2018-02-25 16:10:03,0.08765800,0.10100000
2018-02-25 16:10:03,0.08765800,0.29100000
2018-02-25 16:10:04,0.08765800,0.25500000
2018-02-25 16:10:04,0.08765800,0.14300000
2018-02-25 16:10:05,0.08763200,0.60000000
2018-02-25 16:10:06,0.08765800,0.13500000
2018-02-25 16:10:06,0.08763200,0.40000000
2018-02-25 16:10:06,0.08765800,0.08000000
2018-02-25 16:10:06,0.08765800,0.15700000
2018-02-25 16:10:07,0.08769700,0.03300000
2018-02-25 16:10:09,0.08769700,0.04500000
2018-02-25 16:10:10,0.08767700,0.02700000
2018-02-25 16:10:11,0.08769700,0.01300000
2018-02-25 16:10:12,0.08769700,0.05100000
2018-02-25 16:10:15,0.08765800,0.11100000
2018-02-25 16:10:15,0.08765800,0.22200000
2018-02-25 16:10:16,0.08765800,0.00100000
2018-02-25 16:10:16,0.08760900,0.03300000
2018-02-25 16:10:16,0.08760800,0.01600000
2018-02-25 16:10:17,0.08769700,0.03300000
2018-02-25 16:10:17,0.08769800,0.84500000
2018-02-25 16:10:17,0.08769800,0.86500000
2018-02-25 16:10:18,0.08769800,0.47000000
2018-02-25 16:10:18,0.08769800,0.03300000
2018-02-25 16:10:18,0.08769800,0.11300000
2018-02-25 16:10:18,0.08769800,0.95800000
2018-02-25 16:10:19,0.08769700,0.11300000
2018-02-25 16:10:19,0.08769700,0.23000000
2018-02-25 16:10:19,0.08769800,0.03100000
2018-02-25 16:10:20,0.08769800,0.12700000
2018-02-25 16:10:21,0.08769800,0.12200000
2018-02-25 16:10:21,0.08769800,0.07800000
2018-02-25 16:10:21,0.08769800,0.20100000
2018-02-25 16:10:21,0.08769800,0.34100000
2018-02-25 16:10:22,0.08769800,0.02100000
2018-02-25 16:10:22,0.08769800,0.04600000
2018-02-25 16:10:23,0.08768000,3.36200000
2018-02-25 16:10:23,0.08769800,0.03800000
2018-02-25 16:10:24,0.08768000,0.02900000
2018-02-25 16:10:24,0.08769800,0.31200000
2018-02-25 16:10:24,0.08771600,0.26600000
2018-02-25 16:10:25,0.08771600,0.22800000
2018-02-25 16:10:25,0.08768000,0.60900000
2018-02-25 16:10:26,0.08761300,0.02000000
2018-02-25 16:10:26,0.08761200,0.31900000
2018-02-25 16:10:27,0.08771400,0.21900000
2018-02-25 16:10:29,0.08771300,0.03800000
2018-02-25 16:10:29,0.08771300,0.19900000
2018-02-25 16:10:29,0.08771300,0.05200000
2018-02-25 16:10:30,0.08766600,0.44500000
2018-02-25 16:10:31,0.08771700,0.62800000
2018-02-25 16:10:31,0.08771700,1.12100000
2018-02-25 16:10:32,0.08769200,0.02600000
2018-02-25 16:10:32,0.08769200,0.00100000
2018-02-25 16:10:32,0.08771400,0.36500000
2018-02-25 16:10:32,0.08771400,0.19300000
2018-02-25 16:10:32,0.08771400,0.04700000
2018-02-25 16:10:32,0.08771400,0.29100000
2018-02-25 16:10:33,0.08771400,0.10300000
2018-02-25 16:10:34,0.08770000,0.11500000
2018-02-25 16:10:34,0.08770000,0.22800000
2018-02-25 16:10:34,0.08770000,0.61100000
2018-02-25 16:10:34,0.08770000,0.04900000
2018-02-25 16:10:34,0.08771400,0.00100000
2018-02-25 16:10:34,0.08771700,0.24100000
2018-02-25 16:10:34,0.08771700,0.16200000
2018-02-25 16:10:35,0.08771700,0.05900000
2018-02-25 16:10:35,0.08769900,0.05800000
2018-02-25 16:10:35,0.08766600,0.02200000
2018-02-25 16:10:35,0.08769900,0.00200000
2018-02-25 16:10:35,0.08771700,0.59100000
2018-02-25 16:10:35,0.08766600,0.29100000
2018-02-25 16:10:36,0.08763600,0.12200000
2018-02-25 16:10:36,0.08771700,0.03700000
2018-02-25 16:10:36,0.08763700,0.12500000
2018-02-25 16:10:36,0.08763700,0.07500000
2018-02-25 16:10:36,0.08763600,0.00100000
2018-02-25 16:10:36,0.08763200,0.39300000
2018-02-25 16:10:37,0.08763100,0.31800000
2018-02-25 16:10:37,0.08763100,0.01900000
2018-02-25 16:10:37,0.08766600,0.07900000
2018-02-25 16:10:38,0.08766600,0.05400000
2018-02-25 16:10:38,0.08766600,0.05700000
2018-02-25 16:10:38,0.08771500,0.05200000
2018-02-25 16:10:38,0.08771500,0.07200000
2018-02-25 16:10:38,0.08771600,0.03800000
2018-02-25 16:10:38,0.08763200,0.12300000
2018-02-25 16:10:39,0.08771500,0.03100000
2018-02-25 16:10:39,0.08771400,0.11400000
2018-02-25 16:10:39,0.08763200,0.00100000
2018-02-25 16:10:39,0.08763200,0.02600000
2018-02-25 16:10:39,0.08763200,0.06600000
2018-02-25 16:10:39,0.08771400,0.02300000
2018-02-25 16:10:39,0.08771400,0.09000000
2018-02-25 16:10:40,0.08770400,0.01500000
2018-02-25 16:10:40,0.08763200,0.03000000
2018-02-25 16:10:41,0.08770300,0.02100000
2018-02-25 16:10:42,0.08765400,0.34200000
2018-02-25 16:10:42,0.08765500,0.02200000
2018-02-25 16:10:42,0.08765400,0.69100000
2018-02-25 16:10:42,0.08763200,0.00100000
2018-02-25 16:10:42,0.08763000,0.31800000
2018-02-25 16:10:42,0.08763000,0.10600000
2018-02-25 16:10:42,0.08770300,0.03500000
2018-02-25 16:10:43,0.08763000,0.02100000
2018-02-25 16:10:43,0.08770200,0.02100000
2018-02-25 16:10:44,0.08770100,0.06500000
2018-02-25 16:10:45,0.08763100,0.03400000
2018-02-25 16:10:45,0.08763000,3.74500000
2018-02-25 16:10:45,0.08763000,0.03700000
2018-02-25 16:10:46,0.08765400,0.03100000
2018-02-25 16:10:46,0.08765400,0.00300000
2018-02-25 16:10:46,0.08770100,0.00200000
2018-02-25 16:10:46,0.08770200,0.02800000
2018-02-25 16:10:47,0.08770100,0.03500000
2018-02-25 16:10:47,0.08763100,0.08800000
2018-02-25 16:10:47,0.08770100,0.00100000
2018-02-25 16:10:47,0.08770200,0.27100000
2018-02-25 16:10:47,0.08770300,0.75300000
2018-02-25 16:10:48,0.08765400,0.71300000
2018-02-25 16:10:48,0.08765400,0.00100000
2018-02-25 16:10:48,0.08763000,0.71200000
2018-02-25 16:10:48,0.08763100,0.03500000
2018-02-25 16:10:48,0.08770200,0.08800000
2018-02-25 16:10:48,0.08770300,0.36600000
2018-02-25 16:10:48,0.08770300,0.78200000
2018-02-25 16:10:48,0.08770300,0.17900000
2018-02-25 16:10:48,0.08770300,0.29500000
2018-02-25 16:10:48,0.08770300,0.05900000
2018-02-25 16:10:49,0.08770200,0.14000000
2018-02-25 16:10:49,0.08770200,0.03500000
2018-02-25 16:10:49,0.08770300,0.10500000
2018-02-25 16:10:49,0.08769700,0.50000000
2018-02-25 16:10:49,0.08765400,0.11600000
2018-02-25 16:10:50,0.08765400,0.43400000
2018-02-25 16:10:50,0.08765400,0.15100000
2018-02-25 16:10:50,0.08765400,0.00100000
2018-02-25 16:10:50,0.08770000,0.02700000
2018-02-25 16:10:50,0.08770300,0.12200000
2018-02-25 16:10:50,0.08770300,0.15100000
2018-02-25 16:10:50,0.08769500,0.14000000
2018-02-25 16:10:51,0.08769500,0.74700000
2018-02-25 16:10:51,0.08769500,0.08000000
2018-02-25 16:10:51,0.08763100,0.12400000
2018-02-25 16:10:51,0.08763000,0.27600000
2018-02-25 16:10:51,0.08769500,0.14000000
2018-02-25 16:10:51,0.08769500,0.00100000
2018-02-25 16:10:52,0.08769500,0.03600000
2018-02-25 16:10:52,0.08769500,0.01500000
2018-02-25 16:10:52,0.08769500,0.05500000
2018-02-25 16:10:52,0.08768000,0.43300000
2018-02-25 16:10:53,0.08768000,0.34200000
2018-02-25 16:10:53,0.08768000,0.02000000
2018-02-25 16:10:53,0.08768000,0.22500000
2018-02-25 16:10:53,0.08763000,0.06000000
2018-02-25 16:10:53,0.08761200,0.03600000
2018-02-25 16:10:53,0.08760400,0.19400000
2018-02-25 16:10:53,0.08769400,0.02200000
2018-02-25 16:10:53,0.08760500,0.01900000
2018-02-25 16:10:53,0.08769400,0.03800000
2018-02-25 16:10:53,0.08769500,0.00100000
2018-02-25 16:10:53,0.08770100,0.10100000
2018-02-25 16:10:54,0.08760700,0.01900000
2018-02-25 16:10:54,0.08769800,0.14000000
2018-02-25 16:10:55,0.08760800,0.19700000
2018-02-25 16:10:55,0.08769500,0.34500000
2018-02-25 16:10:56,0.08769500,0.02900000
2018-02-25 16:10:56,0.08769500,0.51700000
2018-02-25 16:10:56,0.08769500,0.04500000
2018-02-25 16:10:56,0.08769500,0.17000000
2018-02-25 16:10:56,0.08764800,0.18900000
2018-02-25 16:10:56,0.08769900,0.02000000
2018-02-25 16:10:56,0.08770200,0.12000000
2018-02-25 16:10:56,0.08764800,0.19500000
2018-02-25 16:10:56,0.08764800,0.19500000
2018-02-25 16:10:56,0.08764800,0.33100000
2018-02-25 16:10:56,0.08760700,0.00100000
2018-02-25 16:10:56,0.08760400,0.81000000
2018-02-25 16:10:57,0.08760700,0.02000000
2018-02-25 16:10:57,0.08760000,1.19700000
2018-02-25 16:10:57,0.08758300,0.18000000
2018-02-25 16:10:57,0.08757500,0.88800000
2018-02-25 16:10:57,0.08769900,0.02400000
2018-02-25 16:10:57,0.08769800,0.30900000
2018-02-25 16:10:58,0.08769600,0.08100000
2018-02-25 16:10:58,0.08769700,0.04900000
2018-02-25 16:10:58,0.08769600,0.15000000
2018-02-25 16:10:59,0.08769600,0.51000000
2018-02-25 16:10:59,0.08769600,0.27000000
2018-02-25 16:10:59,0.08769600,0.05400000
2018-02-25 16:10:59,0.08769700,0.27500000
2018-02-25 16:10:59,0.08769800,0.14200000
2018-02-25 16:10:59,0.08769800,0.05300000
2018-02-25 16:10:59,0.08769600,0.02000000
2018-02-25 16:10:59,0.08769800,0.03000000
2018-02-25 16:11:00,0.08769800,2.61900000
2018-02-25 16:11:00,0.08769500,0.11400000
2018-02-25 16:11:01,0.08759500,0.30900000
2018-02-25 16:11:01,0.08759400,0.76200000
2018-02-25 16:11:01,0.08769500,0.50000000
2018-02-25 16:11:01,0.08759400,0.14000000
2018-02-25 16:11:01,0.08759300,0.38800000
2018-02-25 16:11:01,0.08759500,0.20000000
2018-02-25 16:11:01,0.08759400,0.94200000
2018-02-25 16:11:01,0.08759400,0.02900000
2018-02-25 16:11:01,0.08760000,0.46900000
2018-02-25 16:11:02,0.08769300,0.01600000
2018-02-25 16:11:02,0.08769300,0.03600000
2018-02-25 16:11:02,0.08769200,0.02000000
2018-02-25 16:11:02,0.08769300,0.99700000
2018-02-25 16:11:02,0.08769200,0.02000000
2018-02-25 16:11:02,0.08769400,0.00800000
2018-02-25 16:11:02,0.08760000,0.02000000
2018-02-25 16:11:02,0.08759600,0.47300000
2018-02-25 16:11:02,0.08768900,0.09400000
2018-02-25 16:11:03,0.08760100,0.06400000
2018-02-25 16:11:03,0.08768900,0.02700000
2018-02-25 16:11:03,0.08768900,0.50000000
2018-02-25 16:11:03,0.08768700,0.17300000
2018-02-25 16:11:03,0.08768700,0.17400000
2018-02-25 16:11:03,0.08768700,0.09200000
2018-02-25 16:11:03,0.08768800,0.16500000
2018-02-25 16:11:03,0.08760100,0.04800000
2018-02-25 16:11:03,0.08760100,0.18800000
2018-02-25 16:11:04,0.08768800,0.18000000
2018-02-25 16:11:04,0.08768800,0.18800000
2018-02-25 16:11:04,0.08768800,0.27500000
2018-02-25 16:11:04,0.08768800,0.58000000
2018-02-25 16:11:04,0.08768900,0.17900000
2018-02-25 16:11:04,0.08768900,0.02000000
2018-02-25 16:11:05,0.08768800,0.29900000
2018-02-25 16:11:06,0.08764300,0.02600000
2018-02-25 16:11:06,0.08764300,0.00100000
2018-02-25 16:11:06,0.08768800,0.00100000
2018-02-25 16:11:06,0.08768900,0.02400000
2018-02-25 16:11:06,0.08769000,0.47000000
2018-02-25 16:11:06,0.08769800,0.12200000
2018-02-25 16:11:06,0.08770500,0.23000000
2018-02-25 16:11:06,0.08771400,0.03600000
2018-02-25 16:11:06,0.08771800,0.41600000
2018-02-25 16:11:06,0.08771900,0.19500000
2018-02-25 16:11:06,0.08772100,0.04700000
2018-02-25 16:11:06,0.08772300,0.04800000
2018-02-25 16:11:06,0.08772800,0.32600000
2018-02-25 16:11:06,0.08774000,0.85100000
2018-02-25 16:11:06,0.08765300,0.02900000
2018-02-25 16:11:07,0.08768800,0.08000000
2018-02-25 16:11:07,0.08768800,0.09900000
2018-02-25 16:11:07,0.08768800,0.01300000
2018-02-25 16:11:07,0.08768800,0.13700000
2018-02-25 16:11:07,0.08765300,0.00100000
2018-02-25 16:11:07,0.08763200,0.35700000
2018-02-25 16:11:08,0.08760100,0.10900000
2018-02-25 16:11:09,0.08763200,0.00200000
2018-02-25 16:11:09,0.08773900,0.11200000
2018-02-25 16:11:09,0.08760600,0.16000000
2018-02-25 16:11:09,0.08760600,0.25500000
2018-02-25 16:11:09,0.08773700,2.02600000
2018-02-25 16:11:09,0.08773800,0.10900000
2018-02-25 16:11:09,0.08773900,0.87500000
2018-02-25 16:11:10,0.08764100,0.03000000
2018-02-25 16:11:10,0.08760700,1.10400000
2018-02-25 16:11:10,0.08760800,0.16000000
2018-02-25 16:11:10,0.08760700,0.97400000
2018-02-25 16:11:10,0.08760800,0.03000000
2018-02-25 16:11:10,0.08760800,0.20000000
2018-02-25 16:11:10,0.08760700,2.39900000
2018-02-25 16:11:10,0.08760200,4.00000000
2018-02-25 16:11:10,0.08760100,0.12000000
2018-02-25 16:11:10,0.08760000,0.10000000
2018-02-25 16:11:10,0.08760000,0.03000000
2018-02-25 16:11:10,0.08760000,0.02000000
2018-02-25 16:11:10,0.08760000,0.03000000
2018-02-25 16:11:10,0.08760000,0.10000000
2018-02-25 16:11:10,0.08760000,0.03000000
2018-02-25 16:11:10,0.08760000,0.02000000
2018-02-25 16:11:10,0.08760000,0.03000000
2018-02-25 16:11:10,0.08760000,0.03000000
2018-02-25 16:11:10,0.08760000,0.02000000
2018-02-25 16:11:10,0.08760000,0.02000000
2018-02-25 16:11:10,0.08760000,0.03000000
2018-02-25 16:11:10,0.08760000,0.02000000
2018-02-25 16:11:10,0.08760000,0.03000000
2018-02-25 16:11:10,0.08760000,0.10000000
2018-02-25 16:11:10,0.08760000,0.02700000
2018-02-25 16:11:10,0.08760000,0.02000000
2018-02-25 16:11:10,0.08760000,0.02000000
2018-02-25 16:11:10,0.08759500,0.02000000
2018-02-25 16:11:10,0.08759500,0.10000000
2018-02-25 16:11:10,0.08759500,0.02000000
2018-02-25 16:11:10,0.08759500,0.27500000
2018-02-25 16:11:10,0.08760000,0.45200000
2018-02-25 16:11:10,0.08760800,0.08800000
2018-02-25 16:11:10,0.08760800,0.45500000
2018-02-25 16:11:10,0.08757500,1.83000000
2018-02-25 16:11:10,0.08768800,0.21000000
2018-02-25 16:11:10,0.08768800,0.99700000
2018-02-25 16:11:10,0.08761000,0.03500000
2018-02-25 16:11:11,0.08761100,1.14100000
2018-02-25 16:11:11,0.08761100,0.88800000
2018-02-25 16:11:11,0.08761000,0.43500000
2018-02-25 16:11:11,0.08760800,0.02000000
2018-02-25 16:11:11,0.08757500,0.68800000
2018-02-25 16:11:12,0.08760800,0.02000000
2018-02-25 16:11:12,0.08760800,0.02000000
2018-02-25 16:11:12,0.08768800,0.03100000
2018-02-25 16:11:12,0.08768800,0.00100000
2018-02-25 16:11:12,0.08772800,0.63600000
2018-02-25 16:11:12,0.08765300,0.04200000
2018-02-25 16:11:12,0.08759900,0.08800000
2018-02-25 16:11:13,0.08759900,0.03200000
2018-02-25 16:11:13,0.08765300,0.03700000
2018-02-25 16:11:13,0.08760800,0.08800000
2018-02-25 16:11:13,0.08760800,0.29900000
2018-02-25 16:11:13,0.08759900,0.08800000
2018-02-25 16:11:13,0.08759600,0.08800000
2018-02-25 16:11:13,0.08759600,0.05200000
2018-02-25 16:11:13,0.08759600,0.01200000
2018-02-25 16:11:13,0.08765300,0.00100000
2018-02-25 16:11:13,0.08759600,0.10600000
2018-02-25 16:11:14,0.08765000,0.18300000
2018-02-25 16:11:14,0.08765000,0.28700000
2018-02-25 16:11:14,0.08772700,0.18000000
2018-02-25 16:11:15,0.08772700,0.46900000
2018-02-25 16:11:16,0.08772400,0.11400000
2018-02-25 16:11:16,0.08760000,0.06400000
2018-02-25 16:11:16,0.08760000,0.28000000
2018-02-25 16:11:16,0.08768800,0.76900000
2018-02-25 16:11:17,0.08768700,0.12400000
2018-02-25 16:11:18,0.08768800,0.40200000
2018-02-25 16:11:19,0.08768700,0.15700000
2018-02-25 16:11:19,0.08768700,0.10300000
2018-02-25 16:11:19,0.08768800,0.05300000
2018-02-25 16:11:20,0.08768700,0.20000000
2018-02-25 16:11:20,0.08768800,0.14800000
2018-02-25 16:11:22,0.08760000,0.03500000
2018-02-25 16:11:24,0.08760000,0.00100000
2018-02-25 16:11:24,0.08757600,0.12400000
