DATE,PRICE,VOLUME
2018-02-28 07:00:00,0.08093600,0.01400000
2018-02-28 07:00:00,0.08101300,0.00500000
2018-02-28 07:00:00,0.08101500,0.61500000
2018-02-28 07:00:00,0.08101500,0.60700000
2018-02-28 07:00:01,0.08101400,0.13500000
2018-02-28 07:00:01,0.08101500,0.64300000
2018-02-28 07:00:01,0.08101500,0.61500000
2018-02-28 07:00:01,0.08101600,4.82200000
2018-02-28 07:00:01,0.08101600,0.10800000
2018-02-28 07:00:02,0.08101600,0.13500000
2018-02-28 07:00:02,0.08101700,0.24600000
2018-02-28 07:00:02,0.08101600,0.05900000
2018-02-28 07:00:02,0.08101600,0.23200000
2018-02-28 07:00:02,0.08101600,0.13400000
2018-02-28 07:00:02,0.08101600,0.05800000
2018-02-28 07:00:02,0.08101700,3.25800000
2018-02-28 07:00:02,0.08101700,0.00100000
2018-02-28 07:00:02,0.08109300,0.08400000
2018-02-28 07:00:02,0.08101600,1.87900000
2018-02-28 07:00:02,0.08101600,0.86300000
2018-02-28 07:00:02,0.08101600,1.09400000
2018-02-28 07:00:03,0.08109000,0.34200000
2018-02-28 07:00:04,0.08101600,0.00100000
2018-02-28 07:00:04,0.08094900,0.05100000
2018-02-28 07:00:04,0.08109300,0.10400000
2018-02-28 07:00:09,0.08109000,0.24900000
2018-02-28 07:00:09,0.08109300,0.17000000
2018-02-28 07:00:09,0.08096300,0.25100000
2018-02-28 07:00:09,0.08096200,0.63500000
2018-02-28 07:00:09,0.08096100,3.80300000
2018-02-28 07:00:09,0.08096000,0.39000000
2018-02-28 07:00:09,0.08095900,0.20000000
2018-02-28 07:00:09,0.08093600,0.00100000
2018-02-28 07:00:09,0.08093600,0.03000000
2018-02-28 07:00:09,0.08093600,2.69000000
2018-02-28 07:00:09,0.08109300,0.03000000
2018-02-28 07:00:10,0.08109000,0.13300000
2018-02-28 07:00:10,0.08096400,0.44900000
2018-02-28 07:00:10,0.08108800,0.25100000
2018-02-28 07:00:10,0.08108900,4.38300000
2018-02-28 07:00:10,0.08109400,0.45200000
2018-02-28 07:00:10,0.08109500,0.07100000
2018-02-28 07:00:10,0.08109600,0.88000000
2018-02-28 07:00:10,0.08096400,0.03000000
2018-02-28 07:00:11,0.08108900,0.12800000
2018-02-28 07:00:11,0.08108900,0.03200000
2018-02-28 07:00:11,0.08109800,0.38800000
2018-02-28 07:00:11,0.08096500,0.58600000
2018-02-28 07:00:11,0.08108800,0.01300000
2018-02-28 07:00:11,0.08096500,0.03000000
2018-02-28 07:00:12,0.08096800,0.02600000
2018-02-28 07:00:12,0.08096900,0.02400000
2018-02-28 07:00:12,0.08096900,0.11200000
2018-02-28 07:00:13,0.08108600,0.03000000
2018-02-28 07:00:13,0.08096900,0.20300000
2018-02-28 07:00:13,0.08097000,0.71000000
2018-02-28 07:00:13,0.08108600,0.03000000
2018-02-28 07:00:14,0.08108600,0.13600000
2018-02-28 07:00:14,0.08097000,0.02300000
2018-02-28 07:00:14,0.08108400,0.13000000
2018-02-28 07:00:14,0.08108500,0.40600000
2018-02-28 07:00:14,0.08097100,0.19500000
2018-02-28 07:00:15,0.08108300,0.09200000
2018-02-28 07:00:15,0.08108300,0.23600000
2018-02-28 07:00:16,0.08097100,0.00100000
2018-02-28 07:00:16,0.08097000,0.07900000
2018-02-28 07:00:16,0.08107900,0.14900000
2018-02-28 07:00:16,0.08097200,0.09300000
2018-02-28 07:00:16,0.08097200,0.02300000
2018-02-28 07:00:16,0.08097200,0.19400000
2018-02-28 07:00:16,0.08097200,0.07500000
2018-02-28 07:00:16,0.08097200,0.00500000
2018-02-28 07:00:16,0.08097100,0.07400000
2018-02-28 07:00:16,0.08097100,0.04900000
2018-02-28 07:00:16,0.08107800,0.09200000
2018-02-28 07:00:17,0.08097100,0.07100000
2018-02-28 07:00:17,0.08097100,0.00100000
2018-02-28 07:00:17,0.08097000,0.07000000
2018-02-28 07:00:17,0.08097000,0.02100000
2018-02-28 07:00:17,0.08097000,0.00300000
2018-02-28 07:00:17,0.08096300,0.02000000
2018-02-28 07:00:17,0.08096400,0.01900000
2018-02-28 07:00:17,0.08107700,0.37100000
2018-02-28 07:00:17,0.08107800,0.12900000
2018-02-28 07:00:17,0.08096400,0.12900000
2018-02-28 07:00:17,0.08107700,0.30900000
2018-02-28 07:00:17,0.08107800,1.51200000
2018-02-28 07:00:18,0.08096600,0.09400000
2018-02-28 07:00:18,0.08107700,0.01500000
2018-02-28 07:00:18,0.08107700,0.00500000
2018-02-28 07:00:18,0.08107800,0.08500000
2018-02-28 07:00:18,0.08096800,0.09300000
2018-02-28 07:00:18,0.08107700,0.06800000
2018-02-28 07:00:19,0.08096900,0.00200000
2018-02-28 07:00:19,0.08096900,0.01400000
2018-02-28 07:00:19,0.08097000,0.34900000
2018-02-28 07:00:20,0.08097000,0.54100000
2018-02-28 07:00:20,0.08097000,0.22800000
2018-02-28 07:00:20,0.08097100,0.11500000
2018-02-28 07:00:21,0.08107000,0.39000000
2018-02-28 07:00:21,0.08107300,0.18900000
2018-02-28 07:00:22,0.08097100,0.07600000
2018-02-28 07:00:23,0.08107300,0.02500000
2018-02-28 07:00:23,0.08097200,0.25900000
2018-02-28 07:00:23,0.08097200,0.33900000
2018-02-28 07:00:23,0.08107300,0.08700000
2018-02-28 07:00:23,0.08097300,0.25900000
2018-02-28 07:00:24,0.08106900,0.09000000
2018-02-28 07:00:24,0.08106800,0.40200000
2018-02-28 07:00:24,0.08106800,0.02700000
2018-02-28 07:00:24,0.08106900,0.37500000
2018-02-28 07:00:24,0.08106900,0.40200000
2018-02-28 07:00:25,0.08097400,0.08900000
2018-02-28 07:00:25,0.08106700,0.59700000
2018-02-28 07:00:25,0.08097400,0.00100000
2018-02-28 07:00:25,0.08097000,0.03800000
2018-02-28 07:00:25,0.08097300,0.97200000
2018-02-28 07:00:26,0.08106700,0.17900000
2018-02-28 07:00:26,0.08097300,0.39100000
2018-02-28 07:00:26,0.08097500,0.03700000
2018-02-28 07:00:27,0.08106900,0.67900000
2018-02-28 07:00:27,0.08097600,0.12400000
2018-02-28 07:00:28,0.08107000,0.15700000
2018-02-28 07:00:28,0.08107000,0.04000000
2018-02-28 07:00:28,0.08107000,0.15600000
2018-02-28 07:00:28,0.08107000,1.61000000
2018-02-28 07:00:29,0.08107000,0.14200000
2018-02-28 07:00:29,0.08107000,0.02300000
2018-02-28 07:00:29,0.08107000,0.01900000
2018-02-28 07:00:29,0.08107000,0.09800000
2018-02-28 07:00:29,0.08107000,0.21100000
2018-02-28 07:00:29,0.08107000,0.27900000
2018-02-28 07:00:29,0.08107000,0.06000000
2018-02-28 07:00:29,0.08107000,0.01600000
2018-02-28 07:00:29,0.08107000,0.16700000
2018-02-28 07:00:29,0.08107000,0.24600000
2018-02-28 07:00:29,0.08107000,0.01000000
2018-02-28 07:00:29,0.08107000,0.26000000
2018-02-28 07:00:29,0.08107000,0.34600000
2018-02-28 07:00:29,0.08107000,0.02500000
2018-02-28 07:00:29,0.08107000,0.09300000
2018-02-28 07:00:29,0.08107000,0.08700000
2018-02-28 07:00:29,0.08097600,0.02900000
2018-02-28 07:00:29,0.08097300,0.08700000
2018-02-28 07:00:29,0.08097600,0.02000000
2018-02-28 07:00:29,0.08097300,0.11300000
2018-02-28 07:00:29,0.08097100,0.04600000
2018-02-28 07:00:30,0.08107100,0.01900000
2018-02-28 07:00:31,0.08106900,0.91100000
2018-02-28 07:00:31,0.08098000,0.10000000
2018-02-28 07:00:33,0.08106900,0.02200000
2018-02-28 07:00:33,0.08106900,0.02000000
2018-02-28 07:00:36,0.08098300,0.01300000
2018-02-28 07:00:36,0.08107000,0.09900000
2018-02-28 07:00:36,0.08107000,0.00100000
2018-02-28 07:00:36,0.08109600,0.18000000
2018-02-28 07:00:36,0.08109700,0.84200000
2018-02-28 07:00:36,0.08109700,1.02300000
2018-02-28 07:00:37,0.08098300,0.32100000
2018-02-28 07:00:37,0.08097100,0.24900000
2018-02-28 07:00:38,0.08098500,0.24100000
2018-02-28 07:00:38,0.08101800,0.05800000
2018-02-28 07:00:38,0.08101800,0.02000000
2018-02-28 07:00:39,0.08101800,0.02800000
2018-02-28 07:00:39,0.08101800,0.38900000
2018-02-28 07:00:39,0.08109300,0.02400000
2018-02-28 07:00:40,0.08109300,0.19900000
2018-02-28 07:00:40,0.08109200,0.19900000
2018-02-28 07:00:41,0.08109200,0.09900000
2018-02-28 07:00:41,0.08109200,0.26000000
2018-02-28 07:00:42,0.08109100,0.01300000
2018-02-28 07:00:42,0.08109200,1.10600000
2018-02-28 07:00:42,0.08109200,0.33200000
2018-02-28 07:00:42,0.08109300,0.02000000
2018-02-28 07:00:42,0.08109700,0.76600000
2018-02-28 07:00:42,0.08099300,0.03800000
2018-02-28 07:00:42,0.08099200,0.20000000
2018-02-28 07:00:42,0.08099100,0.30100000
2018-02-28 07:00:42,0.08099200,0.05300000
2018-02-28 07:00:42,0.08109100,0.02000000
2018-02-28 07:00:42,0.08109300,0.02000000
2018-02-28 07:00:42,0.08109600,0.09700000
2018-02-28 07:00:42,0.08109700,0.25000000
2018-02-28 07:00:42,0.08109100,0.01800000
2018-02-28 07:00:42,0.08109100,0.00200000
2018-02-28 07:00:42,0.08109300,0.01700000
2018-02-28 07:00:43,0.08099200,0.01500000
2018-02-28 07:00:44,0.08109200,0.30100000
2018-02-28 07:00:44,0.08109300,0.02400000
2018-02-28 07:00:44,0.08109300,0.39900000
2018-02-28 07:00:44,0.08109300,0.07100000
2018-02-28 07:00:44,0.08109300,0.11500000
2018-02-28 07:00:44,0.08109300,3.11500000
2018-02-28 07:00:44,0.08109300,0.01400000
2018-02-28 07:00:44,0.08109300,0.10500000
2018-02-28 07:00:44,0.08109300,0.14500000
2018-02-28 07:00:44,0.08109300,0.20000000
2018-02-28 07:00:44,0.08109300,0.02000000
2018-02-28 07:00:44,0.08109300,0.04300000
2018-02-28 07:00:44,0.08109300,0.04300000
2018-02-28 07:00:44,0.08109300,0.08200000
2018-02-28 07:00:44,0.08109300,0.10100000
2018-02-28 07:00:45,0.08109300,0.20000000
2018-02-28 07:00:45,0.08109300,0.02200000
2018-02-28 07:00:45,0.08099400,0.06100000
2018-02-28 07:00:45,0.08099400,0.13200000
2018-02-28 07:00:45,0.08109200,0.01800000
2018-02-28 07:00:45,0.08109200,0.18200000
2018-02-28 07:00:45,0.08109800,0.26000000
2018-02-28 07:00:45,0.08110800,0.03800000
2018-02-28 07:00:45,0.08110900,0.12200000
2018-02-28 07:00:45,0.08109800,0.03000000
2018-02-28 07:00:45,0.08109800,0.03000000
2018-02-28 07:00:45,0.08109800,0.10000000
2018-02-28 07:00:45,0.08109800,0.03000000
2018-02-28 07:00:45,0.08109800,0.02000000
2018-02-28 07:00:45,0.08109800,0.03400000
2018-02-28 07:00:45,0.08109800,0.02300000
2018-02-28 07:00:45,0.08110900,0.08900000
2018-02-28 07:00:45,0.08110900,0.09000000
2018-02-28 07:00:45,0.08109800,0.22800000
2018-02-28 07:00:45,0.08109800,0.82200000
2018-02-28 07:00:45,0.08109800,0.02000000
2018-02-28 07:00:46,0.08109800,0.10900000
2018-02-28 07:00:46,0.08109800,0.38200000
2018-02-28 07:00:46,0.08109800,0.22200000
2018-02-28 07:00:46,0.08109800,0.51000000
2018-02-28 07:00:46,0.08109800,0.30700000
2018-02-28 07:00:46,0.08109800,1.09800000
2018-02-28 07:00:46,0.08109800,0.31000000
2018-02-28 07:00:46,0.08110900,0.93100000
2018-02-28 07:00:46,0.08112200,0.32400000
2018-02-28 07:00:46,0.08112200,0.07600000
2018-02-28 07:00:46,0.08112200,0.31000000
2018-02-28 07:00:46,0.08112200,0.49900000
2018-02-28 07:00:46,0.08112200,0.37100000
2018-02-28 07:00:46,0.08109800,0.49800000
2018-02-28 07:00:46,0.08109800,0.03000000
2018-02-28 07:00:47,0.08109800,0.06300000
2018-02-28 07:00:47,0.08109800,1.43300000
2018-02-28 07:00:47,0.08109800,0.02100000
2018-02-28 07:00:47,0.08109800,0.61800000
2018-02-28 07:00:47,0.08109800,0.02000000
2018-02-28 07:00:48,0.08109800,0.93500000
2018-02-28 07:00:48,0.08110300,0.37700000
2018-02-28 07:00:48,0.08109800,0.46400000
2018-02-28 07:00:48,0.08110300,0.29000000
2018-02-28 07:00:48,0.08116700,0.06100000
2018-02-28 07:00:48,0.08116800,0.04900000
2018-02-28 07:00:48,0.08109800,0.02400000
2018-02-28 07:00:48,0.08109800,0.02400000
2018-02-28 07:00:48,0.08116700,0.02000000
2018-02-28 07:00:48,0.08116800,0.43200000
2018-02-28 07:00:48,0.08109800,0.02000000
2018-02-28 07:00:48,0.08109800,0.99900000
2018-02-28 07:00:49,0.08116700,0.09200000
2018-02-28 07:00:49,0.08109800,0.02000000
2018-02-28 07:00:50,0.08109800,0.11300000
2018-02-28 07:00:50,0.08109800,0.00100000
2018-02-28 07:00:50,0.08101000,0.01900000
2018-02-28 07:00:50,0.08101000,0.06300000
2018-02-28 07:00:52,0.08101400,2.77900000
2018-02-28 07:00:52,0.08101300,0.15000000
2018-02-28 07:00:52,0.08101300,1.12400000
2018-02-28 07:00:52,0.08101300,0.31900000
2018-02-28 07:00:52,0.08101300,0.02800000
2018-02-28 07:00:52,0.08101300,0.21100000
2018-02-28 07:00:52,0.08101300,0.01400000
2018-02-28 07:00:52,0.08101300,0.30500000
2018-02-28 07:00:52,0.08112000,0.40000000
2018-02-28 07:00:52,0.08116700,0.02000000
2018-02-28 07:00:52,0.08116800,0.15100000
2018-02-28 07:00:52,0.08116800,0.02300000
2018-02-28 07:00:52,0.08116800,0.38500000
2018-02-28 07:00:52,0.08116900,0.02000000
2018-02-28 07:00:52,0.08117000,0.02000000
2018-02-28 07:00:52,0.08117200,0.02000000
2018-02-28 07:00:52,0.08117600,0.03500000
2018-02-28 07:00:52,0.08118300,0.02000000
2018-02-28 07:00:52,0.08118900,0.04400000
2018-02-28 07:00:52,0.08101700,0.40000000
2018-02-28 07:00:52,0.08101700,0.06000000
2018-02-28 07:00:53,0.08101700,0.02300000
2018-02-28 07:00:53,0.08116700,0.05200000
2018-02-28 07:00:53,0.08116400,1.22100000
2018-02-28 07:00:53,0.08116400,1.05400000
2018-02-28 07:00:54,0.08102800,0.04000000
2018-02-28 07:00:54,0.08115800,0.14300000
2018-02-28 07:00:54,0.08106900,0.05800000
2018-02-28 07:00:54,0.08106900,0.00400000
2018-02-28 07:00:54,0.08102800,0.21000000
2018-02-28 07:00:54,0.08102700,0.16900000
2018-02-28 07:00:54,0.08102700,0.01000000
2018-02-28 07:00:55,0.08102800,0.13900000
2018-02-28 07:00:55,0.08112000,0.05000000
2018-02-28 07:00:56,0.08103000,0.11000000
2018-02-28 07:00:56,0.08103000,0.11400000
2018-02-28 07:00:56,0.08103000,0.27200000
2018-02-28 07:00:57,0.08103000,0.36300000
2018-02-28 07:00:57,0.08103000,0.14600000
2018-02-28 07:00:57,0.08101900,0.02000000
2018-02-28 07:00:57,0.08101800,0.05200000
2018-02-28 07:00:57,0.08110300,0.14900000
2018-02-28 07:00:58,0.08109700,0.05000000
2018-02-28 07:00:58,0.08109700,0.25300000
2018-02-28 07:00:59,0.08101800,0.13300000
2018-02-28 07:00:59,0.08101500,0.02000000
2018-02-28 07:00:59,0.08101400,0.01500000
2018-02-28 07:00:59,0.08100700,0.32800000
2018-02-28 07:00:59,0.08109100,0.03200000
2018-02-28 07:00:59,0.08109600,0.01800000
2018-02-28 07:01:00,0.08101500,0.02000000
2018-02-28 07:01:00,0.08100700,0.37900000
2018-02-28 07:01:01,0.08109600,0.01600000
2018-02-28 07:01:01,0.08109600,0.12900000
2018-02-28 07:01:02,0.08101500,0.01900000
2018-02-28 07:01:02,0.08101500,0.00100000
2018-02-28 07:01:02,0.08100700,0.02600000
2018-02-28 07:01:02,0.08101500,0.01900000
2018-02-28 07:01:02,0.08101500,0.00100000
2018-02-28 07:01:02,0.08100700,0.39900000
2018-02-28 07:01:03,0.08101500,0.01900000
2018-02-28 07:01:03,0.08101500,0.00100000
2018-02-28 07:01:03,0.08100700,0.01800000
2018-02-28 07:01:03,0.08101500,0.02000000
2018-02-28 07:01:03,0.08100700,0.04400000
2018-02-28 07:01:03,0.08109600,0.66400000
2018-02-28 07:01:03,0.08110300,0.02000000
2018-02-28 07:01:03,0.08110900,0.02000000
2018-02-28 07:01:03,0.08110900,0.01900000
2018-02-28 07:01:03,0.08110900,0.02000000
2018-02-28 07:01:03,0.08110900,0.02000000
2018-02-28 07:01:03,0.08110900,0.06300000
2018-02-28 07:01:03,0.08110900,0.02000000
2018-02-28 07:01:03,0.08110900,0.02300000
2018-02-28 07:01:03,0.08110900,0.02000000
2018-02-28 07:01:03,0.08110900,0.02000000
2018-02-28 07:01:03,0.08110900,0.86000000
2018-02-28 07:01:03,0.08110900,0.02000000
2018-02-28 07:01:03,0.08110900,0.02000000
2018-02-28 07:01:03,0.08110900,0.02000000
2018-02-28 07:01:04,0.08110900,0.65000000
2018-02-28 07:01:04,0.08110900,0.03600000
2018-02-28 07:01:04,0.08110900,0.18900000
2018-02-28 07:01:04,0.08110900,0.42000000
2018-02-28 07:01:04,0.08110900,0.01400000
2018-02-28 07:01:04,0.08110900,0.56700000
2018-02-28 07:01:04,0.08110900,0.01100000
2018-02-28 07:01:04,0.08100800,0.02000000
2018-02-28 07:01:04,0.08100700,0.56000000
2018-02-28 07:01:04,0.08100800,0.03000000
2018-02-28 07:01:05,0.08110900,0.37900000
2018-02-28 07:01:06,0.08110900,0.12900000
2018-02-28 07:01:06,0.08110900,0.07900000
2018-02-28 07:01:06,0.08101100,0.20700000
2018-02-28 07:01:06,0.08111000,0.23900000
2018-02-28 07:01:06,0.08101100,0.09700000
2018-02-28 07:01:06,0.08101200,0.02000000
2018-02-28 07:01:07,0.08110800,1.12300000
2018-02-28 07:01:07,0.08101300,2.36400000
2018-02-28 07:01:08,0.08111100,0.10100000
2018-02-28 07:01:09,0.08111100,0.22500000
2018-02-28 07:01:09,0.08111100,0.38700000
2018-02-28 07:01:09,0.08111700,0.17000000
2018-02-28 07:01:09,0.08111700,0.09000000
2018-02-28 07:01:09,0.08112000,0.11400000
2018-02-28 07:01:10,0.08111000,0.14500000
2018-02-28 07:01:10,0.08111000,0.05700000
2018-02-28 07:01:11,0.08102200,0.08700000
2018-02-28 07:01:12,0.08111900,1.05700000
2018-02-28 07:01:12,0.08111900,1.10500000
2018-02-28 07:01:12,0.08112000,0.23600000
2018-02-28 07:01:12,0.08116400,0.02000000
2018-02-28 07:01:12,0.08116700,0.20500000
2018-02-28 07:01:12,0.08116800,0.02000000
2018-02-28 07:01:12,0.08116900,0.02000000
2018-02-28 07:01:12,0.08117000,0.02000000
2018-02-28 07:01:12,0.08117200,0.02000000
2018-02-28 07:01:12,0.08117600,0.03500000
2018-02-28 07:01:12,0.08118300,0.02000000
2018-02-28 07:01:12,0.08118800,0.13500000
2018-02-28 07:01:12,0.08118900,0.87700000
2018-02-28 07:01:12,0.08118900,0.59900000
2018-02-28 07:01:12,0.08119200,0.10800000
2018-02-28 07:01:12,0.08118300,0.06900000
2018-02-28 07:01:12,0.08118300,0.00600000
2018-02-28 07:01:12,0.08116700,0.01400000
2018-02-28 07:01:12,0.08119200,0.11600000
2018-02-28 07:01:12,0.08111800,0.02000000
2018-02-28 07:01:12,0.08119200,0.20400000
2018-02-28 07:01:12,0.08119300,0.51100000
2018-02-28 07:01:12,0.08120700,0.11300000
2018-02-28 07:01:12,0.08121200,0.08200000
2018-02-28 07:01:12,0.08121800,1.10000000
2018-02-28 07:01:12,0.08122000,0.13700000
2018-02-28 07:01:12,0.08122600,2.60000000
2018-02-28 07:01:12,0.08122700,0.15900000
2018-02-28 07:01:12,0.08122800,0.00400000
2018-02-28 07:01:12,0.08102400,0.02000000
2018-02-28 07:01:12,0.08102300,0.04300000
2018-02-28 07:01:12,0.08116800,0.02000000
2018-02-28 07:01:12,0.08122800,0.04600000
2018-02-28 07:01:12,0.08123000,0.29900000
2018-02-28 07:01:12,0.08123100,0.36100000
2018-02-28 07:01:12,0.08123400,0.05600000
2018-02-28 07:01:12,0.08124000,4.00000000
2018-02-28 07:01:12,0.08125000,0.40000000
2018-02-28 07:01:12,0.08128400,0.06200000
2018-02-28 07:01:12,0.08129600,0.01400000
2018-02-28 07:01:12,0.08129800,0.05600000
2018-02-28 07:01:12,0.08129900,4.17300000
2018-02-28 07:01:13,0.08111800,0.02000000
2018-02-28 07:01:13,0.08111900,0.02000000
2018-02-28 07:01:13,0.08111900,0.05400000
2018-02-28 07:01:13,0.08111900,0.00600000
2018-02-28 07:01:13,0.08102500,0.05200000
2018-02-28 07:01:16,0.08103600,0.25000000
2018-02-28 07:01:16,0.08103500,0.28300000
2018-02-28 07:01:16,0.08103400,0.46700000
2018-02-28 07:01:18,0.08104300,0.01400000
2018-02-28 07:01:18,0.08104300,0.02700000
2018-02-28 07:01:18,0.08104400,0.20000000
2018-02-28 07:01:18,0.08104300,0.99100000
2018-02-28 07:01:19,0.08104400,0.20000000
2018-02-28 07:01:19,0.08104300,1.35700000
2018-02-28 07:01:19,0.08104100,0.25300000
2018-02-28 07:01:19,0.08113600,0.05800000
2018-02-28 07:01:19,0.08104400,0.06100000
2018-02-28 07:01:19,0.08113600,0.34200000
2018-02-28 07:01:19,0.08114700,0.05000000
2018-02-28 07:01:19,0.08114600,0.07000000
2018-02-28 07:01:19,0.08114500,0.07000000
2018-02-28 07:01:19,0.08105000,0.16800000
2018-02-28 07:01:20,0.08105100,0.20700000
2018-02-28 07:01:20,0.08105100,0.59800000
2018-02-28 07:01:20,0.08114000,0.02400000
2018-02-28 07:01:20,0.08105100,0.99900000
2018-02-28 07:01:20,0.08105100,0.05800000
2018-02-28 07:01:21,0.08105200,0.01900000
2018-02-28 07:01:22,0.08105200,0.05000000
2018-02-28 07:01:22,0.08113600,0.17100000
2018-02-28 07:01:22,0.08113500,0.05000000
2018-02-28 07:01:23,0.08105200,0.38400000
2018-02-28 07:01:23,0.08105200,0.97200000
2018-02-28 07:01:23,0.08105200,1.45100000
2018-02-28 07:01:23,0.08105200,0.12300000
2018-02-28 07:01:23,0.08105300,0.02000000
2018-02-28 07:01:23,0.08105200,0.00500000
2018-02-28 07:01:23,0.08105300,0.01900000
2018-02-28 07:01:23,0.08113300,1.56200000
2018-02-28 07:01:23,0.08113300,0.60300000
2018-02-28 07:01:23,0.08113300,1.56800000
2018-02-28 07:01:23,0.08113300,1.08600000
2018-02-28 07:01:23,0.08113300,0.01000000
2018-02-28 07:01:23,0.08113500,0.60900000
2018-02-28 07:01:23,0.08113800,0.02000000
2018-02-28 07:01:23,0.08114000,0.54600000
2018-02-28 07:01:23,0.08114400,1.12500000
2018-02-28 07:01:23,0.08114800,0.54600000
2018-02-28 07:01:24,0.08105300,0.00100000
2018-02-28 07:01:24,0.08105200,0.99900000
2018-02-28 07:01:24,0.08113800,0.01900000
2018-02-28 07:01:24,0.08114800,0.10800000
2018-02-28 07:01:24,0.08115300,0.02000000
2018-02-28 07:01:24,0.08116100,0.18000000
2018-02-28 07:01:24,0.08116300,0.12100000
2018-02-28 07:01:24,0.08116400,0.36600000
2018-02-28 07:01:24,0.08105400,0.27200000
2018-02-28 07:01:24,0.08105400,0.99000000
2018-02-28 07:01:24,0.08105400,0.36400000
2018-02-28 07:01:25,0.08114700,1.00100000
2018-02-28 07:01:25,0.08114700,0.03200000
2018-02-28 07:01:25,0.08105700,0.13000000
2018-02-28 07:01:25,0.08114700,0.00100000
2018-02-28 07:01:25,0.08116100,0.02000000
2018-02-28 07:01:25,0.08116200,0.01100000
2018-02-28 07:01:26,0.08105800,0.02400000
2018-02-28 07:01:26,0.08105800,0.17600000
2018-02-28 07:01:26,0.08105700,0.00900000
2018-02-28 07:01:26,0.08114000,0.14700000
2018-02-28 07:01:26,0.08114000,0.04900000
2018-02-28 07:01:26,0.08105900,0.10000000
2018-02-28 07:01:26,0.08114000,0.05000000
2018-02-28 07:01:27,0.08114000,0.07900000
2018-02-28 07:01:27,0.08114000,0.07500000
2018-02-28 07:01:27,0.08115900,0.11400000
2018-02-28 07:01:27,0.08116000,0.18600000
2018-02-28 07:01:27,0.08106200,1.60500000
2018-02-28 07:01:28,0.08114000,0.01900000
2018-02-28 07:01:28,0.08114000,0.02800000
2018-02-28 07:01:28,0.08114000,0.01600000
2018-02-28 07:01:28,0.08106300,0.02700000
2018-02-28 07:01:28,0.08106300,0.03100000
2018-02-28 07:01:28,0.08116000,0.02800000
2018-02-28 07:01:28,0.08106300,0.02100000
2018-02-28 07:01:28,0.08106300,0.03900000
2018-02-28 07:01:28,0.08106300,0.04300000
2018-02-28 07:01:28,0.08106300,0.01400000
2018-02-28 07:01:28,0.08106300,0.04300000
2018-02-28 07:01:28,0.08106300,0.04300000
2018-02-28 07:01:28,0.08106300,0.04300000
2018-02-28 07:01:28,0.08106300,0.02400000
2018-02-28 07:01:28,0.08106300,0.04300000
2018-02-28 07:01:28,0.08106300,0.03800000
2018-02-28 07:01:28,0.08113800,0.04400000
2018-02-28 07:01:28,0.08116000,0.03900000
2018-02-28 07:01:28,0.08106300,0.03000000
2018-02-28 07:01:28,0.08106400,0.13500000
2018-02-28 07:01:28,0.08106300,0.76000000
2018-02-28 07:01:28,0.08106300,0.03100000
2018-02-28 07:01:28,0.08106300,2.10900000
2018-02-28 07:01:28,0.08106300,0.02500000
2018-02-28 07:01:29,0.08106600,0.01000000
2018-02-28 07:01:30,0.08114000,0.05000000
2018-02-28 07:01:30,0.08107000,0.01000000
2018-02-28 07:01:31,0.08107000,0.01000000
2018-02-28 07:01:32,0.08107000,0.04600000
2018-02-28 07:01:32,0.08114000,0.34100000
2018-02-28 07:01:32,0.08107100,0.10600000
2018-02-28 07:01:32,0.08107200,0.03900000
2018-02-28 07:01:32,0.08107200,0.12100000
2018-02-28 07:01:32,0.08107100,0.01800000
2018-02-28 07:01:32,0.08107200,0.10000000
2018-02-28 07:01:32,0.08107200,0.03900000
2018-02-28 07:01:32,0.08107200,0.04000000
2018-02-28 07:01:32,0.08107200,0.01000000
2018-02-28 07:01:33,0.08107200,0.13000000
2018-02-28 07:01:33,0.08107200,0.10100000
2018-02-28 07:01:33,0.08107100,0.02900000
2018-02-28 07:01:33,0.08107200,0.12000000
2018-02-28 07:01:33,0.08107100,0.02600000
2018-02-28 07:01:33,0.08107200,0.12000000
2018-02-28 07:01:33,0.08107100,0.09300000
2018-02-28 07:01:33,0.08107200,0.10000000
2018-02-28 07:01:33,0.08107100,0.01900000
2018-02-28 07:01:33,0.08107100,2.01400000
2018-02-28 07:01:33,0.08107100,0.12400000
2018-02-28 07:01:33,0.08107100,0.16700000
2018-02-28 07:01:33,0.08107100,0.01000000
2018-02-28 07:01:34,0.08107100,1.23800000
2018-02-28 07:01:34,0.08107100,1.47500000
2018-02-28 07:01:34,0.08107100,0.00100000
2018-02-28 07:01:34,0.08107000,0.00100000
2018-02-28 07:01:34,0.08105800,0.99800000
2018-02-28 07:01:34,0.08114000,0.00900000
2018-02-28 07:01:34,0.08115300,0.04100000
2018-02-28 07:01:34,0.08115300,0.17100000
2018-02-28 07:01:35,0.08105200,0.03600000
2018-02-28 07:01:35,0.08115200,0.61600000
2018-02-28 07:01:35,0.08107200,0.01000000
2018-02-28 07:01:36,0.08114000,0.05000000
2018-02-28 07:01:36,0.08114000,0.35000000
2018-02-28 07:01:36,0.08115200,1.16100000
2018-02-28 07:01:36,0.08107200,0.03300000
2018-02-28 07:01:36,0.08115200,0.93500000
2018-02-28 07:01:36,0.08107200,0.69000000
2018-02-28 07:01:36,0.08107200,0.01000000
2018-02-28 07:01:37,0.08107200,0.92700000
2018-02-28 07:01:37,0.08107200,0.02900000
2018-02-28 07:01:37,0.08114000,0.03300000
2018-02-28 07:01:37,0.08107200,0.01000000
2018-02-28 07:01:38,0.08114000,0.36500000
2018-02-28 07:01:38,0.08107200,0.01000000
2018-02-28 07:01:39,0.08107200,0.10400000
2018-02-28 07:01:39,0.08107200,0.01000000
2018-02-28 07:01:40,0.08107200,0.45700000
2018-02-28 07:01:40,0.08108800,0.07500000
2018-02-28 07:01:40,0.08108800,0.01000000
2018-02-28 07:01:40,0.08108800,0.04100000
2018-02-28 07:01:40,0.08108800,0.03100000
2018-02-28 07:01:41,0.08108800,0.21300000
2018-02-28 07:01:41,0.08108800,2.17300000
2018-02-28 07:01:41,0.08108800,0.02000000
2018-02-28 07:01:42,0.08108800,1.00000000
2018-02-28 07:01:42,0.08108900,0.34800000
2018-02-28 07:01:42,0.08108900,0.59300000
2018-02-28 07:01:42,0.08108900,0.42900000
2018-02-28 07:01:42,0.08108900,0.02000000
2018-02-28 07:01:43,0.08108900,1.30300000
2018-02-28 07:01:43,0.08108900,0.02000000
2018-02-28 07:01:43,0.08108900,0.06300000
2018-02-28 07:01:44,0.08109600,0.01200000
2018-02-28 07:01:44,0.08108900,0.21600000
2018-02-28 07:01:44,0.08109600,0.02000000
2018-02-28 07:01:44,0.08109600,0.17300000
2018-02-28 07:01:44,0.08109600,0.47100000
2018-02-28 07:01:44,0.08108800,0.02000000
2018-02-28 07:01:44,0.08108800,0.05800000
2018-02-28 07:01:45,0.08108800,0.11600000
2018-02-28 07:01:45,0.08108800,0.24400000
2018-02-28 07:01:45,0.08108800,0.02000000
2018-02-28 07:01:46,0.08108800,0.05300000
2018-02-28 07:01:46,0.08108800,0.02000000
2018-02-28 07:01:46,0.08109600,2.07100000
2018-02-28 07:01:46,0.08108800,0.07500000
2018-02-28 07:01:46,0.08109600,0.40300000
2018-02-28 07:01:46,0.08109600,0.04500000
2018-02-28 07:01:47,0.08108800,0.00400000
2018-02-28 07:01:47,0.08107000,0.03200000
2018-02-28 07:01:47,0.08109600,1.13600000
2018-02-28 07:01:47,0.08109600,0.66300000
2018-02-28 07:01:47,0.08107000,0.01000000
2018-02-28 07:01:47,0.08107000,0.11000000
2018-02-28 07:01:47,0.08109600,0.00600000
2018-02-28 07:01:47,0.08109600,0.02900000
2018-02-28 07:01:48,0.08109600,0.00100000
2018-02-28 07:01:48,0.08107000,0.01900000
2018-02-28 07:01:49,0.08107000,0.25200000
2018-02-28 07:01:49,0.08107000,0.13300000
2018-02-28 07:01:49,0.08107000,0.01000000
2018-02-28 07:01:49,0.08114000,0.00200000
2018-02-28 07:01:49,0.08115300,0.00100000
2018-02-28 07:01:49,0.08116000,0.02000000
2018-02-28 07:01:49,0.08116100,0.02000000
2018-02-28 07:01:49,0.08116200,0.00700000
2018-02-28 07:01:50,0.08116100,0.01600000
2018-02-28 07:01:50,0.08116100,0.04300000
2018-02-28 07:01:50,0.08107100,0.01000000
2018-02-28 07:01:51,0.08116100,0.02000000
2018-02-28 07:01:51,0.08107100,0.01000000
2018-02-28 07:01:51,0.08107100,0.01700000
2018-02-28 07:01:52,0.08107300,0.02000000
2018-02-28 07:01:52,0.08107200,1.10500000
2018-02-28 07:01:52,0.08107200,0.02100000
2018-02-28 07:01:52,0.08107000,1.10700000
2018-02-28 07:01:52,0.08107000,0.29600000
2018-02-28 07:01:52,0.08107000,0.52200000
2018-02-28 07:01:52,0.08105400,0.34700000
2018-02-28 07:01:52,0.08105400,1.16200000
2018-02-28 07:01:53,0.08106000,0.38000000
2018-02-28 07:01:53,0.08105500,0.62000000
2018-02-28 07:01:53,0.08116000,0.10400000
2018-02-28 07:01:53,0.08116000,1.02100000
2018-02-28 07:01:54,0.08116000,0.15500000
2018-02-28 07:01:54,0.08116000,0.02000000
2018-02-28 07:01:54,0.08116000,0.02000000
2018-02-28 07:01:54,0.08116000,0.08400000
2018-02-28 07:01:55,0.08116000,0.30600000
2018-02-28 07:01:55,0.08116000,0.00100000
2018-02-28 07:01:55,0.08116200,0.03300000
2018-02-28 07:01:55,0.08116300,0.02000000
2018-02-28 07:01:55,0.08116400,0.15200000
2018-02-28 07:01:55,0.08116000,0.01800000
2018-02-28 07:01:56,0.08106300,0.22100000
2018-02-28 07:01:56,0.08116000,0.02000000
2018-02-28 07:01:56,0.08116000,0.02100000
2018-02-28 07:01:56,0.08106300,0.01000000
2018-02-28 07:01:57,0.08106400,0.01900000
2018-02-28 07:01:57,0.08106500,0.01000000
2018-02-28 07:01:57,0.08106500,0.01000000
2018-02-28 07:01:58,0.08106500,0.04600000
2018-02-28 07:01:58,0.08106500,0.44100000
2018-02-28 07:01:58,0.08107000,0.27800000
2018-02-28 07:01:58,0.08107000,0.00200000
2018-02-28 07:01:58,0.08106600,0.00800000
2018-02-28 07:01:59,0.08107100,1.16900000
2018-02-28 07:01:59,0.08107100,0.01000000
2018-02-28 07:01:59,0.08116000,0.58400000
2018-02-28 07:01:59,0.08116000,0.11700000
2018-02-28 07:01:59,0.08116200,0.02000000
2018-02-28 07:01:59,0.08116300,0.02000000
2018-02-28 07:01:59,0.08116400,0.02000000
2018-02-28 07:01:59,0.08116600,0.48400000
2018-02-28 07:02:00,0.08116100,0.01900000
2018-02-28 07:02:00,0.08116100,0.02000000
2018-02-28 07:02:00,0.08107300,0.01000000
2018-02-28 07:02:01,0.08107300,0.01000000
2018-02-28 07:02:02,0.08107300,0.01700000
2018-02-28 07:02:02,0.08114600,0.11700000
2018-02-28 07:02:02,0.08114600,0.36700000
2018-02-28 07:02:02,0.08116100,0.02100000
2018-02-28 07:02:02,0.08116200,0.02000000
2018-02-28 07:02:02,0.08116300,0.02000000
2018-02-28 07:02:02,0.08116400,0.02000000
2018-02-28 07:02:02,0.08116600,1.53600000
2018-02-28 07:02:02,0.08116700,0.02000000
2018-02-28 07:02:02,0.08116800,0.02000000
2018-02-28 07:02:02,0.08116900,0.20000000
2018-02-28 07:02:02,0.08117000,0.02000000
2018-02-28 07:02:02,0.08117200,0.02000000
2018-02-28 07:02:02,0.08117600,0.02000000
2018-02-28 07:02:02,0.08117900,0.17600000
2018-02-28 07:02:02,0.08107300,0.00300000
2018-02-28 07:02:02,0.08107100,0.02400000
2018-02-28 07:02:02,0.08107300,0.01700000
2018-02-28 07:02:02,0.08107300,1.00000000
2018-02-28 07:02:02,0.08107300,0.04000000
2018-02-28 07:02:02,0.08107300,0.01000000
2018-02-28 07:02:02,0.08107300,0.01000000
2018-02-28 07:02:02,0.08107100,0.00700000
2018-02-28 07:02:03,0.08107100,1.23300000
2018-02-28 07:02:03,0.08107100,0.15700000
2018-02-28 07:02:03,0.08107000,0.16700000
2018-02-28 07:02:03,0.08116200,0.01900000
2018-02-28 07:02:03,0.08107000,0.08700000
2018-02-28 07:02:03,0.08107300,4.99600000
2018-02-28 07:02:03,0.08107000,0.13300000
2018-02-28 07:02:03,0.08107000,0.00300000
2018-02-28 07:02:03,0.08106400,0.34600000
2018-02-28 07:02:04,0.08106400,0.01000000
2018-02-28 07:02:04,0.08106400,0.02500000
2018-02-28 07:02:04,0.08107400,0.01500000
2018-02-28 07:02:04,0.08107400,0.01000000
2018-02-28 07:02:05,0.08116000,0.36400000
2018-02-28 07:02:05,0.08107400,0.08100000
2018-02-28 07:02:05,0.08107400,1.01600000
2018-02-28 07:02:05,0.08106500,0.01000000
2018-02-28 07:02:05,0.08106500,0.03000000
2018-02-28 07:02:06,0.08107000,0.01000000
2018-02-28 07:02:07,0.08107000,0.06100000
2018-02-28 07:02:07,0.08107000,0.29900000
2018-02-28 07:02:07,0.08106600,0.05500000
2018-02-28 07:02:07,0.08115900,0.22000000
2018-02-28 07:02:07,0.08107100,0.01000000
2018-02-28 07:02:08,0.08107100,5.73400000
2018-02-28 07:02:08,0.08107100,0.00600000
2018-02-28 07:02:08,0.08106100,0.08200000
2018-02-28 07:02:08,0.08105400,0.26200000
2018-02-28 07:02:08,0.08115800,0.02500000
2018-02-28 07:02:09,0.08105400,0.44400000
2018-02-28 07:02:09,0.08105400,0.02100000
2018-02-28 07:02:09,0.08105400,0.41600000
2018-02-28 07:02:09,0.08107100,0.02500000
2018-02-28 07:02:09,0.08115900,0.24800000
2018-02-28 07:02:11,0.08114800,0.03400000
2018-02-28 07:02:11,0.08114700,0.04200000
2018-02-28 07:02:12,0.08114700,0.40900000
2018-02-28 07:02:12,0.08114700,0.07700000
2018-02-28 07:02:12,0.08114700,0.49200000
2018-02-28 07:02:12,0.08105300,1.86300000
2018-02-28 07:02:13,0.08114600,0.10200000
2018-02-28 07:02:13,0.08105300,0.94100000
2018-02-28 07:02:13,0.08114600,0.14900000
2018-02-28 07:02:14,0.08114000,0.03800000
2018-02-28 07:02:15,0.08114000,0.12300000
2018-02-28 07:02:15,0.08105400,0.02900000
2018-02-28 07:02:15,0.08114000,0.43900000
2018-02-28 07:02:15,0.08114800,0.12200000
2018-02-28 07:02:15,0.08114000,0.09900000
2018-02-28 07:02:15,0.08114000,0.10000000
2018-02-28 07:02:15,0.08105400,0.00100000
2018-02-28 07:02:15,0.08105200,0.00100000
2018-02-28 07:02:15,0.08104100,0.10800000
2018-02-28 07:02:15,0.08114000,0.17000000
2018-02-28 07:02:15,0.08114000,0.17100000
2018-02-28 07:02:16,0.08114000,0.16900000
2018-02-28 07:02:16,0.08114000,0.03900000
2018-02-28 07:02:16,0.08114000,0.07000000
2018-02-28 07:02:16,0.08114000,0.03700000
2018-02-28 07:02:16,0.08104100,0.05400000
2018-02-28 07:02:17,0.08104200,0.22100000
2018-02-28 07:02:17,0.08113900,0.71500000
2018-02-28 07:02:17,0.08104200,0.40000000
2018-02-28 07:02:18,0.08113800,0.13900000
2018-02-28 07:02:18,0.08104200,0.01800000
2018-02-28 07:02:19,0.08104200,0.43000000
2018-02-28 07:02:19,0.08104200,0.02000000
2018-02-28 07:02:19,0.08104100,0.37900000
2018-02-28 07:02:19,0.08113700,0.07900000
2018-02-28 07:02:19,0.08113700,0.55900000
2018-02-28 07:02:20,0.08113600,0.38800000
2018-02-28 07:02:20,0.08113500,0.01700000
2018-02-28 07:02:20,0.08104200,0.93400000
2018-02-28 07:02:20,0.08104100,0.62200000
2018-02-28 07:02:20,0.08104000,0.40000000
2018-02-28 07:02:20,0.08102500,0.03700000
2018-02-28 07:02:20,0.08101400,0.01500000
2018-02-28 07:02:20,0.08100400,0.13400000
2018-02-28 07:02:20,0.08100300,0.77700000
2018-02-28 07:02:22,0.08113000,0.18900000
2018-02-28 07:02:22,0.08113000,0.20100000
2018-02-28 07:02:22,0.08113000,0.01000000
2018-02-28 07:02:22,0.08113500,0.00300000
2018-02-28 07:02:22,0.08113600,0.19600000
2018-02-28 07:02:22,0.08113500,0.13900000
2018-02-28 07:02:22,0.08113500,0.11900000
2018-02-28 07:02:22,0.08113500,0.07100000
2018-02-28 07:02:23,0.08113500,0.04100000
2018-02-28 07:02:23,0.08113600,0.16000000
2018-02-28 07:02:23,0.08113500,0.03900000
2018-02-28 07:02:23,0.08113500,0.00100000
2018-02-28 07:02:23,0.08113600,0.02900000
2018-02-28 07:02:23,0.08113500,0.02000000
2018-02-28 07:02:23,0.08113600,0.71300000
2018-02-28 07:02:23,0.08113600,0.02800000
2018-02-28 07:02:23,0.08106200,0.01300000
2018-02-28 07:02:23,0.08102500,0.02000000
2018-02-28 07:02:23,0.08100100,0.03300000
2018-02-28 07:02:23,0.08113500,0.24900000
2018-02-28 07:02:24,0.08113400,1.23100000
2018-02-28 07:02:24,0.08113400,0.86100000
2018-02-28 07:02:24,0.08113500,0.25400000
2018-02-28 07:02:24,0.08113600,0.02000000
2018-02-28 07:02:24,0.08115800,0.09000000
2018-02-28 07:02:24,0.08115800,0.56800000
2018-02-28 07:02:24,0.08115800,2.44100000
2018-02-28 07:02:24,0.08100400,0.37100000
2018-02-28 07:02:24,0.08101000,0.05600000
2018-02-28 07:02:25,0.08101700,0.49600000
2018-02-28 07:02:26,0.08116100,0.13300000
2018-02-28 07:02:26,0.08116100,0.00100000
2018-02-28 07:02:26,0.08116200,0.02100000
2018-02-28 07:02:26,0.08116300,0.02000000
2018-02-28 07:02:26,0.08116400,0.02000000
2018-02-28 07:02:26,0.08116600,0.02000000
2018-02-28 07:02:26,0.08116700,0.02000000
2018-02-28 07:02:26,0.08116800,0.02000000
2018-02-28 07:02:26,0.08116900,0.00800000
2018-02-28 07:02:26,0.08116900,0.01200000
2018-02-28 07:02:26,0.08117000,0.02000000
2018-02-28 07:02:26,0.08117200,0.02000000
2018-02-28 07:02:26,0.08117500,0.08100000
2018-02-28 07:02:26,0.08117500,1.27900000
2018-02-28 07:02:26,0.08115600,0.05500000
2018-02-28 07:02:26,0.08115500,0.05100000
2018-02-28 07:02:26,0.08115500,0.01500000
2018-02-28 07:02:27,0.08115500,0.42100000
2018-02-28 07:02:27,0.08115500,0.00900000
2018-02-28 07:02:27,0.08117500,0.41900000
2018-02-28 07:02:27,0.08117500,0.25500000
2018-02-28 07:02:28,0.08117500,1.22500000
2018-02-28 07:02:28,0.08117500,0.69300000
2018-02-28 07:02:29,0.08117500,0.50600000
2018-02-28 07:02:29,0.08117500,0.00200000
2018-02-28 07:02:29,0.08117600,0.03500000
2018-02-28 07:02:29,0.08117900,0.10400000
2018-02-28 07:02:30,0.08117900,0.04500000
2018-02-28 07:02:30,0.08103800,0.24700000
2018-02-28 07:02:30,0.08117900,0.13900000
2018-02-28 07:02:30,0.08117900,0.04500000
2018-02-28 07:02:30,0.08117900,0.09600000
2018-02-28 07:02:30,0.08118300,0.04400000
2018-02-28 07:02:31,0.08118300,0.40600000
2018-02-28 07:02:31,0.08118300,0.31200000
2018-02-28 07:02:32,0.08118200,0.24500000
2018-02-28 07:02:32,0.08104300,0.01800000
2018-02-28 07:02:32,0.08104500,0.18200000
2018-02-28 07:02:33,0.08118200,0.00200000
2018-02-28 07:02:33,0.08118300,0.12100000
2018-02-28 07:02:33,0.08118300,0.05200000
2018-02-28 07:02:33,0.08118300,0.00100000
2018-02-28 07:02:33,0.08118800,0.02000000
2018-02-28 07:02:33,0.08118900,0.02000000
2018-02-28 07:02:33,0.08119200,0.01100000
2018-02-28 07:02:33,0.08119100,0.18200000
2018-02-28 07:02:34,0.08119100,0.02000000
2018-02-28 07:02:34,0.08119200,0.02800000
2018-02-28 07:02:34,0.08105100,0.56900000
2018-02-28 07:02:34,0.08119200,0.02100000
2018-02-28 07:02:34,0.08119300,0.02000000
2018-02-28 07:02:34,0.08120700,0.00700000
2018-02-28 07:02:34,0.08119200,0.02000000
2018-02-28 07:02:34,0.08105600,0.13400000
2018-02-28 07:02:34,0.08105500,0.43600000
2018-02-28 07:02:34,0.08105500,0.79400000
2018-02-28 07:02:34,0.08104800,2.23800000
2018-02-28 07:02:34,0.08104800,0.09600000
2018-02-28 07:02:34,0.08105500,0.03600000
2018-02-28 07:02:34,0.08118700,0.39900000
2018-02-28 07:02:35,0.08105500,0.17000000
2018-02-28 07:02:35,0.08118700,0.54500000
2018-02-28 07:02:35,0.08118700,0.28600000
2018-02-28 07:02:35,0.08118700,0.00100000
2018-02-28 07:02:35,0.08119200,0.05800000
2018-02-28 07:02:35,0.08105500,0.44800000
2018-02-28 07:02:35,0.08105500,1.26400000
2018-02-28 07:02:35,0.08119000,0.03200000
2018-02-28 07:02:35,0.08105600,0.49300000
2018-02-28 07:02:35,0.08105500,0.36800000
2018-02-28 07:02:35,0.08105500,0.13400000
2018-02-28 07:02:36,0.08119000,0.11400000
2018-02-28 07:02:36,0.08119000,0.36400000
2018-02-28 07:02:36,0.08105900,0.25100000
2018-02-28 07:02:37,0.08118700,1.23100000
2018-02-28 07:02:37,0.08118700,3.18500000
2018-02-28 07:02:37,0.08106200,1.52000000
2018-02-28 07:02:37,0.08118500,0.49400000
2018-02-28 07:02:37,0.08118600,0.13400000
2018-02-28 07:02:37,0.08118700,0.30200000
2018-02-28 07:02:37,0.08119200,0.02000000
2018-02-28 07:02:37,0.08119300,0.02000000
2018-02-28 07:02:37,0.08120700,0.03300000
2018-02-28 07:02:37,0.08121500,0.40000000
2018-02-28 07:02:37,0.08121800,0.02000000
2018-02-28 07:02:37,0.08122000,0.02000000
2018-02-28 07:02:37,0.08122400,0.60000000
2018-02-28 07:02:37,0.08122600,0.02000000
2018-02-28 07:02:37,0.08122700,0.31100000
2018-02-28 07:02:37,0.08122800,0.04000000
2018-02-28 07:02:37,0.08122900,0.50000000
2018-02-28 07:02:37,0.08123000,0.09600000
2018-02-28 07:02:38,0.08119300,0.01900000
2018-02-28 07:02:38,0.08106800,0.13400000
2018-02-28 07:02:38,0.08106200,0.11900000
2018-02-28 07:02:38,0.08119300,0.00100000
2018-02-28 07:02:38,0.08120700,0.02000000
2018-02-28 07:02:38,0.08121500,0.02000000
2018-02-28 07:02:38,0.08121800,0.01900000
2018-02-28 07:02:38,0.08106600,0.01000000
2018-02-28 07:02:38,0.08106600,0.69000000
2018-02-28 07:02:38,0.08106500,0.03200000
2018-02-28 07:02:39,0.08119300,0.01800000
2018-02-28 07:02:39,0.08106600,0.19900000
2018-02-28 07:02:39,0.08107000,0.05900000
2018-02-28 07:02:39,0.08107000,0.34000000
2018-02-28 07:02:39,0.08107000,0.00100000
2018-02-28 07:02:39,0.08106600,0.18100000
2018-02-28 07:02:39,0.08106500,0.07900000
2018-02-28 07:02:39,0.08107200,0.01600000
2018-02-28 07:02:39,0.08107200,0.13300000
2018-02-28 07:02:39,0.08107200,0.01000000
2018-02-28 07:02:40,0.08107200,0.13900000
2018-02-28 07:02:40,0.08119000,0.02300000
2018-02-28 07:02:40,0.08119000,0.02600000
2018-02-28 07:02:40,0.08107200,0.04600000
2018-02-28 07:02:40,0.08107200,0.00600000
2018-02-28 07:02:40,0.08107100,0.04500000
2018-02-28 07:02:40,0.08107100,0.05100000
2018-02-28 07:02:40,0.08107200,0.42200000
2018-02-28 07:02:40,0.08107200,0.00100000
2018-02-28 07:02:40,0.08107100,0.39400000
2018-02-28 07:02:40,0.08107200,0.16900000
2018-02-28 07:02:40,0.08107200,0.01000000
2018-02-28 07:02:40,0.08107300,0.02000000
2018-02-28 07:02:41,0.08107400,0.40600000
2018-02-28 07:02:41,0.08107400,0.72000000
2018-02-28 07:02:41,0.08116100,0.29300000
2018-02-28 07:02:42,0.08116100,0.04400000
2018-02-28 07:02:42,0.08116100,0.05000000
2018-02-28 07:02:43,0.08107400,0.05800000
2018-02-28 07:02:43,0.08107400,0.09800000
2018-02-28 07:02:43,0.08116100,0.05000000
2018-02-28 07:02:44,0.08107500,0.01300000
2018-02-28 07:02:44,0.08107500,0.01700000
2018-02-28 07:02:44,0.08116000,0.22800000
2018-02-28 07:02:45,0.08107300,0.00300000
2018-02-28 07:02:46,0.08107300,0.01300000
2018-02-28 07:02:46,0.08106000,0.00800000
2018-02-28 07:02:46,0.08106000,0.01200000
2018-02-28 07:02:46,0.08106000,0.11200000
2018-02-28 07:02:46,0.08106000,0.11300000
2018-02-28 07:02:46,0.08105900,0.02000000
2018-02-28 07:02:46,0.08105100,0.08700000
2018-02-28 07:02:46,0.08105900,0.00100000
2018-02-28 07:02:47,0.08105900,0.01800000
2018-02-28 07:02:47,0.08107500,1.14300000
2018-02-28 07:02:47,0.08107500,1.43700000
2018-02-28 07:02:47,0.08105900,0.00100000
2018-02-28 07:02:47,0.08105100,0.03300000
2018-02-28 07:02:47,0.08104600,0.81200000
2018-02-28 07:02:48,0.08106000,0.11300000
2018-02-28 07:02:48,0.08115800,0.19900000
2018-02-28 07:02:48,0.08106000,0.16600000
2018-02-28 07:02:48,0.08115800,0.01900000
2018-02-28 07:02:49,0.08115700,1.12700000
2018-02-28 07:02:49,0.08115700,0.00100000
2018-02-28 07:02:49,0.08115800,0.00100000
2018-02-28 07:02:49,0.08116000,0.04800000
2018-02-28 07:02:49,0.08106100,0.72800000
2018-02-28 07:02:49,0.08115600,0.01900000
2018-02-28 07:02:50,0.08115500,0.13400000
2018-02-28 07:02:50,0.08115600,0.48200000
2018-02-28 07:02:50,0.08115600,1.34600000
2018-02-28 07:02:51,0.08106300,0.01900000
2018-02-28 07:02:51,0.08115400,0.01900000
2018-02-28 07:02:52,0.08115400,0.04100000
2018-02-28 07:02:53,0.08115400,0.30900000
2018-02-28 07:02:53,0.08106400,0.62300000
2018-02-28 07:02:53,0.08115400,0.66300000
2018-02-28 07:02:53,0.08106400,0.50500000
2018-02-28 07:02:53,0.08106500,0.13400000
2018-02-28 07:02:53,0.08106500,0.02000000
2018-02-28 07:02:54,0.08114900,0.34900000
2018-02-28 07:02:54,0.08114900,1.82100000
2018-02-28 07:02:55,0.08106500,0.00100000
2018-02-28 07:02:55,0.08106300,0.13600000
2018-02-28 07:02:55,0.08106500,0.01900000
2018-02-28 07:02:55,0.08106500,0.00100000
2018-02-28 07:02:55,0.08106300,0.01800000
2018-02-28 07:02:55,0.08114900,0.24500000
2018-02-28 07:02:55,0.08114900,0.12900000
2018-02-28 07:02:55,0.08106500,0.02000000
2018-02-28 07:02:55,0.08106300,1.53200000
2018-02-28 07:02:55,0.08106500,0.02000000
2018-02-28 07:02:55,0.08106300,0.18000000
2018-02-28 07:02:55,0.08106300,0.01900000
2018-02-28 07:02:55,0.08114900,0.10000000
2018-02-28 07:02:55,0.08106500,0.01900000
2018-02-28 07:02:56,0.08114800,0.55500000
2018-02-28 07:02:56,0.08114800,0.55500000
2018-02-28 07:02:56,0.08114800,0.52400000
2018-02-28 07:02:56,0.08114800,0.15700000
2018-02-28 07:02:57,0.08114800,1.23100000
2018-02-28 07:02:57,0.08114800,0.17600000
2018-02-28 07:02:57,0.08115100,0.02000000
2018-02-28 07:02:57,0.08115300,0.54000000
2018-02-28 07:02:58,0.08115000,0.34900000
2018-02-28 07:02:58,0.08106500,0.18100000
2018-02-28 07:02:58,0.08106300,0.13500000
2018-02-28 07:02:58,0.08106500,0.19900000
2018-02-28 07:02:59,0.08106500,0.02400000
2018-02-28 07:02:59,0.08106500,0.07700000
2018-02-28 07:02:59,0.08106300,0.02300000
2018-02-28 07:02:59,0.08106500,0.01900000
2018-02-28 07:02:59,0.08106500,0.10000000
2018-02-28 07:02:59,0.08106500,0.02100000
2018-02-28 07:02:59,0.08106300,0.01400000
2018-02-28 07:03:00,0.08112400,0.05700000
2018-02-28 07:03:00,0.08112400,0.11000000
2018-02-28 07:03:00,0.08112400,0.00800000
2018-02-28 07:03:00,0.08106700,0.01200000
2018-02-28 07:03:00,0.08106700,0.90500000
2018-02-28 07:03:01,0.08115000,0.12000000
2018-02-28 07:03:01,0.08106700,0.40000000
2018-02-28 07:03:01,0.08115000,0.10000000
2018-02-28 07:03:01,0.08115000,0.01300000
2018-02-28 07:03:02,0.08106700,0.04000000
2018-02-28 07:03:02,0.08106700,0.00100000
2018-02-28 07:03:02,0.08106300,0.03500000
2018-02-28 07:03:02,0.08106400,0.09800000
2018-02-28 07:03:03,0.08115000,0.04700000
2018-02-28 07:03:03,0.08106300,0.09700000
2018-02-28 07:03:04,0.08114900,1.23100000
2018-02-28 07:03:04,0.08106300,0.98400000
2018-02-28 07:03:04,0.08114900,1.90800000
2018-02-28 07:03:04,0.08106300,0.87400000
2018-02-28 07:03:04,0.08106300,0.07000000
2018-02-28 07:03:05,0.08106300,0.88300000
2018-02-28 07:03:05,0.08115000,0.12000000
2018-02-28 07:03:05,0.08115000,0.00100000
2018-02-28 07:03:05,0.08115300,0.11900000
2018-02-28 07:03:05,0.08115300,0.13200000
2018-02-28 07:03:06,0.08115200,0.19300000
2018-02-28 07:03:06,0.08115200,0.05700000
2018-02-28 07:03:06,0.08115300,0.07000000
2018-02-28 07:03:06,0.08115300,0.10900000
2018-02-28 07:03:07,0.08115200,0.53300000
2018-02-28 07:03:08,0.08115100,0.10000000
2018-02-28 07:03:08,0.08106300,0.09500000
2018-02-28 07:03:08,0.08104800,0.15000000
2018-02-28 07:03:09,0.08104900,0.01900000
2018-02-28 07:03:09,0.08115000,0.04400000
2018-02-28 07:03:09,0.08115000,0.15500000
2018-02-28 07:03:10,0.08105000,0.32700000
2018-02-28 07:03:10,0.08105000,1.04600000
2018-02-28 07:03:10,0.08104900,0.14400000
2018-02-28 07:03:10,0.08104900,0.29000000
2018-02-28 07:03:10,0.08105300,0.15100000
2018-02-28 07:03:11,0.08114600,0.45300000
2018-02-28 07:03:11,0.08114700,0.15500000
2018-02-28 07:03:11,0.08114700,0.02000000
2018-02-28 07:03:11,0.08114800,0.87300000
2018-02-28 07:03:11,0.08105400,0.02000000
2018-02-28 07:03:11,0.08105300,0.23900000
2018-02-28 07:03:12,0.08114700,0.01900000
2018-02-28 07:03:12,0.08114700,0.00100000
2018-02-28 07:03:12,0.08114800,0.02000000
2018-02-28 07:03:12,0.08105400,0.02000000
2018-02-28 07:03:12,0.08104600,0.03600000
2018-02-28 07:03:14,0.08105000,0.02000000
2018-02-28 07:03:14,0.08104500,0.14600000
2018-02-28 07:03:14,0.08112600,0.10000000
2018-02-28 07:03:14,0.08104500,0.88000000
2018-02-28 07:03:14,0.08103000,0.26200000
2018-02-28 07:03:14,0.08101400,0.01500000
2018-02-28 07:03:14,0.08101000,0.13500000
2018-02-28 07:03:14,0.08100100,0.60000000
2018-02-28 07:03:14,0.08100000,0.06000000
2018-02-28 07:03:14,0.08099200,0.38800000
2018-02-28 07:03:14,0.08098600,0.76000000
2018-02-28 07:03:14,0.08112600,0.02200000
2018-02-28 07:03:15,0.08112600,0.06600000
2018-02-28 07:03:15,0.08113000,0.33100000
2018-02-28 07:03:15,0.08112500,0.25000000
2018-02-28 07:03:15,0.08112600,0.20000000
2018-02-28 07:03:15,0.08113600,1.16100000
2018-02-28 07:03:15,0.08113700,1.14000000
2018-02-28 07:03:15,0.08114800,0.00100000
2018-02-28 07:03:15,0.08115000,2.51900000
2018-02-28 07:03:15,0.08115300,0.18500000
2018-02-28 07:03:15,0.08116100,0.17700000
2018-02-28 07:03:15,0.08119300,0.04000000
2018-02-28 07:03:15,0.08119800,0.15200000
2018-02-28 07:03:15,0.08120700,0.02000000
2018-02-28 07:03:15,0.08121500,0.02000000
2018-02-28 07:03:15,0.08121600,0.02200000
2018-02-28 07:03:15,0.08112500,0.15900000
2018-02-28 07:03:15,0.08112500,0.02100000
2018-02-28 07:03:15,0.08112500,2.78900000
2018-02-28 07:03:15,0.08112500,0.17400000
2018-02-28 07:03:15,0.08112500,1.20400000
2018-02-28 07:03:15,0.08112500,0.06800000
2018-02-28 07:03:16,0.08112500,2.85700000
2018-02-28 07:03:16,0.08112500,0.08600000
2018-02-28 07:03:16,0.08112500,0.78600000
2018-02-28 07:03:16,0.08112500,0.34500000
2018-02-28 07:03:16,0.08112500,0.01300000
2018-02-28 07:03:16,0.08112500,1.23400000
2018-02-28 07:03:16,0.08112500,0.46900000
2018-02-28 07:03:16,0.08112500,0.02500000
2018-02-28 07:03:16,0.08112500,0.86100000
2018-02-28 07:03:16,0.08112500,0.11100000
2018-02-28 07:03:16,0.08112500,0.38700000
2018-02-28 07:03:16,0.08112500,0.02000000
2018-02-28 07:03:16,0.08112500,0.02000000
2018-02-28 07:03:16,0.08112500,0.05900000
2018-02-28 07:03:16,0.08101100,0.01800000
2018-02-28 07:03:16,0.08101100,0.07800000
2018-02-28 07:03:16,0.08101100,0.03900000
2018-02-28 07:03:16,0.08101000,0.01900000
2018-02-28 07:03:17,0.08113000,0.06900000
2018-02-28 07:03:17,0.08113000,0.02000000
2018-02-28 07:03:17,0.08113000,0.00100000
2018-02-28 07:03:18,0.08113000,0.03100000
2018-02-28 07:03:18,0.08113000,0.08200000
2018-02-28 07:03:18,0.08102000,0.07000000
2018-02-28 07:03:18,0.08101500,0.04200000
2018-02-28 07:03:18,0.08101500,0.10100000
2018-02-28 07:03:19,0.08117500,0.06200000
2018-02-28 07:03:19,0.08117500,0.06300000
2018-02-28 07:03:19,0.08117500,0.01800000
2018-02-28 07:03:19,0.08117600,0.06200000
2018-02-28 07:03:19,0.08117600,0.14500000
2018-02-28 07:03:20,0.08116900,0.11100000
2018-02-28 07:03:20,0.08116700,0.10000000
2018-02-28 07:03:21,0.08116600,0.04900000
2018-02-28 07:03:22,0.08116500,0.04900000
2018-02-28 07:03:22,0.08116500,0.00100000
2018-02-28 07:03:22,0.08116600,0.04800000
2018-02-28 07:03:22,0.08116600,0.03700000
2018-02-28 07:03:22,0.08103500,0.33100000
2018-02-28 07:03:23,0.08111600,0.33100000
2018-02-28 07:03:23,0.08111600,0.00100000
2018-02-28 07:03:23,0.08116600,0.20100000
2018-02-28 07:03:23,0.08116800,0.02900000
2018-02-28 07:03:23,0.08103600,0.13500000
2018-02-28 07:03:23,0.08103500,0.51900000
2018-02-28 07:03:23,0.08103400,3.53700000
2018-02-28 07:03:23,0.08103300,1.24500000
2018-02-28 07:03:24,0.08116500,0.20500000
2018-02-28 07:03:24,0.08104200,0.11100000
2018-02-28 07:03:25,0.08115800,0.07700000
2018-02-28 07:03:26,0.08115700,0.29300000
2018-02-28 07:03:26,0.08104500,0.05900000
2018-02-28 07:03:26,0.08104600,0.05900000
2018-02-28 07:03:27,0.08115300,0.10000000
2018-02-28 07:03:27,0.08115300,0.12900000
2018-02-28 07:03:27,0.08105000,0.29100000
2018-02-28 07:03:27,0.08115200,0.01400000
2018-02-28 07:03:28,0.08115200,0.04600000
2018-02-28 07:03:28,0.08105100,0.11700000
2018-02-28 07:03:28,0.08114900,0.11800000
2018-02-28 07:03:28,0.08115000,0.49000000
2018-02-28 07:03:28,0.08115200,0.13500000
2018-02-28 07:03:28,0.08115400,2.26700000
2018-02-28 07:03:29,0.08115000,0.19900000
2018-02-28 07:03:29,0.08105500,0.15000000
2018-02-28 07:03:29,0.08105400,0.13800000
2018-02-28 07:03:29,0.08105300,0.14100000
2018-02-28 07:03:29,0.08105400,0.02000000
2018-02-28 07:03:29,0.08105300,0.39100000
2018-02-28 07:03:29,0.08105200,0.01900000
2018-02-28 07:03:29,0.08105500,0.02100000
2018-02-28 07:03:30,0.08105500,0.27900000
2018-02-28 07:03:30,0.08114900,0.36400000
2018-02-28 07:03:31,0.08105000,0.02000000
2018-02-28 07:03:31,0.08105100,0.22500000
2018-02-28 07:03:31,0.08114700,0.07800000
2018-02-28 07:03:31,0.08114800,0.34100000
2018-02-28 07:03:31,0.08114800,0.07800000
2018-02-28 07:03:32,0.08105100,0.12300000
2018-02-28 07:03:32,0.08114800,0.15000000
2018-02-28 07:03:32,0.08114800,3.35000000
2018-02-28 07:03:32,0.08105100,0.10700000
2018-02-28 07:03:32,0.08105100,0.81300000
2018-02-28 07:03:33,0.08105200,0.05300000
2018-02-28 07:03:33,0.08114800,0.02100000
2018-02-28 07:03:33,0.08114800,0.02000000
2018-02-28 07:03:33,0.08115000,0.08000000
2018-02-28 07:03:33,0.08115000,0.11000000
2018-02-28 07:03:33,0.08117100,0.06900000
2018-02-28 07:03:33,0.08119800,0.01000000
2018-02-28 07:03:34,0.08114600,0.13900000
2018-02-28 07:03:34,0.08114600,0.00100000
2018-02-28 07:03:34,0.08114700,0.13800000
2018-02-28 07:03:34,0.08114600,0.06500000
2018-02-28 07:03:35,0.08114600,0.11400000
2018-02-28 07:03:35,0.08114600,0.12100000
2018-02-28 07:03:35,0.08119800,0.03000000
2018-02-28 07:03:35,0.08120700,0.01100000
2018-02-28 07:03:35,0.08105700,0.56900000
2018-02-28 07:03:36,0.08120700,0.02600000
2018-02-28 07:03:37,0.08106600,0.08200000
2018-02-28 07:03:37,0.08106500,0.41100000
2018-02-28 07:03:37,0.08106500,0.08700000
2018-02-28 07:03:38,0.08106600,0.88400000
2018-02-28 07:03:38,0.08106700,0.06300000
2018-02-28 07:03:38,0.08106700,0.16700000
2018-02-28 07:03:38,0.08106600,1.80900000
2018-02-28 07:03:38,0.08104700,0.37000000
2018-02-28 07:03:38,0.08104700,0.16700000
2018-02-28 07:03:38,0.08106700,0.15000000
2018-02-28 07:03:38,0.08104700,0.06300000
2018-02-28 07:03:38,0.08103300,1.95400000
2018-02-28 07:03:39,0.08115400,0.03400000
2018-02-28 07:03:39,0.08107000,0.02800000
2018-02-28 07:03:39,0.08115400,0.24500000
2018-02-28 07:03:39,0.08107000,0.37100000
2018-02-28 07:03:39,0.08115400,0.28900000
2018-02-28 07:03:39,0.08115400,0.00100000
2018-02-28 07:03:39,0.08115800,0.04900000
2018-02-28 07:03:39,0.08107000,0.19700000
2018-02-28 07:03:39,0.08115300,0.04100000
2018-02-28 07:03:40,0.08107000,0.60700000
2018-02-28 07:03:40,0.08107000,0.05200000
2018-02-28 07:03:40,0.08115000,0.39900000
2018-02-28 07:03:40,0.08107000,0.09900000
2018-02-28 07:03:40,0.08115000,0.00100000
2018-02-28 07:03:40,0.08115300,0.34600000
2018-02-28 07:03:40,0.08115900,0.04200000
2018-02-28 07:03:40,0.08120000,0.00900000
2018-02-28 07:03:40,0.08119900,0.13400000
2018-02-28 07:03:40,0.08120000,0.12000000
2018-02-28 07:03:41,0.08107000,0.48200000
2018-02-28 07:03:41,0.08119700,0.03800000
2018-02-28 07:03:41,0.08107000,0.19700000
2018-02-28 07:03:41,0.08107000,0.00100000
2018-02-28 07:03:41,0.08105000,0.01300000
2018-02-28 07:03:41,0.08103500,0.01800000
2018-02-28 07:03:41,0.08119700,0.02100000
2018-02-28 07:03:41,0.08107000,0.00300000
2018-02-28 07:03:41,0.08107000,0.13300000
2018-02-28 07:03:41,0.08107000,0.01700000
2018-02-28 07:03:42,0.08116500,0.49900000
2018-02-28 07:03:42,0.08116400,0.01800000
2018-02-28 07:03:42,0.08116500,0.03200000
2018-02-28 07:03:42,0.08116400,0.24800000
2018-02-28 07:03:42,0.08107100,0.48300000
2018-02-28 07:03:42,0.08107000,0.00300000
2018-02-28 07:03:42,0.08106300,0.02000000
2018-02-28 07:03:42,0.08103600,0.11600000
2018-02-28 07:03:42,0.08103500,0.11600000
2018-02-28 07:03:42,0.08103300,0.02800000
2018-02-28 07:03:43,0.08103300,0.35100000
2018-02-28 07:03:43,0.08107000,0.02400000
2018-02-28 07:03:43,0.08107000,0.46400000
2018-02-28 07:03:43,0.08107100,0.02300000
2018-02-28 07:03:43,0.08107100,0.22000000
2018-02-28 07:03:43,0.08103300,0.51400000
2018-02-28 07:03:43,0.08107100,0.13000000
2018-02-28 07:03:43,0.08107100,0.11100000
2018-02-28 07:03:43,0.08116300,0.12900000
2018-02-28 07:03:43,0.08103300,0.36100000
2018-02-28 07:03:43,0.08111400,0.10700000
2018-02-28 07:03:43,0.08111400,0.00300000
2018-02-28 07:03:43,0.08116300,0.00600000
2018-02-28 07:03:43,0.08116400,0.10000000
2018-02-28 07:03:43,0.08103300,0.00100000
2018-02-28 07:03:43,0.08102400,0.36000000
2018-02-28 07:03:43,0.08103300,0.02500000
2018-02-28 07:03:43,0.08102000,0.60000000
2018-02-28 07:03:43,0.08101500,0.04900000
2018-02-28 07:03:43,0.08101400,0.01500000
2018-02-28 07:03:43,0.08100700,0.05600000
2018-02-28 07:03:43,0.08100600,1.46800000
2018-02-28 07:03:43,0.08103300,0.07900000
2018-02-28 07:03:43,0.08103300,0.02000000
2018-02-28 07:03:43,0.08116400,0.05900000
2018-02-28 07:03:43,0.08103500,0.07900000
2018-02-28 07:03:43,0.08102000,0.06700000
2018-02-28 07:03:44,0.08107000,0.14200000
2018-02-28 07:03:44,0.08107000,0.19800000
2018-02-28 07:03:44,0.08116400,0.14100000
2018-02-28 07:03:44,0.08116400,0.18500000
2018-02-28 07:03:44,0.08116500,0.06000000
2018-02-28 07:03:44,0.08102400,0.03800000
2018-02-28 07:03:44,0.08102300,0.04800000
2018-02-28 07:03:44,0.08102300,0.87900000
2018-02-28 07:03:44,0.08116500,0.05000000
2018-02-28 07:03:44,0.08116400,0.05900000
2018-02-28 07:03:44,0.08107000,0.01900000
2018-02-28 07:03:44,0.08107000,0.04100000
2018-02-28 07:03:44,0.08116200,0.01900000
2018-02-28 07:03:44,0.08116200,0.05900000
2018-02-28 07:03:45,0.08107200,0.04300000
2018-02-28 07:03:45,0.08116200,0.51400000
2018-02-28 07:03:45,0.08116200,3.00800000
2018-02-28 07:03:45,0.08116100,0.13500000
2018-02-28 07:03:45,0.08116200,0.06300000
2018-02-28 07:03:45,0.08116400,2.81200000
2018-02-28 07:03:45,0.08107200,0.00100000
2018-02-28 07:03:45,0.08102400,0.25000000
2018-02-28 07:03:45,0.08102300,1.39900000
2018-02-28 07:03:45,0.08100600,0.13800000
2018-02-28 07:03:45,0.08098800,0.60000000
2018-02-28 07:03:45,0.08098600,0.35400000
2018-02-28 07:03:45,0.08098500,0.06500000
2018-02-28 07:03:45,0.08098400,0.05400000
2018-02-28 07:03:45,0.08098100,0.23900000
2018-02-28 07:03:45,0.08116400,0.04900000
2018-02-28 07:03:45,0.08116300,0.13000000
2018-02-28 07:03:45,0.08116400,0.24700000
2018-02-28 07:03:46,0.08107000,0.40000000
2018-02-28 07:03:46,0.08116300,1.23100000
2018-02-28 07:03:46,0.08116300,0.35900000
2018-02-28 07:03:46,0.08116300,0.15500000
2018-02-28 07:03:47,0.08116000,0.36500000
2018-02-28 07:03:48,0.08115900,1.06500000
2018-02-28 07:03:49,0.08115900,0.07000000
2018-02-28 07:03:49,0.08102000,0.13400000
2018-02-28 07:03:49,0.08102100,0.37000000
2018-02-28 07:03:49,0.08102100,0.19200000
2018-02-28 07:03:49,0.08115800,1.13000000
2018-02-28 07:03:49,0.08115900,0.15100000
2018-02-28 07:03:49,0.08116000,0.40000000
2018-02-28 07:03:49,0.08116100,0.03000000
2018-02-28 07:03:49,0.08116500,0.44400000
2018-02-28 07:03:49,0.08117500,0.60000000
2018-02-28 07:03:49,0.08117600,0.01500000
2018-02-28 07:03:49,0.08119700,0.02000000
2018-02-28 07:03:49,0.08119900,0.02000000
2018-02-28 07:03:49,0.08120000,0.20000000
2018-02-28 07:03:49,0.08102100,0.55000000
2018-02-28 07:03:49,0.08102000,0.20100000
2018-02-28 07:03:49,0.08101900,2.34900000
2018-02-28 07:03:50,0.08115900,0.19900000
2018-02-28 07:03:50,0.08102100,0.04500000
2018-02-28 07:03:51,0.08102200,0.02800000
2018-02-28 07:03:51,0.08102200,0.16000000
2018-02-28 07:03:51,0.08102200,0.13300000
2018-02-28 07:03:51,0.08102200,0.02700000
2018-02-28 07:03:51,0.08102200,0.64100000
2018-02-28 07:03:51,0.08110300,0.16200000
2018-02-28 07:03:51,0.08115700,0.33700000
2018-02-28 07:03:51,0.08102200,0.46500000
2018-02-28 07:03:51,0.08115700,0.16200000
2018-02-28 07:03:51,0.08115600,0.40000000
2018-02-28 07:03:52,0.08102400,0.08700000
2018-02-28 07:03:52,0.08115600,0.21200000
2018-02-28 07:03:52,0.08115600,0.22800000
2018-02-28 07:03:52,0.08115700,0.20000000
2018-02-28 07:03:52,0.08116100,0.13500000
2018-02-28 07:03:52,0.08117300,0.13000000
2018-02-28 07:03:52,0.08116100,0.10000000
2018-02-28 07:03:52,0.08116100,0.03000000
2018-02-28 07:03:52,0.08116100,0.02000000
2018-02-28 07:03:52,0.08116100,0.02000000
2018-02-28 07:03:52,0.08116100,0.03000000
2018-02-28 07:03:52,0.08116100,0.10000000
2018-02-28 07:03:52,0.08116100,0.02000000
2018-02-28 07:03:52,0.08116100,0.02000000
2018-02-28 07:03:52,0.08116100,0.02000000
2018-02-28 07:03:52,0.08116100,0.10000000
2018-02-28 07:03:52,0.08116100,0.02000000
2018-02-28 07:03:52,0.08116100,0.02000000
2018-02-28 07:03:53,0.08116100,0.02000000
2018-02-28 07:03:53,0.08116100,0.02000000
2018-02-28 07:03:53,0.08116100,0.02000000
2018-02-28 07:03:53,0.08116100,0.00300000
2018-02-28 07:03:53,0.08115600,0.02200000
2018-02-28 07:03:53,0.08115600,0.02200000
2018-02-28 07:03:53,0.08115600,0.02200000
2018-02-28 07:03:53,0.08115600,0.02100000
2018-02-28 07:03:53,0.08115700,0.01700000
2018-02-28 07:03:53,0.08116900,0.61300000
2018-02-28 07:03:53,0.08115600,0.02200000
2018-02-28 07:03:53,0.08115600,0.00500000
2018-02-28 07:03:53,0.08102600,0.01700000
2018-02-28 07:03:53,0.08102600,0.02200000
2018-02-28 07:03:53,0.08102600,0.02200000
2018-02-28 07:03:53,0.08116900,0.61200000
2018-02-28 07:03:53,0.08116900,1.23100000
2018-02-28 07:03:53,0.08116900,0.11600000
2018-02-28 07:03:53,0.08102600,0.02600000
2018-02-28 07:03:53,0.08115700,0.02000000
2018-02-28 07:03:53,0.08116900,0.83800000
2018-02-28 07:03:53,0.08119600,1.64300000
2018-02-28 07:03:53,0.08102600,0.02600000
2018-02-28 07:03:53,0.08119600,0.95300000
2018-02-28 07:03:53,0.08115700,0.02000000
2018-02-28 07:03:53,0.08119900,0.01000000
2018-02-28 07:03:53,0.08115900,0.01900000
2018-02-28 07:03:53,0.08115900,0.00100000
2018-02-28 07:03:53,0.08114800,0.01800000
2018-02-28 07:03:53,0.08114800,0.01900000
2018-02-28 07:03:53,0.08114800,0.06000000
2018-02-28 07:03:53,0.08114800,0.00100000
2018-02-28 07:03:53,0.08102800,0.05900000
2018-02-28 07:03:53,0.08102800,0.06000000
2018-02-28 07:03:53,0.08102800,0.02000000
2018-02-28 07:03:56,0.08105600,0.81600000
2018-02-28 07:03:57,0.08105700,0.13100000
2018-02-28 07:03:58,0.08119300,0.13100000
2018-02-28 07:03:58,0.08119400,0.17400000
2018-02-28 07:03:59,0.08106200,0.04400000
2018-02-28 07:03:59,0.08106200,0.05600000
2018-02-28 07:03:59,0.08106200,0.03500000
2018-02-28 07:03:59,0.08106100,0.36500000
2018-02-28 07:03:59,0.08106100,1.59200000
2018-02-28 07:04:00,0.08106100,0.05200000
2018-02-28 07:04:00,0.08113700,0.89100000
2018-02-28 07:04:00,0.08116100,0.12300000
2018-02-28 07:04:00,0.08119000,0.13500000
2018-02-28 07:04:00,0.08119100,0.17400000
2018-02-28 07:04:00,0.08119200,1.68700000
2018-02-28 07:04:00,0.08106200,1.13200000
2018-02-28 07:04:00,0.08106100,1.96800000
2018-02-28 07:04:01,0.08106200,0.70000000
2018-02-28 07:04:01,0.08106100,1.73200000
2018-02-28 07:04:01,0.08105700,0.00400000
2018-02-28 07:04:01,0.08103200,0.12300000
2018-02-28 07:04:01,0.08103000,0.80700000
2018-02-28 07:04:01,0.08106300,0.13100000
2018-02-28 07:04:01,0.08106200,1.10500000
2018-02-28 07:04:01,0.08106200,0.22100000
2018-02-28 07:04:01,0.08119100,0.11700000
2018-02-28 07:04:02,0.08119000,0.61200000
2018-02-28 07:04:02,0.08106300,0.04300000
2018-02-28 07:04:02,0.08106400,0.06300000
2018-02-28 07:04:03,0.08106400,0.08700000
2018-02-28 07:04:03,0.08118800,0.05000000
2018-02-28 07:04:03,0.08106400,0.06300000
2018-02-28 07:04:03,0.08107300,0.02800000
2018-02-28 07:04:03,0.08107300,0.29400000
2018-02-28 07:04:04,0.08118700,0.08300000
2018-02-28 07:04:04,0.08118800,0.69400000
2018-02-28 07:04:04,0.08118800,0.03000000
2018-02-28 07:04:04,0.08118800,0.10000000
2018-02-28 07:04:04,0.08118800,0.03000000
2018-02-28 07:04:04,0.08118800,0.10000000
2018-02-28 07:04:04,0.08118800,0.21400000
2018-02-28 07:04:04,0.08118800,1.81900000
2018-02-28 07:04:04,0.08118800,0.62600000
2018-02-28 07:04:04,0.08118800,0.54800000
2018-02-28 07:04:04,0.08118800,0.14800000
2018-02-28 07:04:04,0.08118800,0.20100000
2018-02-28 07:04:04,0.08118800,0.16000000
2018-02-28 07:04:04,0.08118800,0.03000000
2018-02-28 07:04:04,0.08118800,0.99900000
2018-02-28 07:04:04,0.08118800,1.33000000
2018-02-28 07:04:04,0.08118800,0.12400000
2018-02-28 07:04:04,0.08118800,0.12500000
2018-02-28 07:04:04,0.08118800,0.66900000
2018-02-28 07:04:04,0.08118800,0.03800000
2018-02-28 07:04:04,0.08118800,0.40800000
2018-02-28 07:04:04,0.08118800,0.06600000
2018-02-28 07:04:04,0.08118800,0.02000000
2018-02-28 07:04:04,0.08118800,0.02000000
2018-02-28 07:04:04,0.08118800,0.46700000
2018-02-28 07:04:04,0.08118800,0.10000000
2018-02-28 07:04:04,0.08118800,1.30300000
2018-02-28 07:04:04,0.08118800,0.09000000
2018-02-28 07:04:04,0.08118800,0.10000000
2018-02-28 07:04:04,0.08118800,0.10000000
2018-02-28 07:04:04,0.08118800,0.02500000
2018-02-28 07:04:04,0.08118800,0.02300000
2018-02-28 07:04:04,0.08118800,2.72100000
2018-02-28 07:04:04,0.08107400,0.02200000
2018-02-28 07:04:04,0.08118800,0.06600000
2018-02-28 07:04:05,0.08118700,0.61200000
2018-02-28 07:04:05,0.08107600,0.24700000
2018-02-28 07:04:05,0.08118600,0.05000000
2018-02-28 07:04:06,0.08107900,0.11000000
2018-02-28 07:04:06,0.08108100,0.09700000
2018-02-28 07:04:07,0.08118500,0.42100000
2018-02-28 07:04:07,0.08118500,0.02000000
2018-02-28 07:04:07,0.08118500,0.00100000
2018-02-28 07:04:07,0.08118600,0.04900000
2018-02-28 07:04:08,0.08118500,0.01900000
2018-02-28 07:04:08,0.08108600,0.05700000
2018-02-28 07:04:08,0.08108600,0.05700000
2018-02-28 07:04:09,0.08118400,1.23300000
2018-02-28 07:04:09,0.08118400,0.07900000
2018-02-28 07:04:09,0.08118500,0.00100000
2018-02-28 07:04:09,0.08118600,0.67900000
2018-02-28 07:04:09,0.08108700,0.92500000
2018-02-28 07:04:09,0.08118500,0.02000000
2018-02-28 07:04:09,0.08108800,0.02000000
2018-02-28 07:04:10,0.08109000,0.39900000
2018-02-28 07:04:10,0.08109000,0.00100000
2018-02-28 07:04:10,0.08108900,0.22500000
2018-02-28 07:04:10,0.08108900,0.24800000
2018-02-28 07:04:10,0.08118500,0.11300000
2018-02-28 07:04:10,0.08118800,0.24900000
2018-02-28 07:04:10,0.08118700,0.02000000
2018-02-28 07:04:10,0.08118800,0.09200000
2018-02-28 07:04:10,0.08118000,0.05000000
2018-02-28 07:04:11,0.08118000,0.07200000
2018-02-28 07:04:11,0.08109100,0.67900000
2018-02-28 07:04:11,0.08109100,0.00100000
2018-02-28 07:04:11,0.08108900,0.21700000
2018-02-28 07:04:11,0.08118000,0.13900000
2018-02-28 07:04:11,0.08109200,0.45300000
2018-02-28 07:04:11,0.08109200,0.03400000
2018-02-28 07:04:12,0.08118000,0.13800000
2018-02-28 07:04:12,0.08118000,0.00100000
2018-02-28 07:04:12,0.08118300,1.13200000
2018-02-28 07:04:12,0.08118800,1.25700000
2018-02-28 07:04:12,0.08119000,0.02000000
2018-02-28 07:04:12,0.08119100,0.02000000
2018-02-28 07:04:12,0.08119200,0.02000000
2018-02-28 07:04:12,0.08119300,0.02000000
2018-02-28 07:04:12,0.08119400,0.02000000
2018-02-28 07:04:12,0.08119600,0.02000000
2018-02-28 07:04:12,0.08119900,0.03000000
2018-02-28 07:04:12,0.08120000,0.21300000
2018-02-28 07:04:12,0.08120700,0.18800000
2018-02-28 07:04:12,0.08121500,0.06900000
2018-02-28 07:04:12,0.08109400,0.02000000
2018-02-28 07:04:12,0.08109300,3.08000000
2018-02-28 07:04:13,0.08119000,0.01900000
2018-02-28 07:04:13,0.08110000,0.77800000
2018-02-28 07:04:14,0.08119200,0.01900000
2018-02-28 07:04:14,0.08110000,0.18500000
2018-02-28 07:04:14,0.08110000,0.10000000
2018-02-28 07:04:14,0.08110000,0.15100000
2018-02-28 07:04:15,0.08110000,0.19900000
2018-02-28 07:04:15,0.08119000,0.39900000
2018-02-28 07:04:15,0.08110200,0.13400000
2018-02-28 07:04:15,0.08110100,0.44100000
2018-02-28 07:04:15,0.08110100,0.32100000
2018-02-28 07:04:15,0.08110200,0.20000000
2018-02-28 07:04:15,0.08110100,0.80000000
2018-02-28 07:04:16,0.08110200,0.13900000
2018-02-28 07:04:16,0.08110200,0.00100000
2018-02-28 07:04:16,0.08110100,0.03400000
2018-02-28 07:04:16,0.08110100,0.13900000
2018-02-28 07:04:16,0.08110200,0.14000000
2018-02-28 07:04:16,0.08110100,2.02300000
2018-02-28 07:04:16,0.08110100,0.09900000
2018-02-28 07:04:16,0.08119000,0.02000000
2018-02-28 07:04:17,0.08110200,0.01900000
2018-02-28 07:04:17,0.08110200,0.00100000
2018-02-28 07:04:17,0.08110100,0.01800000
2018-02-28 07:04:17,0.08110200,0.02000000
2018-02-28 07:04:17,0.08110100,1.86100000
2018-02-28 07:04:17,0.08118700,1.22300000
2018-02-28 07:04:17,0.08118700,0.10300000
2018-02-28 07:04:17,0.08118700,0.15000000
2018-02-28 07:04:17,0.08118700,3.52400000
2018-02-28 07:04:17,0.08119000,0.00100000
2018-02-28 07:04:17,0.08119200,0.02100000
2018-02-28 07:04:17,0.08119300,0.02000000
2018-02-28 07:04:17,0.08119400,0.02000000
2018-02-28 07:04:17,0.08119600,0.81500000
2018-02-28 07:04:18,0.08119000,0.02000000
2018-02-28 07:04:18,0.08110200,0.01900000
2018-02-28 07:04:19,0.08119000,0.11100000
2018-02-28 07:04:19,0.08109800,0.01900000
2018-02-28 07:04:19,0.08119000,0.16000000
2018-02-28 07:04:19,0.08119000,0.18900000
2018-02-28 07:04:19,0.08119300,0.02000000
2018-02-28 07:04:19,0.08119400,0.02000000
2018-02-28 07:04:19,0.08119600,0.25800000
2018-02-28 07:04:20,0.08119000,0.18900000
2018-02-28 07:04:20,0.08119000,0.17000000
2018-02-28 07:04:20,0.08110000,0.39900000
2018-02-28 07:04:20,0.08119000,0.02100000
2018-02-28 07:04:20,0.08110000,0.02000000
2018-02-28 07:04:20,0.08119000,0.01900000
2018-02-28 07:04:21,0.08119000,0.40100000
2018-02-28 07:04:21,0.08119300,0.02000000
2018-02-28 07:04:21,0.08119400,0.02000000
2018-02-28 07:04:21,0.08119500,0.15000000
2018-02-28 07:04:21,0.08119600,0.20900000
2018-02-28 07:04:21,0.08119000,0.02000000
2018-02-28 07:04:21,0.08119300,0.02000000
2018-02-28 07:04:21,0.08119500,0.12000000
2018-02-28 07:04:21,0.08119600,0.24000000
2018-02-28 07:04:21,0.08119000,0.02000000
2018-02-28 07:04:21,0.08119500,0.07900000
2018-02-28 07:04:21,0.08119500,0.01900000
2018-02-28 07:04:21,0.08119000,0.02000000
2018-02-28 07:04:21,0.08119400,0.02000000
2018-02-28 07:04:21,0.08119500,0.02000000
2018-02-28 07:04:21,0.08119600,0.56600000
2018-02-28 07:04:21,0.08119000,0.01900000
2018-02-28 07:04:21,0.08119000,0.00100000
2018-02-28 07:04:21,0.08119300,0.02000000
2018-02-28 07:04:21,0.08119500,0.02000000
2018-02-28 07:04:21,0.08119600,1.99200000
2018-02-28 07:04:21,0.08119900,0.02000000
2018-02-28 07:04:21,0.08120000,0.02000000
2018-02-28 07:04:21,0.08120700,0.02000000
2018-02-28 07:04:21,0.08121400,0.13400000
2018-02-28 07:04:21,0.08121500,2.57100000
2018-02-28 07:04:21,0.08121600,0.39800000
2018-02-28 07:04:21,0.08121800,0.51500000
2018-02-28 07:04:21,0.08121800,0.02000000
2018-02-28 07:04:21,0.08123400,2.50200000
2018-02-28 07:04:21,0.08123600,1.50000000
2018-02-28 07:04:21,0.08125700,0.01500000
2018-02-28 07:04:21,0.08125900,0.40000000
2018-02-28 07:04:21,0.08128200,1.00000000
2018-02-28 07:04:21,0.08129800,0.04900000
2018-02-28 07:04:21,0.08130000,0.20700000
2018-02-28 07:04:21,0.08130800,1.00000000
2018-02-28 07:04:21,0.08132400,0.06700000
2018-02-28 07:04:21,0.08132700,0.15900000
2018-02-28 07:04:21,0.08132800,0.40000000
2018-02-28 07:04:21,0.08133100,0.06200000
2018-02-28 07:04:21,0.08133400,0.06100000
2018-02-28 07:04:21,0.08133900,0.21500000
2018-02-28 07:04:21,0.08134300,0.08200000
2018-02-28 07:04:21,0.08134400,0.02000000
2018-02-28 07:04:21,0.08134700,0.05600000
2018-02-28 07:04:21,0.08135600,0.23700000
2018-02-28 07:04:21,0.08137900,0.10700000
2018-02-28 07:04:21,0.08138500,0.02300000
2018-02-28 07:04:21,0.08138700,0.05600000
2018-02-28 07:04:21,0.08138800,0.03400000
2018-02-28 07:04:21,0.08140000,2.26700000
2018-02-28 07:04:21,0.08114600,0.13300000
2018-02-28 07:04:21,0.08114600,0.08700000
2018-02-28 07:04:21,0.08114600,0.78000000
2018-02-28 07:04:21,0.08110000,0.00100000
2018-02-28 07:04:21,0.08109000,0.03700000
2018-02-28 07:04:21,0.08109000,0.08300000
2018-02-28 07:04:21,0.08108800,0.76300000
2018-02-28 07:04:21,0.08119000,0.02000000
2018-02-28 07:04:21,0.08119000,0.05500000
2018-02-28 07:04:21,0.08119000,0.04500000
2018-02-28 07:04:21,0.08119000,0.02000000
2018-02-28 07:04:21,0.08119000,0.02000000
2018-02-28 07:04:21,0.08119000,0.02000000
2018-02-28 07:04:21,0.08119000,0.06300000
2018-02-28 07:04:21,0.08119000,1.45800000
2018-02-28 07:04:21,0.08119000,0.02000000
2018-02-28 07:04:21,0.08119000,0.83200000
2018-02-28 07:04:22,0.08119100,0.38700000
2018-02-28 07:04:22,0.08119100,0.02300000
2018-02-28 07:04:22,0.08119100,0.09300000
2018-02-28 07:04:22,0.08119500,0.02800000
2018-02-28 07:04:22,0.08119500,0.01200000
2018-02-28 07:04:22,0.08119600,0.02000000
2018-02-28 07:04:22,0.08119600,0.00700000
2018-02-28 07:04:22,0.08119100,0.27000000
2018-02-28 07:04:22,0.08119100,0.07600000
2018-02-28 07:04:22,0.08140000,0.03900000
2018-02-28 07:04:22,0.08119100,0.93100000
2018-02-28 07:04:22,0.08119100,0.67000000
2018-02-28 07:04:22,0.08119000,0.56600000
2018-02-28 07:04:22,0.08119000,0.03300000
2018-02-28 07:04:22,0.08119000,0.26600000
2018-02-28 07:04:22,0.08119000,0.22900000
2018-02-28 07:04:22,0.08119000,0.32900000
2018-02-28 07:04:22,0.08119000,0.11100000
2018-02-28 07:04:22,0.08119400,0.02000000
2018-02-28 07:04:22,0.08119600,0.11600000
2018-02-28 07:04:22,0.08119600,0.02000000
2018-02-28 07:04:22,0.08119600,0.03400000
2018-02-28 07:04:22,0.08119600,0.18400000
2018-02-28 07:04:22,0.08119600,0.85500000
2018-02-28 07:04:22,0.08119000,0.23600000
2018-02-28 07:04:22,0.08119000,0.84000000
2018-02-28 07:04:22,0.08119700,0.02000000
2018-02-28 07:04:22,0.08119700,0.02000000
2018-02-28 07:04:22,0.08119700,0.02000000
2018-02-28 07:04:22,0.08119700,0.07400000
2018-02-28 07:04:22,0.08119000,0.01600000
2018-02-28 07:04:22,0.08119800,0.25000000
2018-02-28 07:04:22,0.08119700,0.31400000
2018-02-28 07:04:22,0.08119100,0.60000000
2018-02-28 07:04:22,0.08119000,3.83600000
2018-02-28 07:04:22,0.08119600,0.02000000
2018-02-28 07:04:22,0.08119700,0.18000000
2018-02-28 07:04:22,0.08119400,0.02000000
2018-02-28 07:04:22,0.08119400,0.10000000
2018-02-28 07:04:22,0.08119400,0.03000000
2018-02-28 07:04:22,0.08119400,0.03000000
2018-02-28 07:04:22,0.08119400,0.02000000
2018-02-28 07:04:22,0.08119400,0.02000000
2018-02-28 07:04:22,0.08119400,0.03000000
2018-02-28 07:04:22,0.08119400,0.03000000
2018-02-28 07:04:22,0.08119400,0.02000000
2018-02-28 07:04:22,0.08119400,0.03000000
2018-02-28 07:04:22,0.08119400,0.03000000
2018-02-28 07:04:22,0.08119400,0.02000000
2018-02-28 07:04:22,0.08119400,0.03000000
2018-02-28 07:04:22,0.08119400,0.02000000
2018-02-28 07:04:23,0.08119400,0.40000000
2018-02-28 07:04:23,0.08119400,0.02500000
2018-02-28 07:04:23,0.08119400,0.19400000
2018-02-28 07:04:23,0.08119900,0.02000000
2018-02-28 07:04:23,0.08120000,0.02000000
2018-02-28 07:04:23,0.08139000,0.15300000
2018-02-28 07:04:23,0.08119100,0.09300000
2018-02-28 07:04:23,0.08119100,0.02300000
2018-02-28 07:04:23,0.08119100,0.04900000
2018-02-28 07:04:23,0.08119100,0.13900000
2018-02-28 07:04:23,0.08119700,0.05800000
2018-02-28 07:04:23,0.08119800,0.25000000
2018-02-28 07:04:24,0.08121800,0.40000000
2018-02-28 07:04:24,0.08119800,0.14400000
2018-02-28 07:04:24,0.08120000,0.20000000
2018-02-28 07:04:24,0.08120000,0.14000000
2018-02-28 07:04:24,0.08120000,0.06000000
2018-02-28 07:04:24,0.08119100,0.01000000
2018-02-28 07:04:24,0.08119900,1.14100000
2018-02-28 07:04:24,0.08120000,0.03000000
2018-02-28 07:04:25,0.08120000,0.07800000
2018-02-28 07:04:25,0.08120000,0.03200000
2018-02-28 07:04:25,0.08119900,0.07700000
2018-02-28 07:04:25,0.08120000,0.14000000
2018-02-28 07:04:25,0.08119900,0.62800000
2018-02-28 07:04:25,0.08119900,0.02900000
2018-02-28 07:04:25,0.08121400,0.01600000
2018-02-28 07:04:26,0.08121400,0.34700000
2018-02-28 07:04:26,0.08120000,0.13800000
2018-02-28 07:04:26,0.08120000,0.12100000
2018-02-28 07:04:26,0.08120000,0.00100000
2018-02-28 07:04:26,0.08121400,0.97800000
2018-02-28 07:04:26,0.08119900,0.49500000
2018-02-28 07:04:26,0.08119900,1.29500000
2018-02-28 07:04:26,0.08119900,0.15500000
2018-02-28 07:04:26,0.08119000,1.29400000
2018-02-28 07:04:27,0.08119000,4.20000000
2018-02-28 07:04:27,0.08119000,0.00100000
2018-02-28 07:04:27,0.08115500,0.39900000
2018-02-28 07:04:27,0.08121000,0.03500000
2018-02-28 07:04:27,0.08121000,0.02300000
2018-02-28 07:04:27,0.08115500,0.62700000
2018-02-28 07:04:27,0.08120000,0.05000000
2018-02-28 07:04:27,0.08120000,0.02200000
2018-02-28 07:04:28,0.08111200,2.23400000
2018-02-28 07:04:28,0.08110900,0.20800000
2018-02-28 07:04:28,0.08109500,0.01500000
2018-02-28 07:04:28,0.08108900,0.15900000
2018-02-28 07:04:28,0.08106400,0.03700000
2018-02-28 07:04:28,0.08105500,2.59300000
2018-02-28 07:04:28,0.08121000,0.01300000
2018-02-28 07:04:28,0.08105500,0.92200000
2018-02-28 07:04:28,0.08121000,0.03400000
2018-02-28 07:04:29,0.08120700,0.13400000
2018-02-28 07:04:29,0.08120800,0.36800000
2018-02-28 07:04:29,0.08111200,0.04200000
2018-02-28 07:04:29,0.08106200,1.13400000
2018-02-28 07:04:29,0.08106100,0.06200000
2018-02-28 07:04:29,0.08120700,0.06000000
2018-02-28 07:04:29,0.08120700,0.47400000
2018-02-28 07:04:30,0.08120600,0.19900000
2018-02-28 07:04:31,0.08110000,0.70000000
2018-02-28 07:04:31,0.08118900,0.23900000
2018-02-28 07:04:31,0.08118900,0.07500000
2018-02-28 07:04:32,0.08110000,0.18500000
2018-02-28 07:04:32,0.08106800,0.22900000
2018-02-28 07:04:32,0.08106700,0.13500000
2018-02-28 07:04:32,0.08106400,0.20000000
2018-02-28 07:04:32,0.08106100,0.07800000
2018-02-28 07:04:32,0.08118900,0.44600000
2018-02-28 07:04:32,0.08118900,0.00100000
2018-02-28 07:04:32,0.08119000,0.10900000
2018-02-28 07:04:32,0.08118900,0.13500000
2018-02-28 07:04:32,0.08119000,0.13000000
2018-02-28 07:04:32,0.08119000,0.21400000
2018-02-28 07:04:32,0.08119100,0.12900000
2018-02-28 07:04:32,0.08119100,0.21400000
2018-02-28 07:04:32,0.08118900,0.39700000
2018-02-28 07:04:33,0.08118900,0.09500000
2018-02-28 07:04:33,0.08119100,0.09400000
2018-02-28 07:04:33,0.08119100,0.05800000
2018-02-28 07:04:33,0.08119100,0.02200000
2018-02-28 07:04:33,0.08119100,0.17200000
2018-02-28 07:04:33,0.08119100,0.12000000
2018-02-28 07:04:33,0.08119100,0.04400000
2018-02-28 07:04:33,0.08119000,0.05000000
2018-02-28 07:04:33,0.08119000,0.24900000
2018-02-28 07:04:33,0.08119000,0.00100000
2018-02-28 07:04:33,0.08119100,0.17700000
2018-02-28 07:04:33,0.08119500,0.02000000
2018-02-28 07:04:33,0.08119600,0.02000000
2018-02-28 07:04:33,0.08120500,0.43000000
2018-02-28 07:04:34,0.08119100,0.14900000
2018-02-28 07:04:34,0.08119100,0.00100000
2018-02-28 07:04:34,0.08119600,0.02000000
2018-02-28 07:04:34,0.08120500,0.12900000
2018-02-28 07:04:34,0.08119100,0.02200000
2018-02-28 07:04:34,0.08119100,0.12800000
2018-02-28 07:04:34,0.08119700,0.02000000
2018-02-28 07:04:34,0.08120500,0.42600000
2018-02-28 07:04:34,0.08119100,0.08100000
2018-02-28 07:04:35,0.08119100,0.02000000
2018-02-28 07:04:35,0.08119400,0.01900000
2018-02-28 07:04:35,0.08119400,0.00100000
2018-02-28 07:04:35,0.08119600,0.04000000
2018-02-28 07:04:35,0.08119700,0.03900000
2018-02-28 07:04:35,0.08119600,0.02000000
2018-02-28 07:04:35,0.08119700,0.00100000
2018-02-28 07:04:35,0.08119800,0.02000000
2018-02-28 07:04:35,0.08119900,0.02000000
2018-02-28 07:04:35,0.08120000,0.02000000
2018-02-28 07:04:35,0.08120600,0.04200000
2018-02-28 07:04:35,0.08119600,0.01900000
2018-02-28 07:04:35,0.08110300,0.07800000
2018-02-28 07:04:35,0.08119500,0.31500000
2018-02-28 07:04:36,0.08119500,0.37500000
2018-02-28 07:04:36,0.08119700,0.02000000
2018-02-28 07:04:36,0.08120600,0.12000000
2018-02-28 07:04:36,0.08120600,0.93100000
2018-02-28 07:04:36,0.08110400,0.06000000
2018-02-28 07:04:36,0.08110400,0.01300000
2018-02-28 07:04:37,0.08119100,0.02000000
2018-02-28 07:04:37,0.08119500,0.01900000
2018-02-28 07:04:37,0.08119500,0.13000000
2018-02-28 07:04:37,0.08119700,0.02000000
2018-02-28 07:04:37,0.08121500,0.02000000
2018-02-28 07:04:37,0.08121600,0.01300000
2018-02-28 07:04:37,0.08110400,0.26200000
2018-02-28 07:04:37,0.08110300,0.06200000
2018-02-28 07:04:37,0.08110200,2.01700000
2018-02-28 07:04:37,0.08110000,0.08600000
2018-02-28 07:04:37,0.08106400,0.03500000
2018-02-28 07:04:37,0.08106100,0.87400000
2018-02-28 07:04:37,0.08105400,0.39700000
2018-02-28 07:04:37,0.08105400,0.26100000
2018-02-28 07:04:37,0.08119100,0.02000000
2018-02-28 07:04:38,0.08119800,0.23900000
2018-02-28 07:04:38,0.08119800,0.06000000
2018-02-28 07:04:38,0.08110500,0.01900000
2018-02-28 07:04:38,0.08110000,0.41000000
2018-02-28 07:04:38,0.08109600,0.02000000
2018-02-28 07:04:38,0.08108800,0.12600000
2018-02-28 07:04:38,0.08109600,0.02000000
2018-02-28 07:04:38,0.08108800,0.08400000
2018-02-28 07:04:38,0.08105500,0.29600000
2018-02-28 07:04:39,0.08119700,0.02900000
2018-02-28 07:04:39,0.08119600,0.07300000
2018-02-28 07:04:39,0.08119700,0.03600000
2018-02-28 07:04:39,0.08119600,1.23000000
2018-02-28 07:04:39,0.08119700,1.21800000
2018-02-28 07:04:39,0.08119900,0.02000000
2018-02-28 07:04:39,0.08120000,0.45000000
2018-02-28 07:04:39,0.08121400,5.00000000
2018-02-28 07:04:39,0.08121600,0.00700000
2018-02-28 07:04:39,0.08121700,0.26100000
2018-02-28 07:04:39,0.08121800,0.44000000
2018-02-28 07:04:39,0.08122600,0.39700000
2018-02-28 07:04:39,0.08123400,0.02000000
2018-02-28 07:04:39,0.08123600,0.38800000
2018-02-28 07:04:39,0.08125700,0.03500000
2018-02-28 07:04:39,0.08125900,0.02000000
2018-02-28 07:04:39,0.08128200,0.02000000
2018-02-28 07:04:39,0.08129800,0.02000000
2018-02-28 07:04:39,0.08130800,0.02000000
2018-02-28 07:04:39,0.08130900,0.40000000
2018-02-28 07:04:39,0.08132300,1.00000000
2018-02-28 07:04:39,0.08132400,0.02000000
2018-02-28 07:04:39,0.08132700,0.02000000
2018-02-28 07:04:39,0.08132800,0.02000000
2018-02-28 07:04:39,0.08133100,0.02000000
2018-02-28 07:04:39,0.08133400,0.02000000
2018-02-28 07:04:39,0.08133900,0.02000000
2018-02-28 07:04:39,0.08134300,0.02000000
2018-02-28 07:04:39,0.08134400,0.02000000
2018-02-28 07:04:39,0.08134700,0.02000000
2018-02-28 07:04:39,0.08135200,0.05600000
2018-02-28 07:04:39,0.08137000,4.00000000
2018-02-28 07:04:39,0.08137900,0.02000000
2018-02-28 07:04:39,0.08138500,0.02000000
2018-02-28 07:04:39,0.08138700,0.02000000
2018-02-28 07:04:39,0.08138800,0.02000000
2018-02-28 07:04:39,0.08138900,0.35400000
2018-02-28 07:04:39,0.08139600,2.60000000
2018-02-28 07:04:39,0.08139700,0.18500000
2018-02-28 07:04:39,0.08140000,1.97900000
2018-02-28 07:04:40,0.08119600,0.02800000
2018-02-28 07:04:40,0.08119600,0.02200000
2018-02-28 07:04:40,0.08119900,0.02000000
2018-02-28 07:04:40,0.08120000,0.00700000
2018-02-28 07:04:40,0.08120000,0.03300000
2018-02-28 07:04:40,0.08121400,0.04000000
2018-02-28 07:04:40,0.08139600,0.38300000
2018-02-28 07:04:41,0.08119700,0.01800000
2018-02-28 07:04:41,0.08119700,0.00100000
2018-02-28 07:04:41,0.08119900,0.01600000
2018-02-28 07:04:41,0.08111100,0.03400000
2018-02-28 07:04:41,0.08119900,0.00400000
2018-02-28 07:04:41,0.08120000,0.02000000
2018-02-28 07:04:41,0.08120600,0.02000000
2018-02-28 07:04:41,0.08120700,0.04000000
2018-02-28 07:04:41,0.08120800,0.02000000
2018-02-28 07:04:41,0.08121000,0.04000000
2018-02-28 07:04:41,0.08121800,0.40000000
2018-02-28 07:04:41,0.08139500,0.36000000
2018-02-28 07:04:42,0.08130900,0.04600000
2018-02-28 07:04:42,0.08130900,0.05000000
2018-02-28 07:04:42,0.08119000,0.33800000
2018-02-28 07:04:42,0.08119000,0.00100000
2018-02-28 07:04:42,0.08112300,0.03500000
2018-02-28 07:04:42,0.08112300,0.10000000
2018-02-28 07:04:42,0.08112000,0.23800000
2018-02-28 07:04:42,0.08112000,0.03400000
2018-02-28 07:04:43,0.08119500,0.01800000
2018-02-28 07:04:43,0.08119500,0.00200000
2018-02-28 07:04:43,0.08119600,0.01700000
2018-02-28 07:04:43,0.08119600,0.00300000
2018-02-28 07:04:43,0.08120500,0.01600000
2018-02-28 07:04:43,0.08119100,0.01900000
2018-02-28 07:04:44,0.08119000,0.40000000
2018-02-28 07:04:44,0.08119000,0.05200000
2018-02-28 07:04:44,0.08119100,0.04100000
2018-02-28 07:04:44,0.08119400,0.02000000
2018-02-28 07:04:44,0.08119600,0.02000000
2018-02-28 07:04:44,0.08119700,0.02000000
2018-02-28 07:04:44,0.08120000,0.02400000
2018-02-28 07:04:44,0.08120500,0.04400000
2018-02-28 07:04:44,0.08130700,0.13500000
2018-02-28 07:04:44,0.08130900,0.09500000
2018-02-28 07:04:45,0.08115100,0.99200000
2018-02-28 07:04:46,0.08115100,0.02400000
2018-02-28 07:04:46,0.08119600,0.01900000
2018-02-28 07:04:46,0.08119600,0.00100000
2018-02-28 07:04:46,0.08119700,0.01800000
2018-02-28 07:04:46,0.08119700,0.01700000
2018-02-28 07:04:46,0.08119700,0.00500000
2018-02-28 07:04:46,0.08119800,0.01700000
2018-02-28 07:04:46,0.08115400,0.45200000
2018-02-28 07:04:47,0.08119100,0.82100000
2018-02-28 07:04:47,0.08119100,0.19500000
2018-02-28 07:04:47,0.08119500,0.02000000
2018-02-28 07:04:47,0.08119600,0.01600000
2018-02-28 07:04:47,0.08119600,0.00400000
2018-02-28 07:04:47,0.08119700,0.01500000
2018-02-28 07:04:47,0.08115400,0.15700000
2018-02-28 07:04:47,0.08115500,0.03600000
2018-02-28 07:04:47,0.08119700,0.00500000
2018-02-28 07:04:47,0.08119800,0.00300000
2018-02-28 07:04:47,0.08119900,0.01900000
2018-02-28 07:04:48,0.08117900,0.03000000
2018-02-28 07:04:48,0.08117900,0.02600000
2018-02-28 07:04:48,0.08117900,0.00100000
2018-02-28 07:04:48,0.08115500,0.02500000
2018-02-28 07:04:48,0.08115500,0.01400000
2018-02-28 07:04:49,0.08119500,0.02000000
2018-02-28 07:04:49,0.08119900,0.00100000
2018-02-28 07:04:49,0.08120000,0.02900000
2018-02-28 07:04:49,0.08115700,0.02500000
2018-02-28 07:04:49,0.08119700,0.01300000
2018-02-28 07:04:49,0.08115800,0.15900000
2018-02-28 07:04:50,0.08115800,0.00100000
2018-02-28 07:04:50,0.08115700,4.42000000
2018-02-28 07:04:50,0.08115500,0.03000000
2018-02-28 07:04:50,0.08115500,0.02000000
2018-02-28 07:04:50,0.08115500,0.10000000
2018-02-28 07:04:50,0.08115500,0.02000000
2018-02-28 07:04:50,0.08115500,0.03000000
2018-02-28 07:04:50,0.08115500,0.02000000
2018-02-28 07:04:50,0.08115500,0.10000000
2018-02-28 07:04:50,0.08115500,0.03000000
2018-02-28 07:04:50,0.08115500,0.02000000
2018-02-28 07:04:50,0.08115500,0.02000000
2018-02-28 07:04:50,0.08115500,0.03000000
2018-02-28 07:04:50,0.08115500,0.02000000
2018-02-28 07:04:50,0.08115500,0.10000000
2018-02-28 07:04:50,0.08115500,0.03000000
2018-02-28 07:04:50,0.08115500,0.02000000
2018-02-28 07:04:50,0.08115500,0.02000000
2018-02-28 07:04:50,0.08115500,0.03000000
2018-02-28 07:04:50,0.08115500,0.03000000
2018-02-28 07:04:50,0.08115500,0.10000000
2018-02-28 07:04:50,0.08115500,0.02000000
2018-02-28 07:04:50,0.08115500,0.03000000
2018-02-28 07:04:50,0.08115500,0.02000000
2018-02-28 07:04:50,0.08115500,0.02000000
2018-02-28 07:04:50,0.08115500,0.10000000
2018-02-28 07:04:50,0.08115500,0.03000000
2018-02-28 07:04:50,0.08115500,0.02000000
2018-02-28 07:04:50,0.08115500,0.02000000
2018-02-28 07:04:50,0.08115500,0.02000000
2018-02-28 07:04:50,0.08115500,0.02000000
2018-02-28 07:04:50,0.08115500,0.86100000
2018-02-28 07:04:50,0.08115500,1.00000000
2018-02-28 07:04:50,0.08115500,5.00000000
2018-02-28 07:04:50,0.08115500,1.84600000
2018-02-28 07:04:51,0.08115500,0.12900000
2018-02-28 07:04:51,0.08115500,0.40000000
2018-02-28 07:04:51,0.08115500,0.41500000
2018-02-28 07:04:51,0.08115500,0.08500000
2018-02-28 07:04:51,0.08115500,0.05200000
2018-02-28 07:04:51,0.08115500,0.05000000
2018-02-28 07:04:51,0.08115500,0.02400000
2018-02-28 07:04:52,0.08115500,0.27400000
2018-02-28 07:04:52,0.08115500,0.01800000
2018-02-28 07:04:52,0.08115500,0.00100000
2018-02-28 07:04:52,0.08119100,0.02000000
2018-02-28 07:04:52,0.08119600,0.04000000
2018-02-28 07:04:52,0.08119700,0.04700000
2018-02-28 07:04:52,0.08119800,0.02000000
2018-02-28 07:04:52,0.08119900,0.02000000
2018-02-28 07:04:52,0.08120000,0.14400000
2018-02-28 07:04:52,0.08120000,0.02000000
2018-02-28 07:04:52,0.08120600,0.04000000
2018-02-28 07:04:52,0.08121400,0.02000000
2018-02-28 07:04:52,0.08121500,0.02000000
2018-02-28 07:04:52,0.08121600,0.04000000
2018-02-28 07:04:52,0.08130800,0.01600000
2018-02-28 07:04:53,0.08121700,0.02000000
2018-02-28 07:04:53,0.08121800,0.01900000
2018-02-28 07:04:53,0.08121800,0.00100000
2018-02-28 07:04:53,0.08122000,0.09300000
2018-02-28 07:04:53,0.08122000,0.01700000
2018-02-28 07:04:53,0.08122600,0.02000000
2018-02-28 07:04:53,0.08123400,0.02000000
2018-02-28 07:04:53,0.08123600,0.02000000
2018-02-28 07:04:53,0.08125700,0.02000000
2018-02-28 07:04:53,0.08125900,0.02000000
2018-02-28 07:04:53,0.08130700,0.04900000
2018-02-28 07:04:53,0.08130800,0.11900000
2018-02-28 07:04:53,0.08130900,0.60900000
2018-02-28 07:04:53,0.08131600,1.89900000
2018-02-28 07:04:53,0.08116700,0.03100000
2018-02-28 07:04:53,0.08116700,0.02400000
2018-02-28 07:04:53,0.08121800,0.02400000
2018-02-28 07:04:54,0.08121900,1.64500000
2018-02-28 07:04:54,0.08121900,0.01600000
2018-02-28 07:04:55,0.08121900,0.01900000
2018-02-28 07:04:55,0.08121900,0.26500000
2018-02-28 07:04:55,0.08121900,0.16500000
2018-02-28 07:04:55,0.08129800,0.01900000
2018-02-28 07:04:55,0.08121900,0.03500000
2018-02-28 07:04:55,0.08121900,0.59900000
2018-02-28 07:04:55,0.08121900,1.20000000
2018-02-28 07:04:55,0.08121800,0.00100000
2018-02-28 07:04:55,0.08117000,0.03400000
2018-02-28 07:04:55,0.08117000,0.19900000
2018-02-28 07:04:55,0.08121900,0.12000000
2018-02-28 07:04:55,0.08117000,0.16700000
2018-02-28 07:04:55,0.08116900,0.07800000
2018-02-28 07:04:55,0.08121900,0.11600000
2018-02-28 07:04:55,0.08121900,0.00400000
2018-02-28 07:04:55,0.08116900,0.05700000
2018-02-28 07:04:55,0.08116800,0.04800000
2018-02-28 07:04:55,0.08122000,0.05800000
2018-02-28 07:04:55,0.08122000,0.46400000
2018-02-28 07:04:56,0.08129200,0.05500000
2018-02-28 07:04:56,0.08129700,0.39600000
2018-02-28 07:04:56,0.08122000,1.06500000
2018-02-28 07:04:56,0.08122000,0.00100000
2018-02-28 07:04:56,0.08121900,1.06400000
2018-02-28 07:04:56,0.08121900,1.53200000
2018-02-28 07:04:56,0.08129700,0.02800000
2018-02-28 07:04:56,0.08121900,0.38800000
2018-02-28 07:04:56,0.08121700,0.05000000
2018-02-28 07:04:56,0.08129500,0.05000000
2018-02-28 07:04:57,0.08122000,0.11500000
2018-02-28 07:04:57,0.08129500,0.02700000
2018-02-28 07:04:57,0.08122000,0.05900000
2018-02-28 07:04:57,0.08122000,0.27700000
2018-02-28 07:04:57,0.08122000,0.27700000
2018-02-28 07:04:57,0.08129000,0.04300000
2018-02-28 07:04:58,0.08122000,1.10100000
2018-02-28 07:04:58,0.08122000,0.03500000
2018-02-28 07:04:58,0.08120300,0.07100000
2018-02-28 07:04:58,0.08120300,0.01200000
2018-02-28 07:04:58,0.08120400,0.05000000
2018-02-28 07:04:59,0.08128800,0.02600000
2018-02-28 07:04:59,0.08122000,1.12000000
2018-02-28 07:05:00,0.08121400,0.01400000
2018-02-28 07:05:00,0.08122000,0.03300000
2018-02-28 07:05:00,0.08127100,0.11400000
2018-02-28 07:05:00,0.08127100,0.00100000
2018-02-28 07:05:00,0.08121400,0.05800000
2018-02-28 07:05:00,0.08121400,0.61000000
2018-02-28 07:05:00,0.08121900,0.04800000
2018-02-28 07:05:00,0.08121400,0.02400000
2018-02-28 07:05:00,0.08129000,0.04800000
2018-02-28 07:05:00,0.08121400,0.03500000
2018-02-28 07:05:00,0.08129000,0.13600000
2018-02-28 07:05:01,0.08121400,0.02000000
2018-02-28 07:05:01,0.08121900,0.01600000
2018-02-28 07:05:01,0.08121400,0.00400000
2018-02-28 07:05:01,0.08121400,0.02000000
2018-02-28 07:05:01,0.08121400,0.02000000
2018-02-28 07:05:01,0.08121400,0.02000000
2018-02-28 07:05:01,0.08121400,0.02000000
2018-02-28 07:05:01,0.08121400,0.02000000
2018-02-28 07:05:01,0.08121400,0.02000000
2018-02-28 07:05:01,0.08121400,0.02000000
2018-02-28 07:05:02,0.08121400,0.05200000
2018-02-28 07:05:03,0.08121400,0.06000000
2018-02-28 07:05:04,0.08121400,0.02000000
2018-02-28 07:05:04,0.08121800,0.02000000
2018-02-28 07:05:04,0.08129800,0.00100000
2018-02-28 07:05:04,0.08130000,0.01800000
2018-02-28 07:05:04,0.08130000,0.02000000
2018-02-28 07:05:04,0.08130000,0.01900000
2018-02-28 07:05:04,0.08130000,0.01900000
2018-02-28 07:05:04,0.08121400,0.02000000
2018-02-28 07:05:04,0.08121400,0.02000000
2018-02-28 07:05:04,0.08121400,0.02000000
2018-02-28 07:05:04,0.08121400,0.02000000
2018-02-28 07:05:04,0.08121400,0.02000000
2018-02-28 07:05:04,0.08121400,0.02000000
2018-02-28 07:05:04,0.08121400,0.32800000
2018-02-28 07:05:04,0.08120500,1.53700000
2018-02-28 07:05:04,0.08120500,0.71900000
2018-02-28 07:05:04,0.08130000,0.10700000
2018-02-28 07:05:04,0.08130000,0.56200000
2018-02-28 07:05:05,0.08121400,0.07600000
2018-02-28 07:05:06,0.08121400,0.03000000
2018-02-28 07:05:06,0.08121400,1.71900000
2018-02-28 07:05:07,0.08121400,0.02000000
2018-02-28 07:05:07,0.08121400,0.10000000
2018-02-28 07:05:07,0.08121400,3.05500000
2018-02-28 07:05:07,0.08120500,0.69500000
2018-02-28 07:05:07,0.08120500,0.90000000
2018-02-28 07:05:07,0.08120500,0.02000000
2018-02-28 07:05:07,0.08120500,0.93500000
2018-02-28 07:05:07,0.08120500,0.61300000
2018-02-28 07:05:07,0.08129500,0.04100000
2018-02-28 07:05:07,0.08120500,0.00100000
2018-02-28 07:05:07,0.08120400,0.01900000
2018-02-28 07:05:07,0.08120400,0.02000000
2018-02-28 07:05:07,0.08129400,0.13400000
2018-02-28 07:05:07,0.08129400,0.20000000
2018-02-28 07:05:07,0.08118900,0.11600000
2018-02-28 07:05:07,0.08129400,0.03000000
2018-02-28 07:05:07,0.08129400,0.03000000
2018-02-28 07:05:07,0.08129400,0.03000000
2018-02-28 07:05:07,0.08129400,0.10000000
2018-02-28 07:05:07,0.08129400,0.01000000
2018-02-28 07:05:08,0.08129300,1.23100000
2018-02-28 07:05:08,0.08129300,2.51600000
2018-02-28 07:05:08,0.08129400,0.19000000
2018-02-28 07:05:08,0.08129500,0.32400000
2018-02-28 07:05:08,0.08129500,0.03000000
2018-02-28 07:05:08,0.08129500,0.02000000
2018-02-28 07:05:08,0.08129500,0.03000000
2018-02-28 07:05:08,0.08129500,0.10000000
2018-02-28 07:05:08,0.08129500,0.02000000
2018-02-28 07:05:08,0.08129500,0.03000000
2018-02-28 07:05:08,0.08129500,0.02000000
2018-02-28 07:05:08,0.08129500,0.10000000
2018-02-28 07:05:08,0.08129500,0.03000000
2018-02-28 07:05:08,0.08129500,0.02000000
2018-02-28 07:05:08,0.08129500,0.02000000
2018-02-28 07:05:08,0.08129500,0.02000000
2018-02-28 07:05:08,0.08129500,0.10000000
2018-02-28 07:05:08,0.08129500,0.02000000
2018-02-28 07:05:08,0.08129500,0.02000000
2018-02-28 07:05:08,0.08129500,0.10000000
2018-02-28 07:05:08,0.08130000,0.08000000
2018-02-28 07:05:08,0.08129500,0.02000000
2018-02-28 07:05:08,0.08129500,0.03000000
2018-02-28 07:05:08,0.08129500,0.17800000
2018-02-28 07:05:08,0.08129500,1.09400000
2018-02-28 07:05:08,0.08120000,0.41000000
2018-02-28 07:05:08,0.08118900,0.00400000
2018-02-28 07:05:08,0.08118200,0.11300000
2018-02-28 07:05:08,0.08118200,0.06500000
2018-02-28 07:05:08,0.08118200,0.03400000
2018-02-28 07:05:08,0.08118200,0.03500000
2018-02-28 07:05:08,0.08118200,0.03500000
2018-02-28 07:05:08,0.08118200,0.12100000
2018-02-28 07:05:08,0.08118200,1.60100000
2018-02-28 07:05:08,0.08129400,0.04000000
2018-02-28 07:05:08,0.08130000,0.21000000
2018-02-28 07:05:08,0.08118300,0.13400000
2018-02-28 07:05:08,0.08118200,0.25400000
2018-02-28 07:05:08,0.08129400,0.02000000
2018-02-28 07:05:09,0.08129000,0.02200000
2018-02-28 07:05:09,0.08129000,0.38800000
2018-02-28 07:05:09,0.08120400,0.10200000
2018-02-28 07:05:09,0.08120400,0.72800000
2018-02-28 07:05:09,0.08118200,0.10100000
2018-02-28 07:05:09,0.08129400,0.02000000
2018-02-28 07:05:09,0.08129400,0.02000000
2018-02-28 07:05:09,0.08120400,0.06000000
2018-02-28 07:05:09,0.08129900,0.05900000
2018-02-28 07:05:09,0.08129900,0.05900000
2018-02-28 07:05:09,0.08129900,0.01600000
2018-02-28 07:05:09,0.08130000,0.04300000
2018-02-28 07:05:10,0.08129200,0.11900000
2018-02-28 07:05:10,0.08120400,0.05900000
2018-02-28 07:05:10,0.08129200,0.04200000
2018-02-28 07:05:10,0.08129200,0.07900000
2018-02-28 07:05:11,0.08120500,0.02100000
2018-02-28 07:05:11,0.08129200,0.11900000
2018-02-28 07:05:11,0.08129200,0.03000000
2018-02-28 07:05:11,0.08129200,0.07100000
2018-02-28 07:05:11,0.08129300,0.04800000
2018-02-28 07:05:11,0.08129200,0.06500000
2018-02-28 07:05:11,0.08129300,1.02100000
2018-02-28 07:05:11,0.08129300,0.02200000
2018-02-28 07:05:11,0.08129300,0.04400000
2018-02-28 07:05:11,0.08129300,0.01500000
2018-02-28 07:05:12,0.08129300,0.01300000
2018-02-28 07:05:12,0.08129300,0.01200000
2018-02-28 07:05:12,0.08120500,0.01200000
2018-02-28 07:05:12,0.08129600,0.40000000
2018-02-28 07:05:12,0.08120500,0.02400000
2018-02-28 07:05:12,0.08120500,0.02400000
2018-02-28 07:05:12,0.08120500,0.02200000
2018-02-28 07:05:12,0.08120500,0.02400000
2018-02-28 07:05:12,0.08130100,0.37100000
2018-02-28 07:05:12,0.08129000,0.01900000
2018-02-28 07:05:13,0.08121000,0.03000000
2018-02-28 07:05:13,0.08121100,0.08400000
2018-02-28 07:05:13,0.08121100,0.01800000
2018-02-28 07:05:13,0.08120400,0.00100000
2018-02-28 07:05:13,0.08114900,0.13400000
2018-02-28 07:05:13,0.08114800,1.00300000
2018-02-28 07:05:13,0.08129000,0.00100000
2018-02-28 07:05:13,0.08129200,0.02000000
2018-02-28 07:05:13,0.08129500,0.02000000
2018-02-28 07:05:13,0.08129700,0.00500000
2018-02-28 07:05:15,0.08129000,0.05000000
2018-02-28 07:05:15,0.08129700,0.01400000
2018-02-28 07:05:16,0.08129300,0.02000000
2018-02-28 07:05:16,0.08129400,0.04000000
2018-02-28 07:05:16,0.08129500,0.04000000
2018-02-28 07:05:16,0.08117000,0.23000000
2018-02-28 07:05:16,0.08115800,1.16700000
2018-02-28 07:05:16,0.08115800,0.23000000
2018-02-28 07:05:16,0.08129300,0.18100000
2018-02-28 07:05:16,0.08129300,0.01900000
2018-02-28 07:05:16,0.08129300,0.02700000
2018-02-28 07:05:16,0.08129700,0.00100000
2018-02-28 07:05:16,0.08129800,0.02000000
2018-02-28 07:05:16,0.08130000,0.02900000
2018-02-28 07:05:16,0.08129300,0.03000000
2018-02-28 07:05:16,0.08129300,0.05700000
2018-02-28 07:05:16,0.08129300,0.04600000
2018-02-28 07:05:17,0.08129400,0.02400000
2018-02-28 07:05:17,0.08129400,0.20500000
2018-02-28 07:05:17,0.08129300,0.00100000
2018-02-28 07:05:17,0.08117000,0.02000000
2018-02-28 07:05:17,0.08117000,0.22800000
2018-02-28 07:05:17,0.08117000,0.05000000
2018-02-28 07:05:17,0.08117000,0.22800000
2018-02-28 07:05:17,0.08117000,0.07400000
2018-02-28 07:05:17,0.08115800,0.15400000
2018-02-28 07:05:17,0.08115800,0.22800000
2018-02-28 07:05:17,0.08117000,0.13000000
2018-02-28 07:05:17,0.08115800,0.09800000
2018-02-28 07:05:17,0.08115800,0.03700000
2018-02-28 07:05:17,0.08129700,0.13500000
2018-02-28 07:05:17,0.08129700,0.03900000
2018-02-28 07:05:17,0.08129700,0.03900000
2018-02-28 07:05:17,0.08129600,0.06000000
2018-02-28 07:05:18,0.08129000,0.01900000
2018-02-28 07:05:18,0.08129000,0.00100000
2018-02-28 07:05:18,0.08129000,0.01500000
2018-02-28 07:05:18,0.08129000,0.03000000
2018-02-28 07:05:18,0.08129000,0.20400000
2018-02-28 07:05:18,0.08120500,0.03900000
2018-02-28 07:05:18,0.08129000,0.05900000
2018-02-28 07:05:18,0.08120600,0.06000000
2018-02-28 07:05:19,0.08120600,0.03900000
2018-02-28 07:05:19,0.08120600,0.01800000
2018-02-28 07:05:19,0.08128900,0.45500000
2018-02-28 07:05:19,0.08129000,0.32100000
2018-02-28 07:05:19,0.08120600,4.27400000
2018-02-28 07:05:19,0.08120700,0.01700000
2018-02-28 07:05:19,0.08120700,0.00300000
2018-02-28 07:05:19,0.08120600,0.21700000
2018-02-28 07:05:20,0.08128800,0.39900000
2018-02-28 07:05:20,0.08128800,0.40000000
2018-02-28 07:05:20,0.08128800,0.20400000
2018-02-28 07:05:20,0.08129000,0.03000000
2018-02-28 07:05:20,0.08129200,0.04000000
2018-02-28 07:05:20,0.08129300,0.04000000
2018-02-28 07:05:20,0.08129400,0.06000000
2018-02-28 07:05:20,0.08129500,0.43300000
2018-02-28 07:05:20,0.08129500,0.28500000
2018-02-28 07:05:20,0.08129900,0.02000000
2018-02-28 07:05:20,0.08130000,0.05100000
2018-02-28 07:05:20,0.08130100,0.00900000
2018-02-28 07:05:20,0.08130100,0.13500000
2018-02-28 07:05:20,0.08128800,0.15400000
2018-02-28 07:05:20,0.08128800,0.03900000
2018-02-28 07:05:20,0.08128800,0.00300000
2018-02-28 07:05:20,0.08120700,0.02000000
2018-02-28 07:05:20,0.08120600,0.01800000
2018-02-28 07:05:20,0.08120600,0.04100000
2018-02-28 07:05:20,0.08120600,0.04100000
2018-02-28 07:05:20,0.08120600,0.04100000
2018-02-28 07:05:20,0.08120600,0.03900000
2018-02-28 07:05:20,0.08120600,0.04100000
2018-02-28 07:05:20,0.08120700,0.02000000
2018-02-28 07:05:20,0.08120600,0.02100000
2018-02-28 07:05:20,0.08120600,0.04100000
2018-02-28 07:05:20,0.08130100,1.10100000
2018-02-28 07:05:20,0.08120700,0.01700000
2018-02-28 07:05:21,0.08129000,0.02000000
2018-02-28 07:05:21,0.08122300,0.57600000
2018-02-28 07:05:21,0.08129000,0.02000000
2018-02-28 07:05:21,0.08129200,0.02000000
2018-02-28 07:05:21,0.08129500,0.01900000
2018-02-28 07:05:21,0.08129500,0.00100000
2018-02-28 07:05:21,0.08129700,0.02000000
2018-02-28 07:05:21,0.08129700,0.01900000
2018-02-28 07:05:21,0.08129700,0.00100000
2018-02-28 07:05:21,0.08130100,0.02000000
2018-02-28 07:05:22,0.08130700,0.04000000
2018-02-28 07:05:22,0.08122300,0.19900000
2018-02-28 07:05:22,0.08130800,0.05900000
2018-02-28 07:05:22,0.08130800,0.00100000
2018-02-28 07:05:22,0.08130900,0.05900000
2018-02-28 07:05:22,0.08130600,0.01300000
2018-02-28 07:05:22,0.08124400,0.06000000
2018-02-28 07:05:22,0.08130900,0.02100000
2018-02-28 07:05:22,0.08131600,0.02000000
2018-02-28 07:05:22,0.08132300,0.02000000
2018-02-28 07:05:22,0.08132400,0.02000000
2018-02-28 07:05:22,0.08132700,0.01900000
2018-02-28 07:05:22,0.08124400,0.22600000
2018-02-28 07:05:22,0.08130700,1.46500000
2018-02-28 07:05:23,0.08130600,0.02000000
2018-02-28 07:05:23,0.08130600,0.02000000
2018-02-28 07:05:23,0.08130600,0.01900000
2018-02-28 07:05:23,0.08124400,0.00300000
2018-02-28 07:05:23,0.08129400,0.02000000
2018-02-28 07:05:24,0.08129300,0.02000000
2018-02-28 07:05:24,0.08129500,0.01900000
2018-02-28 07:05:24,0.08129500,0.00100000
2018-02-28 07:05:24,0.08129300,0.02000000
2018-02-28 07:05:24,0.08129700,0.02000000
2018-02-28 07:05:24,0.08129800,0.02000000
2018-02-28 07:05:24,0.08130000,0.02000000
2018-02-28 07:05:24,0.08130000,0.02000000
2018-02-28 07:05:24,0.08129400,0.02000000
2018-02-28 07:05:24,0.08124400,0.06700000
2018-02-28 07:05:24,0.08124400,0.08700000
2018-02-28 07:05:25,0.08124400,0.03100000
2018-02-28 07:05:25,0.08124400,0.12600000
2018-02-28 07:05:25,0.08124400,0.07000000
2018-02-28 07:05:25,0.08122300,0.10600000
2018-02-28 07:05:25,0.08122300,0.10400000
2018-02-28 07:05:25,0.08121300,0.01800000
2018-02-28 07:05:25,0.08130600,4.25000000
2018-02-28 07:05:25,0.08124400,0.08000000
2018-02-28 07:05:25,0.08121300,0.09300000
2018-02-28 07:05:25,0.08130600,0.12200000
2018-02-28 07:05:25,0.08124400,0.20000000
2018-02-28 07:05:25,0.08121300,0.18600000
2018-02-28 07:05:25,0.08130600,0.62800000
2018-02-28 07:05:25,0.08130800,0.10600000
2018-02-28 07:05:25,0.08130800,0.10600000
2018-02-28 07:05:25,0.08130800,0.14800000
2018-02-28 07:05:25,0.08130600,0.14800000
2018-02-28 07:05:25,0.08130600,0.04400000
2018-02-28 07:05:25,0.08130600,0.16700000
2018-02-28 07:05:25,0.08124400,0.17000000
2018-02-28 07:05:25,0.08121300,0.02200000
2018-02-28 07:05:25,0.08121300,0.13400000
2018-02-28 07:05:25,0.08121200,0.22500000
2018-02-28 07:05:25,0.08121200,0.11000000
2018-02-28 07:05:25,0.08121200,0.25300000
2018-02-28 07:05:25,0.08124400,0.14000000
2018-02-28 07:05:25,0.08121200,0.11300000
2018-02-28 07:05:25,0.08124400,0.14000000
2018-02-28 07:05:25,0.08121200,1.10000000
2018-02-28 07:05:25,0.08121200,0.14000000
2018-02-28 07:05:25,0.08124400,0.12000000
2018-02-28 07:05:25,0.08124200,0.02100000
2018-02-28 07:05:26,0.08132500,0.37200000
2018-02-28 07:05:26,0.08124400,0.02000000
2018-02-28 07:05:26,0.08121200,0.07800000
2018-02-28 07:05:26,0.08132500,0.00100000
2018-02-28 07:05:26,0.08132700,0.00100000
2018-02-28 07:05:26,0.08132800,0.02000000
2018-02-28 07:05:26,0.08133100,0.02000000
2018-02-28 07:05:26,0.08133400,0.02000000
2018-02-28 07:05:26,0.08133800,0.01500000
2018-02-28 07:05:26,0.08134200,0.06000000
2018-02-28 07:05:26,0.08134300,0.02000000
2018-02-28 07:05:26,0.08134400,0.02000000
2018-02-28 07:05:26,0.08134700,0.02000000
2018-02-28 07:05:26,0.08135200,0.02000000
2018-02-28 07:05:26,0.08137000,0.15500000
2018-02-28 07:05:26,0.08134200,0.04400000
2018-02-28 07:05:26,0.08134200,0.01600000
2018-02-28 07:05:26,0.08134200,0.02900000
2018-02-28 07:05:26,0.08134200,0.03100000
2018-02-28 07:05:26,0.08129600,0.02000000
2018-02-28 07:05:26,0.08129700,0.02000000
2018-02-28 07:05:26,0.08129700,0.00100000
2018-02-28 07:05:26,0.08129000,0.01900000
2018-02-28 07:05:26,0.08121300,0.06000000
