DATE,PRICE,VOLUME
2018-02-25 07:00:02,0.08638900,0.01600000
2018-02-25 07:00:03,0.08630400,0.23200000
2018-02-25 07:00:13,0.08638100,0.02900000
2018-02-25 07:00:14,0.08629100,0.46300000
2018-02-25 07:00:17,0.08637700,0.60000000
2018-02-25 07:00:19,0.08637700,0.02000000
2018-02-25 07:00:21,0.08637700,0.22200000
2018-02-25 07:00:21,0.08637700,0.02100000
2018-02-25 07:00:21,0.08638000,0.08300000
2018-02-25 07:00:21,0.08638000,2.02400000
2018-02-25 07:00:26,0.08638000,0.02000000
2018-02-25 07:00:26,0.08629100,0.23200000
2018-02-25 07:00:29,0.08638000,0.01300000
2018-02-25 07:00:29,0.08638100,0.00700000
2018-02-25 07:00:29,0.08639000,0.01000000
2018-02-25 07:00:32,0.08638000,0.13700000
2018-02-25 07:00:32,0.08638000,0.12400000
2018-02-25 07:00:33,0.08638000,0.83800000
2018-02-25 07:00:33,0.08638000,0.00100000
2018-02-25 07:00:33,0.08629700,0.02000000
2018-02-25 07:00:33,0.08629600,0.10900000
2018-02-25 07:00:33,0.08629600,0.09100000
2018-02-25 07:00:34,0.08638300,0.07600000
2018-02-25 07:00:34,0.08638300,0.61800000
2018-02-25 07:00:35,0.08638300,1.15700000
2018-02-25 07:00:35,0.08638300,0.27700000
2018-02-25 07:00:35,0.08638300,0.01200000
2018-02-25 07:00:35,0.08638300,2.19300000
2018-02-25 07:00:35,0.08638300,0.00100000
2018-02-25 07:00:35,0.08629700,0.02000000
2018-02-25 07:00:37,0.08638000,0.05000000
2018-02-25 07:00:37,0.08629700,0.04900000
2018-02-25 07:00:39,0.08629700,0.39800000
2018-02-25 07:00:39,0.08635900,0.06800000
2018-02-25 07:00:42,0.08629700,0.03900000
2018-02-25 07:00:42,0.08629700,0.07400000
2018-02-25 07:00:42,0.08629700,0.06400000
2018-02-25 07:00:43,0.08629700,0.23300000
2018-02-25 07:00:46,0.08629800,0.01500000
2018-02-25 07:00:47,0.08629800,0.02900000
2018-02-25 07:00:48,0.08629900,0.33400000
2018-02-25 07:00:48,0.08635900,0.00100000
2018-02-25 07:00:48,0.08638200,0.94700000
2018-02-25 07:00:50,0.08638200,0.81800000
2018-02-25 07:00:50,0.08638200,0.27200000
2018-02-25 07:00:50,0.08630100,0.01200000
2018-02-25 07:00:50,0.08638200,0.21600000
2018-02-25 07:00:51,0.08630200,0.00100000
2018-02-25 07:00:51,0.08630200,0.34100000
2018-02-25 07:00:51,0.08630200,0.00300000
2018-02-25 07:00:51,0.08630200,0.57000000
2018-02-25 07:00:51,0.08630200,0.23100000
2018-02-25 07:00:52,0.08630200,0.25800000
2018-02-25 07:00:54,0.08638200,0.07500000
2018-02-25 07:00:54,0.08632000,0.03300000
2018-02-25 07:00:54,0.08632000,0.07700000
2018-02-25 07:00:54,0.08632000,0.29300000
2018-02-25 07:00:54,0.08630300,0.54800000
2018-02-25 07:00:55,0.08632000,0.20100000
2018-02-25 07:00:56,0.08638200,0.00500000
2018-02-25 07:00:57,0.08632300,0.06800000
2018-02-25 07:01:01,0.08638200,0.11500000
2018-02-25 07:01:02,0.08638200,0.03400000
2018-02-25 07:01:02,0.08632300,0.16700000
2018-02-25 07:01:03,0.08632300,0.24300000
2018-02-25 07:01:03,0.08638200,0.11500000
2018-02-25 07:01:04,0.08638200,1.15700000
2018-02-25 07:01:04,0.08638200,3.39000000
2018-02-25 07:01:04,0.08632300,0.01500000
2018-02-25 07:01:05,0.08638200,0.17700000
2018-02-25 07:01:08,0.08638200,0.02500000
2018-02-25 07:01:08,0.08632500,0.16900000
2018-02-25 07:01:08,0.08638200,0.02400000
2018-02-25 07:01:08,0.08638200,3.00000000
2018-02-25 07:01:08,0.08638200,0.12200000
2018-02-25 07:01:09,0.08638200,0.11500000
2018-02-25 07:01:10,0.08638200,0.02900000
2018-02-25 07:01:10,0.08638200,0.98200000
2018-02-25 07:01:10,0.08632500,0.00200000
2018-02-25 07:01:10,0.08632500,0.00100000
2018-02-25 07:01:12,0.08632500,0.61100000
2018-02-25 07:01:12,0.08632300,1.32500000
2018-02-25 07:01:12,0.08632300,0.56300000
2018-02-25 07:01:12,0.08632300,0.00100000
2018-02-25 07:01:12,0.08638200,0.00100000
2018-02-25 07:01:12,0.08638300,0.07500000
2018-02-25 07:01:12,0.08638600,0.20000000
2018-02-25 07:01:12,0.08638700,0.03800000
2018-02-25 07:01:12,0.08638800,0.23800000
2018-02-25 07:01:12,0.08639000,0.00600000
2018-02-25 07:01:12,0.08639000,0.17700000
2018-02-25 07:01:12,0.08639400,0.00400000
2018-02-25 07:01:12,0.08639400,0.07000000
2018-02-25 07:01:13,0.08639400,0.04600000
2018-02-25 07:01:13,0.08639400,0.02100000
2018-02-25 07:01:16,0.08638000,0.02700000
2018-02-25 07:01:16,0.08638000,0.05300000
2018-02-25 07:01:16,0.08638000,0.19200000
2018-02-25 07:01:17,0.08639400,0.19600000
2018-02-25 07:01:17,0.08638200,0.04500000
2018-02-25 07:01:17,0.08638000,0.68200000
2018-02-25 07:01:17,0.08638000,0.04000000
2018-02-25 07:01:21,0.08638300,0.05000000
2018-02-25 07:01:21,0.08639400,0.00100000
2018-02-25 07:01:21,0.08640800,0.02000000
2018-02-25 07:01:21,0.08642800,0.04400000
2018-02-25 07:01:22,0.08642800,0.83200000
2018-02-25 07:01:25,0.08642700,0.14900000
2018-02-25 07:01:25,0.08638000,0.00600000
2018-02-25 07:01:25,0.08637500,0.22300000
2018-02-25 07:01:25,0.08637500,0.00400000
2018-02-25 07:01:25,0.08642700,0.05300000
2018-02-25 07:01:25,0.08630700,0.02000000
2018-02-25 07:01:26,0.08630800,1.37400000
2018-02-25 07:01:26,0.08642600,0.20000000
2018-02-25 07:01:26,0.08642700,0.08800000
2018-02-25 07:01:26,0.08642800,0.83300000
2018-02-25 07:01:26,0.08642800,0.15200000
2018-02-25 07:01:26,0.08631000,0.48800000
2018-02-25 07:01:27,0.08631000,0.20200000
2018-02-25 07:01:27,0.08630700,0.20000000
2018-02-25 07:01:27,0.08630200,0.82500000
2018-02-25 07:01:27,0.08631100,0.24800000
2018-02-25 07:01:28,0.08631300,0.06400000
2018-02-25 07:01:28,0.08631200,0.01900000
2018-02-25 07:01:29,0.08642000,0.08400000
2018-02-25 07:01:29,0.08642000,0.00200000
2018-02-25 07:01:31,0.08632100,0.02700000
2018-02-25 07:01:32,0.08632100,0.68600000
2018-02-25 07:01:32,0.08632200,0.02500000
2018-02-25 07:01:32,0.08641500,0.18600000
2018-02-25 07:01:36,0.08641000,0.30200000
2018-02-25 07:01:38,0.08641000,0.10000000
2018-02-25 07:01:38,0.08641400,0.02500000
2018-02-25 07:01:38,0.08641500,0.02500000
2018-02-25 07:01:38,0.08641300,0.09900000
2018-02-25 07:01:38,0.08641300,0.13200000
2018-02-25 07:01:38,0.08641300,0.20100000
2018-02-25 07:01:38,0.08641300,0.34300000
2018-02-25 07:01:38,0.08641500,0.26900000
2018-02-25 07:01:40,0.08632800,0.01900000
2018-02-25 07:01:42,0.08641700,0.20700000
2018-02-25 07:01:45,0.08632800,0.00100000
2018-02-25 07:01:45,0.08632400,0.03800000
2018-02-25 07:01:45,0.08632800,0.02000000
2018-02-25 07:01:45,0.08632800,0.02000000
2018-02-25 07:01:45,0.08632800,0.01800000
2018-02-25 07:01:46,0.08638800,0.06800000
2018-02-25 07:01:47,0.08632800,0.00200000
2018-02-25 07:01:47,0.08632800,0.01700000
2018-02-25 07:01:48,0.08632700,0.01700000
2018-02-25 07:01:48,0.08632700,0.00300000
2018-02-25 07:01:48,0.08632400,0.01600000
2018-02-25 07:01:48,0.08632700,0.01200000
2018-02-25 07:01:49,0.08632500,0.01700000
2018-02-25 07:01:51,0.08632400,0.09900000
2018-02-25 07:01:51,0.08632400,0.04500000
2018-02-25 07:01:51,0.08632400,2.12700000
2018-02-25 07:01:53,0.08633300,0.02100000
2018-02-25 07:01:54,0.08637000,0.01200000
2018-02-25 07:01:54,0.08638800,0.00100000
2018-02-25 07:01:54,0.08639800,0.00500000
2018-02-25 07:01:55,0.08639800,0.40000000
2018-02-25 07:01:56,0.08632900,0.03300000
2018-02-25 07:01:56,0.08632900,0.11300000
2018-02-25 07:01:57,0.08633800,0.02100000
2018-02-25 07:01:57,0.08632900,0.37200000
2018-02-25 07:01:57,0.08639800,0.17200000
2018-02-25 07:01:57,0.08639800,0.00100000
2018-02-25 07:01:57,0.08641200,0.02000000
2018-02-25 07:01:58,0.08632900,0.03200000
2018-02-25 07:01:59,0.08632900,0.31900000
2018-02-25 07:02:01,0.08641500,0.39000000
2018-02-25 07:02:01,0.08642100,0.02000000
2018-02-25 07:02:01,0.08642100,0.01900000
2018-02-25 07:02:03,0.08642000,0.00900000
2018-02-25 07:02:09,0.08633100,0.01800000
2018-02-25 07:02:10,0.08633000,0.01800000
2018-02-25 07:02:13,0.08641900,0.02000000
2018-02-25 07:02:13,0.08642000,0.06200000
2018-02-25 07:02:14,0.08633100,0.03900000
2018-02-25 07:02:15,0.08642000,0.64600000
2018-02-25 07:02:17,0.08642000,0.34800000
2018-02-25 07:02:17,0.08633300,0.01900000
2018-02-25 07:02:18,0.08633300,0.04300000
2018-02-25 07:02:18,0.08633300,0.01900000
2018-02-25 07:02:18,0.08633300,2.61800000
2018-02-25 07:02:18,0.08633300,0.38700000
2018-02-25 07:02:18,0.08633300,0.21700000
2018-02-25 07:02:18,0.08633300,0.01900000
2018-02-25 07:02:19,0.08633400,0.02000000
2018-02-25 07:02:19,0.08633300,0.21600000
2018-02-25 07:02:19,0.08633400,0.01800000
2018-02-25 07:02:21,0.08633000,0.02000000
2018-02-25 07:02:22,0.08641300,1.18500000
2018-02-25 07:02:24,0.08641300,0.81000000
2018-02-25 07:02:24,0.08641300,1.12600000
2018-02-25 07:02:24,0.08641300,0.14100000
2018-02-25 07:02:25,0.08641300,0.79800000
2018-02-25 07:02:26,0.08632800,0.17900000
2018-02-25 07:02:26,0.08641400,0.01300000
2018-02-25 07:02:26,0.08641400,0.04100000
2018-02-25 07:02:26,0.08641400,0.04900000
2018-02-25 07:02:27,0.08633700,0.02000000
2018-02-25 07:02:29,0.08641300,0.02000000
2018-02-25 07:02:29,0.08641400,0.38000000
2018-02-25 07:02:29,0.08641300,0.01900000
2018-02-25 07:02:30,0.08641400,0.10200000
2018-02-25 07:02:32,0.08641300,0.11500000
2018-02-25 07:02:33,0.08632500,0.01800000
2018-02-25 07:02:33,0.08641200,0.00900000
2018-02-25 07:02:34,0.08632700,0.01800000
2018-02-25 07:02:35,0.08641200,0.22500000
2018-02-25 07:02:35,0.08632600,0.01800000
2018-02-25 07:02:36,0.08641300,0.01300000
2018-02-25 07:02:39,0.08641300,0.11500000
2018-02-25 07:02:40,0.08641200,0.22600000
2018-02-25 07:02:40,0.08632400,0.03200000
2018-02-25 07:02:41,0.08641200,0.13200000
2018-02-25 07:02:41,0.08641200,0.11500000
2018-02-25 07:02:43,0.08632400,0.29900000
2018-02-25 07:02:43,0.08632400,2.32000000
2018-02-25 07:02:44,0.08632400,2.32100000
2018-02-25 07:02:44,0.08632400,0.06200000
2018-02-25 07:02:44,0.08632400,0.02500000
2018-02-25 07:02:45,0.08632500,1.15700000
2018-02-25 07:02:45,0.08632500,0.12400000
2018-02-25 07:02:45,0.08632500,0.79500000
2018-02-25 07:02:45,0.08632500,0.26200000
2018-02-25 07:02:46,0.08632500,1.15700000
2018-02-25 07:02:46,0.08632500,3.07500000
2018-02-25 07:02:46,0.08641300,0.01300000
2018-02-25 07:02:47,0.08632500,1.15700000
2018-02-25 07:02:47,0.08632500,0.64700000
2018-02-25 07:02:47,0.08632500,0.34600000
2018-02-25 07:02:48,0.08632400,0.05100000
2018-02-25 07:02:48,0.08632400,0.15900000
2018-02-25 07:02:49,0.08641300,0.01000000
2018-02-25 07:02:50,0.08641300,0.01500000
2018-02-25 07:02:52,0.08641300,0.30800000
2018-02-25 07:02:52,0.08641300,0.02600000
2018-02-25 07:02:53,0.08632400,4.11600000
2018-02-25 07:02:54,0.08632400,0.33300000
2018-02-25 07:02:54,0.08632000,0.09100000
2018-02-25 07:02:55,0.08641200,0.01900000
2018-02-25 07:02:55,0.08641200,0.00100000
2018-02-25 07:02:55,0.08641200,0.02000000
2018-02-25 07:02:55,0.08641200,0.02000000
2018-02-25 07:02:55,0.08641200,0.00900000
2018-02-25 07:02:55,0.08641200,0.01100000
2018-02-25 07:02:55,0.08641300,0.02800000
2018-02-25 07:02:55,0.08632100,0.25000000
2018-02-25 07:02:56,0.08641100,0.03900000
2018-02-25 07:02:56,0.08641200,0.02000000
2018-02-25 07:02:56,0.08641200,0.02000000
2018-02-25 07:02:56,0.08641200,0.02000000
2018-02-25 07:02:56,0.08641200,0.01600000
2018-02-25 07:02:56,0.08632200,0.02000000
2018-02-25 07:02:56,0.08632100,0.03500000
2018-02-25 07:02:57,0.08632300,0.03800000
2018-02-25 07:02:57,0.08641100,0.13100000
2018-02-25 07:02:58,0.08632100,0.01900000
2018-02-25 07:02:59,0.08632200,0.53600000
2018-02-25 07:02:59,0.08632200,0.04700000
2018-02-25 07:02:59,0.08632200,1.00000000
2018-02-25 07:02:59,0.08632200,0.00300000
2018-02-25 07:02:59,0.08632000,0.04400000
2018-02-25 07:02:59,0.08632200,0.02000000
2018-02-25 07:02:59,0.08632000,0.03900000
2018-02-25 07:03:00,0.08640900,0.01900000
2018-02-25 07:03:00,0.08640900,0.00100000
2018-02-25 07:03:00,0.08641000,0.01200000
2018-02-25 07:03:01,0.08632100,0.02000000
2018-02-25 07:03:01,0.08632000,0.10500000
2018-02-25 07:03:01,0.08640900,0.01900000
2018-02-25 07:03:01,0.08632100,0.01300000
2018-02-25 07:03:01,0.08632100,0.00700000
2018-02-25 07:03:01,0.08632000,0.01600000
2018-02-25 07:03:01,0.08632100,0.02000000
2018-02-25 07:03:02,0.08640900,0.17300000
2018-02-25 07:03:02,0.08640900,0.02000000
2018-02-25 07:03:03,0.08641000,0.03800000
2018-02-25 07:03:03,0.08641000,0.39700000
2018-02-25 07:03:03,0.08641000,0.15900000
2018-02-25 07:03:04,0.08641000,0.02700000
2018-02-25 07:03:06,0.08632900,0.12200000
2018-02-25 07:03:06,0.08632900,0.02000000
2018-02-25 07:03:08,0.08632900,0.01700000
2018-02-25 07:03:08,0.08633800,0.02000000
2018-02-25 07:03:08,0.08632900,0.01100000
2018-02-25 07:03:08,0.08632500,1.20700000
2018-02-25 07:03:11,0.08632600,0.04700000
2018-02-25 07:03:11,0.08632500,0.01700000
2018-02-25 07:03:11,0.08640700,0.39300000
2018-02-25 07:03:11,0.08632500,0.04600000
2018-02-25 07:03:11,0.08632500,0.48300000
2018-02-25 07:03:11,0.08632100,0.02000000
2018-02-25 07:03:11,0.08632000,0.02400000
2018-02-25 07:03:11,0.08632100,0.02000000
2018-02-25 07:03:11,0.08632000,0.50700000
2018-02-25 07:03:12,0.08632000,1.24200000
2018-02-25 07:03:12,0.08640600,0.01900000
2018-02-25 07:03:12,0.08632000,0.08000000
2018-02-25 07:03:13,0.08640600,0.00100000
2018-02-25 07:03:13,0.08640700,0.01400000
2018-02-25 07:03:13,0.08632000,0.25000000
2018-02-25 07:03:14,0.08640600,0.01900000
2018-02-25 07:03:16,0.08632000,0.27300000
2018-02-25 07:03:16,0.08632000,0.20200000
2018-02-25 07:03:17,0.08640500,0.01700000
2018-02-25 07:03:17,0.08640500,0.01600000
2018-02-25 07:03:17,0.08640500,0.00500000
2018-02-25 07:03:17,0.08640700,0.01500000
2018-02-25 07:03:17,0.08632000,0.11500000
2018-02-25 07:03:17,0.08640500,0.01200000
2018-02-25 07:03:17,0.08632000,0.20100000
2018-02-25 07:03:17,0.08631100,1.06700000
2018-02-25 07:03:17,0.08630500,0.18000000
2018-02-25 07:03:17,0.08630200,0.05800000
2018-02-25 07:03:17,0.08630100,0.32700000
2018-02-25 07:03:19,0.08640300,0.02000000
2018-02-25 07:03:19,0.08640400,0.04500000
2018-02-25 07:03:19,0.08640400,0.03900000
2018-02-25 07:03:19,0.08631000,0.02000000
2018-02-25 07:03:19,0.08630200,0.03000000
2018-02-25 07:03:19,0.08630100,0.15000000
2018-02-25 07:03:20,0.08640000,0.30900000
2018-02-25 07:03:21,0.08630900,0.02000000
2018-02-25 07:03:21,0.08630100,0.08400000
2018-02-25 07:03:21,0.08631000,0.02000000
2018-02-25 07:03:22,0.08631000,0.06200000
2018-02-25 07:03:23,0.08632500,0.25800000
2018-02-25 07:03:23,0.08632500,0.57100000
2018-02-25 07:03:24,0.08639900,0.01900000
2018-02-25 07:03:25,0.08639900,0.22200000
2018-02-25 07:03:27,0.08632500,0.00100000
2018-02-25 07:03:27,0.08631100,0.39900000
2018-02-25 07:03:27,0.08631100,0.07500000
2018-02-25 07:03:27,0.08631100,0.11300000
2018-02-25 07:03:27,0.08639800,0.11500000
2018-02-25 07:03:28,0.08631200,0.01800000
2018-02-25 07:03:29,0.08631100,0.79000000
2018-02-25 07:03:30,0.08639800,0.11500000
2018-02-25 07:03:30,0.08631100,1.15700000
2018-02-25 07:03:31,0.08631100,2.84600000
2018-02-25 07:03:31,0.08631100,0.02000000
2018-02-25 07:03:31,0.08630100,1.32100000
2018-02-25 07:03:32,0.08639700,0.01600000
2018-02-25 07:03:32,0.08630300,0.02000000
2018-02-25 07:03:32,0.08630200,1.13700000
2018-02-25 07:03:32,0.08630200,0.13100000
2018-02-25 07:03:32,0.08630100,0.15000000
2018-02-25 07:03:32,0.08639600,0.01600000
2018-02-25 07:03:32,0.08639600,0.02300000
2018-02-25 07:03:33,0.08630300,0.02000000
2018-02-25 07:03:36,0.08639100,0.00100000
2018-02-25 07:03:37,0.08639000,0.03300000
2018-02-25 07:03:38,0.08639000,0.09000000
2018-02-25 07:03:38,0.08638900,0.95300000
2018-02-25 07:03:39,0.08630100,1.15700000
2018-02-25 07:03:39,0.08630100,0.05600000
2018-02-25 07:03:39,0.08630100,2.68800000
2018-02-25 07:03:39,0.08630100,1.11500000
2018-02-25 07:03:39,0.08638900,0.03300000
2018-02-25 07:03:40,0.08630100,0.10400000
2018-02-25 07:03:41,0.08630000,2.62800000
2018-02-25 07:03:41,0.08638600,0.01600000
2018-02-25 07:03:42,0.08630000,0.37200000
2018-02-25 07:03:42,0.08630000,0.28800000
2018-02-25 07:03:43,0.08630000,0.02700000
2018-02-25 07:03:43,0.08630000,0.10100000
2018-02-25 07:03:43,0.08630000,0.42100000
2018-02-25 07:03:44,0.08638600,0.38700000
2018-02-25 07:03:44,0.08630000,0.11500000
2018-02-25 07:03:45,0.08638600,0.00300000
2018-02-25 07:03:45,0.08638700,0.00500000
2018-02-25 07:03:47,0.08638600,0.01900000
2018-02-25 07:03:50,0.08630100,0.08600000
2018-02-25 07:03:51,0.08630100,0.04700000
2018-02-25 07:03:51,0.08630000,0.01600000
2018-02-25 07:03:51,0.08630000,0.79600000
2018-02-25 07:03:51,0.08629000,0.19700000
2018-02-25 07:03:51,0.08629000,0.10000000
2018-02-25 07:03:51,0.08629000,0.10000000
2018-02-25 07:03:52,0.08629000,0.23400000
2018-02-25 07:03:52,0.08638500,0.02100000
2018-02-25 07:03:52,0.08638500,0.35000000
2018-02-25 07:03:52,0.08638400,0.02000000
2018-02-25 07:03:52,0.08638500,0.04200000
2018-02-25 07:03:53,0.08638000,0.11900000
2018-02-25 07:03:53,0.08638000,0.00100000
2018-02-25 07:03:53,0.08638300,0.11800000
2018-02-25 07:03:53,0.08638300,0.05300000
2018-02-25 07:03:53,0.08638400,0.02000000
2018-02-25 07:03:53,0.08638500,0.04600000
2018-02-25 07:03:53,0.08638300,0.02000000
2018-02-25 07:03:53,0.08638500,0.00700000
2018-02-25 07:03:53,0.08632700,0.01600000
2018-02-25 07:03:54,0.08632700,0.04100000
2018-02-25 07:03:54,0.08638100,0.02000000
2018-02-25 07:03:54,0.08638200,1.13700000
2018-02-25 07:03:54,0.08638200,0.01900000
2018-02-25 07:03:54,0.08632700,0.00200000
2018-02-25 07:03:54,0.08629200,0.01800000
2018-02-25 07:03:54,0.08638100,0.02000000
2018-02-25 07:03:54,0.08638200,0.09600000
2018-02-25 07:03:54,0.08638200,2.59800000
2018-02-25 07:03:54,0.08638500,0.11400000
2018-02-25 07:03:54,0.08638100,0.01400000
2018-02-25 07:03:56,0.08638100,0.11800000
2018-02-25 07:03:56,0.08638100,0.47000000
2018-02-25 07:03:56,0.08638500,0.11700000
2018-02-25 07:03:56,0.08629300,0.00100000
2018-02-25 07:03:57,0.08638000,0.63200000
2018-02-25 07:03:59,0.08637800,0.04000000
2018-02-25 07:04:00,0.08637800,0.16200000
2018-02-25 07:04:01,0.08637800,0.16600000
2018-02-25 07:04:01,0.08637800,0.16500000
2018-02-25 07:04:01,0.08629300,0.02000000
2018-02-25 07:04:01,0.08629300,0.02000000
2018-02-25 07:04:02,0.08637800,0.02900000
2018-02-25 07:04:03,0.08629500,0.01200000
2018-02-25 07:04:03,0.08635300,0.06800000
2018-02-25 07:04:03,0.08635300,0.00100000
2018-02-25 07:04:03,0.08637700,0.06700000
2018-02-25 07:04:03,0.08637700,0.06800000
2018-02-25 07:04:03,0.08629200,0.01800000
2018-02-25 07:04:04,0.08628900,0.59900000
2018-02-25 07:04:04,0.08637600,0.01900000
2018-02-25 07:04:04,0.08637600,0.00100000
2018-02-25 07:04:04,0.08637700,0.01800000
2018-02-25 07:04:04,0.08628900,0.00100000
2018-02-25 07:04:04,0.08628200,0.01700000
2018-02-25 07:04:04,0.08630000,0.09900000
2018-02-25 07:04:05,0.08637600,0.01900000
2018-02-25 07:04:05,0.08637600,0.00100000
2018-02-25 07:04:05,0.08637700,0.01800000
2018-02-25 07:04:06,0.08637600,0.01900000
2018-02-25 07:04:06,0.08637600,0.00100000
2018-02-25 07:04:06,0.08637700,0.01800000
2018-02-25 07:04:07,0.08637600,0.01900000
2018-02-25 07:04:07,0.08637600,0.00100000
2018-02-25 07:04:07,0.08637700,0.01800000
2018-02-25 07:04:07,0.08630000,0.00100000
2018-02-25 07:04:07,0.08628100,0.02000000
2018-02-25 07:04:08,0.08637600,0.01700000
2018-02-25 07:04:08,0.08637600,0.00300000
2018-02-25 07:04:08,0.08637700,0.01600000
2018-02-25 07:04:09,0.08637600,0.01900000
2018-02-25 07:04:09,0.08628300,0.01800000
2018-02-25 07:04:09,0.08628300,0.00200000
2018-02-25 07:04:09,0.08628200,0.00500000
2018-02-25 07:04:09,0.08628300,0.02000000
2018-02-25 07:04:09,0.08628200,0.43800000
2018-02-25 07:04:10,0.08637500,0.69200000
2018-02-25 07:04:10,0.08628300,0.01900000
2018-02-25 07:04:10,0.08630000,0.01200000
2018-02-25 07:04:11,0.08628100,0.01900000
2018-02-25 07:04:11,0.08630000,0.01300000
2018-02-25 07:04:11,0.08630000,0.00200000
2018-02-25 07:04:11,0.08630000,0.00100000
2018-02-25 07:04:11,0.08630000,0.04400000
2018-02-25 07:04:12,0.08630000,0.34000000
2018-02-25 07:04:12,0.08628000,0.02000000
2018-02-25 07:04:12,0.08627400,0.02000000
2018-02-25 07:04:12,0.08628000,0.02000000
2018-02-25 07:04:12,0.08627400,0.09500000
2018-02-25 07:04:15,0.08636400,0.39900000
2018-02-25 07:04:15,0.08628200,0.02000000
2018-02-25 07:04:15,0.08627400,0.36000000
2018-02-25 07:04:18,0.08628300,0.34900000
2018-02-25 07:04:18,0.08628200,0.19300000
2018-02-25 07:04:18,0.08627400,0.03800000
2018-02-25 07:04:20,0.08628200,0.01900000
2018-02-25 07:04:20,0.08628100,0.02000000
2018-02-25 07:04:20,0.08627400,0.56000000
2018-02-25 07:04:23,0.08627400,0.05100000
2018-02-25 07:04:23,0.08636200,0.19900000
2018-02-25 07:04:24,0.08636200,0.29900000
2018-02-25 07:04:25,0.08636100,0.37500000
2018-02-25 07:04:25,0.08636100,0.25600000
2018-02-25 07:04:25,0.08636200,0.02900000
2018-02-25 07:04:25,0.08630200,0.13900000
2018-02-25 07:04:25,0.08636000,0.04500000
2018-02-25 07:04:26,0.08636400,0.00100000
2018-02-25 07:04:26,0.08637500,0.02000000
2018-02-25 07:04:26,0.08637700,0.09700000
2018-02-25 07:04:31,0.08630200,0.01000000
2018-02-25 07:04:31,0.08627700,1.05700000
2018-02-25 07:04:31,0.08627700,0.23100000
2018-02-25 07:04:32,0.08627800,0.02000000
2018-02-25 07:04:32,0.08627700,0.03000000
2018-02-25 07:04:33,0.08636400,0.39700000
2018-02-25 07:04:37,0.08636400,0.00300000
2018-02-25 07:04:37,0.08637500,0.01700000
2018-02-25 07:04:37,0.08627900,1.06100000
2018-02-25 07:04:38,0.08636400,0.03700000
2018-02-25 07:04:38,0.08628000,0.06300000
2018-02-25 07:04:38,0.08628000,0.23200000
2018-02-25 07:04:39,0.08628000,0.00100000
2018-02-25 07:04:40,0.08636000,0.17100000
2018-02-25 07:04:40,0.08628100,0.36800000
2018-02-25 07:04:41,0.08628200,0.01900000
2018-02-25 07:04:45,0.08628200,0.00100000
2018-02-25 07:04:45,0.08627600,0.02000000
2018-02-25 07:04:46,0.08636000,0.11900000
2018-02-25 07:04:47,0.08636400,0.05800000
2018-02-25 07:04:47,0.08636400,0.00100000
2018-02-25 07:04:48,0.08627700,0.02200000
2018-02-25 07:04:49,0.08636400,0.00100000
2018-02-25 07:04:49,0.08627700,0.12800000
2018-02-25 07:04:49,0.08627600,0.10500000
2018-02-25 07:04:50,0.08627700,0.06400000
2018-02-25 07:04:52,0.08636400,0.01400000
2018-02-25 07:04:55,0.08627700,0.00100000
2018-02-25 07:04:56,0.08627900,0.10300000
2018-02-25 07:04:56,0.08627900,0.22300000
2018-02-25 07:04:56,0.08627900,0.02400000
2018-02-25 07:04:56,0.08627900,1.15800000
2018-02-25 07:04:56,0.08627900,0.24000000
2018-02-25 07:04:56,0.08627900,0.84000000
2018-02-25 07:04:56,0.08627900,0.16600000
2018-02-25 07:04:56,0.08627900,0.71900000
2018-02-25 07:04:56,0.08627900,0.07500000
2018-02-25 07:04:56,0.08627900,0.51200000
2018-02-25 07:04:56,0.08627900,0.92600000
2018-02-25 07:04:56,0.08627900,0.06400000
2018-02-25 07:04:57,0.08627900,0.29100000
2018-02-25 07:04:57,0.08627700,0.01600000
2018-02-25 07:04:58,0.08627900,0.17600000
2018-02-25 07:04:58,0.08627900,0.14900000
2018-02-25 07:04:59,0.08627900,0.23000000
2018-02-25 07:05:00,0.08627900,0.81900000
2018-02-25 07:05:00,0.08627700,0.00400000
2018-02-25 07:05:00,0.08627900,0.02000000
2018-02-25 07:05:01,0.08627700,0.07800000
2018-02-25 07:05:01,0.08627900,0.04700000
2018-02-25 07:05:01,0.08627900,0.14800000
2018-02-25 07:05:02,0.08627700,0.03000000
2018-02-25 07:05:02,0.08627900,0.34900000
2018-02-25 07:05:02,0.08627900,1.63300000
2018-02-25 07:05:03,0.08627900,0.40000000
2018-02-25 07:05:04,0.08627700,0.31700000
2018-02-25 07:05:05,0.08627900,0.11200000
2018-02-25 07:05:06,0.08627900,0.40000000
2018-02-25 07:05:06,0.08627900,0.00900000
2018-02-25 07:05:07,0.08627900,0.22300000
2018-02-25 07:05:09,0.08627900,1.15900000
2018-02-25 07:05:09,0.08627900,3.78500000
2018-02-25 07:05:11,0.08636100,0.09900000
2018-02-25 07:05:11,0.08636100,0.11100000
2018-02-25 07:05:11,0.08636100,0.11200000
2018-02-25 07:05:12,0.08636400,0.01700000
2018-02-25 07:05:13,0.08627700,0.02800000
2018-02-25 07:05:13,0.08627700,0.10200000
2018-02-25 07:05:13,0.08627700,0.01600000
2018-02-25 07:05:14,0.08627700,0.05000000
2018-02-25 07:05:14,0.08627700,0.82800000
2018-02-25 07:05:15,0.08627700,0.01200000
2018-02-25 07:05:15,0.08636400,0.01600000
2018-02-25 07:05:18,0.08636300,0.31800000
2018-02-25 07:05:18,0.08627900,0.42900000
2018-02-25 07:05:18,0.08627900,0.07600000
2018-02-25 07:05:20,0.08627700,0.07700000
2018-02-25 07:05:20,0.08636400,0.10500000
2018-02-25 07:05:20,0.08636400,0.24400000
2018-02-25 07:05:20,0.08636400,0.48900000
2018-02-25 07:05:20,0.08636400,0.12700000
2018-02-25 07:05:20,0.08636400,0.12700000
2018-02-25 07:05:20,0.08636400,0.12700000
2018-02-25 07:05:20,0.08627700,0.06000000
2018-02-25 07:05:21,0.08627700,0.07100000
2018-02-25 07:05:21,0.08627700,0.07600000
2018-02-25 07:05:21,0.08636400,0.05300000
2018-02-25 07:05:24,0.08636300,0.01900000
2018-02-25 07:05:24,0.08636300,0.04000000
2018-02-25 07:05:28,0.08636300,0.02000000
2018-02-25 07:05:31,0.08627700,0.23300000
2018-02-25 07:05:32,0.08636300,0.19200000
2018-02-25 07:05:36,0.08627700,0.88300000
2018-02-25 07:05:36,0.08627700,0.40000000
2018-02-25 07:05:36,0.08636300,0.11500000
2018-02-25 07:05:38,0.08636300,1.08700000
2018-02-25 07:05:38,0.08636300,0.07100000
2018-02-25 07:05:38,0.08636400,0.58700000
2018-02-25 07:05:38,0.08636800,0.02000000
2018-02-25 07:05:38,0.08637200,0.11300000
2018-02-25 07:05:38,0.08637200,0.28700000
2018-02-25 07:05:38,0.08637300,0.18400000
2018-02-25 07:05:38,0.08637300,0.47800000
2018-02-25 07:05:40,0.08628000,0.02300000
2018-02-25 07:05:42,0.08627700,1.01900000
2018-02-25 07:05:46,0.08636600,0.05100000
2018-02-25 07:05:51,0.08636300,0.10000000
2018-02-25 07:05:54,0.08636300,0.16200000
2018-02-25 07:05:55,0.08636200,0.29200000
2018-02-25 07:05:55,0.08636200,0.34300000
2018-02-25 07:05:57,0.08627900,3.05200000
2018-02-25 07:05:57,0.08627700,0.12200000
2018-02-25 07:05:58,0.08636100,0.06500000
2018-02-25 07:05:58,0.08627700,0.27900000
2018-02-25 07:05:59,0.08627700,0.35000000
2018-02-25 07:06:05,0.08627700,0.04600000
2018-02-25 07:06:05,0.08627700,0.18800000
2018-02-25 07:06:07,0.08636100,0.04100000
2018-02-25 07:06:07,0.08636400,0.13900000
2018-02-25 07:06:09,0.08636100,0.03600000
2018-02-25 07:06:12,0.08627700,0.96300000
2018-02-25 07:06:17,0.08635900,0.51400000
2018-02-25 07:06:17,0.08635900,0.04300000
2018-02-25 07:06:18,0.08627700,0.03100000
2018-02-25 07:06:18,0.08627700,0.03000000
2018-02-25 07:06:19,0.08635900,0.34500000
2018-02-25 07:06:20,0.08635900,0.06100000
2018-02-25 07:06:20,0.08635900,0.91600000
2018-02-25 07:06:22,0.08627700,1.46800000
2018-02-25 07:06:22,0.08627600,0.80100000
2018-02-25 07:06:24,0.08627700,0.13200000
2018-02-25 07:06:27,0.08635900,0.01600000
2018-02-25 07:06:27,0.08635900,0.02100000
2018-02-25 07:06:27,0.08627700,0.00100000
2018-02-25 07:06:27,0.08627600,0.00100000
2018-02-25 07:06:27,0.08627300,0.01800000
2018-02-25 07:06:27,0.08627300,1.32700000
2018-02-25 07:06:29,0.08627300,0.02000000
2018-02-25 07:06:30,0.08627300,0.01600000
2018-02-25 07:06:31,0.08627300,0.34800000
2018-02-25 07:06:32,0.08627300,0.13300000
2018-02-25 07:06:32,0.08634900,0.25000000
2018-02-25 07:06:32,0.08627300,0.04400000
2018-02-25 07:06:32,0.08627200,0.13200000
2018-02-25 07:06:32,0.08634900,0.98400000
2018-02-25 07:06:32,0.08634900,0.11500000
2018-02-25 07:06:32,0.08627200,0.45500000
2018-02-25 07:06:33,0.08634600,0.02900000
2018-02-25 07:06:33,0.08627200,0.30700000
2018-02-25 07:06:34,0.08635100,0.00100000
2018-02-25 07:06:34,0.08627300,0.01700000
2018-02-25 07:06:35,0.08627300,0.08200000
2018-02-25 07:06:35,0.08627300,0.00100000
2018-02-25 07:06:35,0.08635100,0.01900000
2018-02-25 07:06:35,0.08635700,0.06200000
2018-02-25 07:06:35,0.08635700,0.01900000
2018-02-25 07:06:35,0.08635700,0.08200000
2018-02-25 07:06:35,0.08627200,0.03000000
2018-02-25 07:06:36,0.08635100,0.01900000
2018-02-25 07:06:38,0.08627200,0.00300000
2018-02-25 07:06:38,0.08627000,0.01200000
2018-02-25 07:06:38,0.08625900,0.00500000
2018-02-25 07:06:40,0.08626100,0.00100000
2018-02-25 07:06:44,0.08626100,0.29000000
2018-02-25 07:06:45,0.08634900,0.60900000
2018-02-25 07:06:46,0.08634800,0.01300000
2018-02-25 07:06:48,0.08635000,0.31000000
2018-02-25 07:06:48,0.08635800,0.11400000
2018-02-25 07:06:50,0.08635100,0.11400000
2018-02-25 07:06:50,0.08626100,0.11500000
2018-02-25 07:06:51,0.08626300,0.02000000
2018-02-25 07:06:51,0.08626300,0.21700000
2018-02-25 07:06:52,0.08635100,0.01900000
2018-02-25 07:06:52,0.08626300,0.03600000
2018-02-25 07:06:52,0.08626400,0.02000000
2018-02-25 07:06:52,0.08626300,0.19700000
2018-02-25 07:06:53,0.08632800,0.04400000
2018-02-25 07:06:53,0.08632800,0.00100000
2018-02-25 07:06:53,0.08635700,0.02000000
2018-02-25 07:06:53,0.08635800,0.02300000
2018-02-25 07:06:53,0.08635800,0.04400000
2018-02-25 07:06:56,0.08635500,0.00900000
2018-02-25 07:07:01,0.08635000,0.03200000
2018-02-25 07:07:02,0.08635000,1.15800000
2018-02-25 07:07:02,0.08635000,0.95100000
2018-02-25 07:07:03,0.08635000,0.30500000
2018-02-25 07:07:03,0.08626700,0.40000000
2018-02-25 07:07:03,0.08626700,0.02000000
2018-02-25 07:07:04,0.08626700,0.11500000
2018-02-25 07:07:05,0.08635100,0.01700000
2018-02-25 07:07:05,0.08626800,0.18100000
2018-02-25 07:07:07,0.08626800,0.21900000
2018-02-25 07:07:09,0.08626800,0.00100000
2018-02-25 07:07:09,0.08626400,0.37800000
2018-02-25 07:07:09,0.08626400,0.36700000
2018-02-25 07:07:10,0.08626400,0.22300000
2018-02-25 07:07:11,0.08626400,0.52300000
2018-02-25 07:07:11,0.08626400,0.01700000
2018-02-25 07:07:12,0.08634700,0.08700000
2018-02-25 07:07:12,0.08626400,0.03300000
2018-02-25 07:07:14,0.08626400,0.13100000
2018-02-25 07:07:16,0.08634500,0.01300000
2018-02-25 07:07:17,0.08626400,0.00100000
2018-02-25 07:07:17,0.08625900,0.39900000
2018-02-25 07:07:18,0.08625900,0.52800000
2018-02-25 07:07:19,0.08626100,0.04200000
2018-02-25 07:07:19,0.08626100,0.01600000
2018-02-25 07:07:20,0.08626100,0.02900000
2018-02-25 07:07:20,0.08626100,0.16300000
2018-02-25 07:07:20,0.08634400,0.02300000
2018-02-25 07:07:20,0.08634400,0.02400000
2018-02-25 07:07:20,0.08634400,0.06700000
2018-02-25 07:07:20,0.08634400,0.19100000
2018-02-25 07:07:20,0.08634400,0.19100000
2018-02-25 07:07:20,0.08634400,0.08700000
2018-02-25 07:07:20,0.08634400,1.28700000
2018-02-25 07:07:20,0.08634400,0.13400000
2018-02-25 07:07:20,0.08625900,0.00100000
2018-02-25 07:07:20,0.08625800,0.11500000
2018-02-25 07:07:20,0.08625700,0.26400000
2018-02-25 07:07:20,0.08625600,0.02000000
2018-02-25 07:07:20,0.08625300,0.98700000
2018-02-25 07:07:20,0.08634300,0.02000000
2018-02-25 07:07:20,0.08634400,1.07800000
2018-02-25 07:07:21,0.08625600,0.02000000
2018-02-25 07:07:21,0.08625300,0.39500000
2018-02-25 07:07:21,0.08625200,0.01500000
2018-02-25 07:07:21,0.08625100,0.06000000
2018-02-25 07:07:21,0.08625000,0.00300000
2018-02-25 07:07:21,0.08625000,0.47400000
2018-02-25 07:07:26,0.08625400,0.02000000
2018-02-25 07:07:26,0.08625400,0.02000000
2018-02-25 07:07:27,0.08625400,0.43000000
2018-02-25 07:07:27,0.08625400,0.00100000
2018-02-25 07:07:27,0.08634300,0.02000000
2018-02-25 07:07:27,0.08634400,0.11600000
2018-02-25 07:07:27,0.08634400,0.01800000
2018-02-25 07:07:27,0.08634400,0.43000000
2018-02-25 07:07:27,0.08634400,0.02300000
2018-02-25 07:07:28,0.08625500,0.02000000
2018-02-25 07:07:28,0.08634300,0.01600000
2018-02-25 07:07:31,0.08625300,0.04500000
2018-02-25 07:07:33,0.08634100,0.08100000
2018-02-25 07:07:33,0.08634000,0.04900000
2018-02-25 07:07:33,0.08625300,1.59000000
2018-02-25 07:07:33,0.08625200,0.02000000
2018-02-25 07:07:33,0.08625000,1.55800000
2018-02-25 07:07:33,0.08624700,4.86900000
2018-02-25 07:07:33,0.08624600,0.24400000
2018-02-25 07:07:33,0.08624400,0.34400000
2018-02-25 07:07:33,0.08624100,0.32800000
2018-02-25 07:07:33,0.08624000,0.10200000
2018-02-25 07:07:33,0.08623900,0.17600000
2018-02-25 07:07:33,0.08623600,0.20000000
2018-02-25 07:07:33,0.08623300,0.08000000
2018-02-25 07:07:33,0.08622700,0.31800000
2018-02-25 07:07:34,0.08623000,0.01900000
2018-02-25 07:07:34,0.08623000,0.46300000
2018-02-25 07:07:37,0.08633400,0.03300000
2018-02-25 07:07:38,0.08633300,0.42900000
2018-02-25 07:07:38,0.08633400,0.07100000
2018-02-25 07:07:39,0.08623500,0.05900000
2018-02-25 07:07:40,0.08623500,0.01200000
2018-02-25 07:07:40,0.08622700,0.33800000
2018-02-25 07:07:41,0.08625400,0.01200000
2018-02-25 07:07:43,0.08625400,0.48100000
2018-02-25 07:07:43,0.08622700,0.11000000
2018-02-25 07:07:45,0.08622800,0.03300000
2018-02-25 07:07:45,0.08622700,0.14600000
2018-02-25 07:07:46,0.08622700,0.35600000
2018-02-25 07:07:48,0.08622700,0.27300000
2018-02-25 07:07:48,0.08622700,1.21500000
2018-02-25 07:07:48,0.08622500,0.34000000
2018-02-25 07:07:48,0.08622400,1.33000000
2018-02-25 07:07:48,0.08621800,0.15000000
2018-02-25 07:07:48,0.08621600,1.28400000
2018-02-25 07:07:48,0.08621400,0.27800000
2018-02-25 07:07:48,0.08620900,0.12200000
2018-02-25 07:07:48,0.08620700,0.08800000
2018-02-25 07:07:48,0.08620200,0.05700000
2018-02-25 07:07:48,0.08620100,1.00000000
2018-02-25 07:07:48,0.08620000,5.62400000
2018-02-25 07:07:48,0.08619100,0.11500000
2018-02-25 07:07:48,0.08619000,0.06100000
2018-02-25 07:07:48,0.08619000,0.04000000
2018-02-25 07:07:48,0.08621800,0.10000000
2018-02-25 07:07:48,0.08619000,0.16700000
2018-02-25 07:07:48,0.08618600,0.14900000
2018-02-25 07:07:50,0.08622700,0.30000000
2018-02-25 07:07:50,0.08622700,0.00100000
2018-02-25 07:07:50,0.08631000,0.29800000
2018-02-25 07:07:50,0.08631000,0.30000000
2018-02-25 07:07:50,0.08631000,0.18200000
2018-02-25 07:07:50,0.08631000,0.09800000
2018-02-25 07:07:51,0.08630800,0.13200000
2018-02-25 07:07:51,0.08630800,0.11000000
2018-02-25 07:07:51,0.08622500,0.02000000
2018-02-25 07:07:51,0.08622400,0.02000000
2018-02-25 07:07:51,0.08621800,0.04000000
2018-02-25 07:07:51,0.08621600,0.02000000
2018-02-25 07:07:51,0.08621400,0.01800000
2018-02-25 07:07:51,0.08622500,0.02000000
2018-02-25 07:07:51,0.08622400,0.02000000
2018-02-25 07:07:51,0.08621800,0.02000000
2018-02-25 07:07:51,0.08621400,0.00200000
2018-02-25 07:07:51,0.08620900,0.02000000
2018-02-25 07:07:51,0.08620700,0.02000000
2018-02-25 07:07:51,0.08620200,0.01600000
2018-02-25 07:07:52,0.08622500,0.02000000
2018-02-25 07:07:52,0.08622400,0.02000000
2018-02-25 07:07:52,0.08621800,0.02000000
2018-02-25 07:07:52,0.08621600,0.02000000
2018-02-25 07:07:52,0.08621400,0.03800000
2018-02-25 07:07:52,0.08621400,0.00200000
2018-02-25 07:07:52,0.08620200,0.00400000
2018-02-25 07:07:52,0.08620100,0.02000000
2018-02-25 07:07:52,0.08620000,0.02000000
2018-02-25 07:07:52,0.08619500,0.07200000
2018-02-25 07:07:52,0.08622500,0.02000000
2018-02-25 07:07:52,0.08622400,0.02000000
2018-02-25 07:07:52,0.08620900,0.02000000
2018-02-25 07:07:52,0.08620700,0.02000000
2018-02-25 07:07:52,0.08620200,0.02000000
2018-02-25 07:07:52,0.08619500,0.01800000
2018-02-25 07:07:52,0.08619500,0.03000000
2018-02-25 07:07:52,0.08619100,0.02000000
2018-02-25 07:07:52,0.08619000,0.04000000
2018-02-25 07:07:52,0.08618600,0.02800000
2018-02-25 07:07:52,0.08621800,0.02000000
2018-02-25 07:07:52,0.08621600,0.02000000
2018-02-25 07:07:52,0.08621400,0.02000000
2018-02-25 07:07:52,0.08619500,0.05800000
2018-02-25 07:07:52,0.08624700,0.46300000
2018-02-25 07:07:53,0.08624700,0.32100000
2018-02-25 07:07:53,0.08624700,0.27900000
2018-02-25 07:07:53,0.08624700,0.46700000
2018-02-25 07:07:53,0.08624700,4.46600000
2018-02-25 07:07:53,0.08620200,0.02000000
2018-02-25 07:07:53,0.08618600,0.09800000
2018-02-25 07:07:55,0.08622500,0.02000000
2018-02-25 07:07:55,0.08622400,0.02000000
2018-02-25 07:07:55,0.08620900,0.02000000
2018-02-25 07:07:55,0.08620700,0.02000000
2018-02-25 07:07:55,0.08620200,0.02000000
2018-02-25 07:07:55,0.08620000,0.01800000
2018-02-25 07:07:55,0.08624700,0.00300000
2018-02-25 07:07:56,0.08620200,0.02600000
2018-02-25 07:07:56,0.08620200,0.06400000
2018-02-25 07:07:56,0.08624700,0.00100000
2018-02-25 07:07:56,0.08627500,0.08300000
2018-02-25 07:07:56,0.08627500,0.08900000
2018-02-25 07:07:56,0.08627500,0.08900000
2018-02-25 07:07:56,0.08627500,0.01800000
2018-02-25 07:07:56,0.08620000,0.00200000
2018-02-25 07:07:56,0.08619500,0.04000000
2018-02-25 07:07:56,0.08619100,0.02000000
2018-02-25 07:07:56,0.08619000,0.02000000
2018-02-25 07:07:56,0.08618600,0.03600000
2018-02-25 07:07:56,0.08618600,0.11800000
2018-02-25 07:07:57,0.08618600,0.11800000
2018-02-25 07:07:57,0.08627300,0.01900000
2018-02-25 07:07:58,0.08621600,0.02000000
2018-02-25 07:07:58,0.08621400,0.02000000
2018-02-25 07:07:58,0.08618600,0.07800000
2018-02-25 07:07:58,0.08618600,0.11800000
2018-02-25 07:07:58,0.08620200,0.02000000
2018-02-25 07:07:58,0.08619500,0.02000000
2018-02-25 07:07:58,0.08618600,0.07800000
2018-02-25 07:07:59,0.08622500,0.02000000
2018-02-25 07:07:59,0.08622400,0.02000000
2018-02-25 07:07:59,0.08620900,0.02000000
2018-02-25 07:07:59,0.08620700,0.02000000
2018-02-25 07:07:59,0.08620200,0.02000000
2018-02-25 07:07:59,0.08618600,0.01800000
2018-02-25 07:07:59,0.08618600,0.11800000
2018-02-25 07:07:59,0.08627300,0.00100000
2018-02-25 07:07:59,0.08618600,0.11800000
2018-02-25 07:07:59,0.08627300,0.01900000
2018-02-25 07:08:00,0.08627300,0.00100000
2018-02-25 07:08:00,0.08627400,0.08000000
2018-02-25 07:08:00,0.08618600,0.11800000
2018-02-25 07:08:00,0.08618600,0.11800000
2018-02-25 07:08:00,0.08618600,0.11900000
2018-02-25 07:08:00,0.08627300,0.01900000
2018-02-25 07:08:00,0.08627300,0.00100000
2018-02-25 07:08:00,0.08627400,0.01800000
2018-02-25 07:08:00,0.08627300,0.02000000
2018-02-25 07:08:00,0.08627400,0.41300000
2018-02-25 07:08:00,0.08618600,0.11800000
2018-02-25 07:08:00,0.08624700,0.01900000
2018-02-25 07:08:00,0.08624700,0.20500000
2018-02-25 07:08:01,0.08624700,0.20500000
2018-02-25 07:08:01,0.08624700,0.01900000
2018-02-25 07:08:01,0.08621600,0.02000000
2018-02-25 07:08:01,0.08620200,0.02000000
2018-02-25 07:08:01,0.08620000,0.02000000
2018-02-25 07:08:01,0.08619500,0.02000000
2018-02-25 07:08:01,0.08619100,0.02000000
2018-02-25 07:08:01,0.08619000,0.01800000
2018-02-25 07:08:01,0.08619000,0.00200000
2018-02-25 07:08:01,0.08618600,0.11600000
2018-02-25 07:08:01,0.08624700,0.95100000
2018-02-25 07:08:01,0.08627300,0.02000000
2018-02-25 07:08:01,0.08627400,0.04100000
2018-02-25 07:08:01,0.08618600,0.11800000
2018-02-25 07:08:01,0.08618600,0.11800000
2018-02-25 07:08:01,0.08618600,0.11800000
2018-02-25 07:08:01,0.08627300,0.01900000
2018-02-25 07:08:01,0.08627300,0.00100000
2018-02-25 07:08:01,0.08627400,0.04200000
2018-02-25 07:08:02,0.08627300,0.02000000
2018-02-25 07:08:02,0.08627400,0.16500000
2018-02-25 07:08:02,0.08618600,0.23400000
2018-02-25 07:08:02,0.08627300,0.01900000
2018-02-25 07:08:02,0.08618600,0.11800000
2018-02-25 07:08:02,0.08618600,0.11800000
2018-02-25 07:08:02,0.08618600,0.11800000
2018-02-25 07:08:02,0.08618600,0.11800000
2018-02-25 07:08:02,0.08618600,0.11800000
2018-02-25 07:08:02,0.08627300,0.00100000
2018-02-25 07:08:02,0.08627400,0.01300000
2018-02-25 07:08:03,0.08627300,0.01900000
2018-02-25 07:08:03,0.08618600,0.11800000
2018-02-25 07:08:03,0.08618600,0.11800000
2018-02-25 07:08:03,0.08618600,0.11800000
2018-02-25 07:08:03,0.08618600,0.11800000
2018-02-25 07:08:04,0.08618600,0.11800000
2018-02-25 07:08:04,0.08618600,0.11800000
2018-02-25 07:08:04,0.08618600,0.11800000
2018-02-25 07:08:04,0.08618600,0.11800000
2018-02-25 07:08:05,0.08627300,0.00100000
2018-02-25 07:08:05,0.08627400,0.01900000
2018-02-25 07:08:05,0.08627300,0.01300000
2018-02-25 07:08:05,0.08618600,0.28200000
2018-02-25 07:08:05,0.08627300,0.15800000
2018-02-25 07:08:05,0.08627200,0.19800000
2018-02-25 07:08:05,0.08618600,0.00100000
2018-02-25 07:08:05,0.08618300,0.11700000
2018-02-25 07:08:05,0.08618300,0.69400000
2018-02-25 07:08:05,0.08618100,0.01300000
2018-02-25 07:08:05,0.08618000,0.22300000
2018-02-25 07:08:06,0.08618300,0.02000000
2018-02-25 07:08:06,0.08618000,0.09800000
2018-02-25 07:08:06,0.08618100,0.02000000
2018-02-25 07:08:06,0.08618000,0.09800000
2018-02-25 07:08:06,0.08618000,0.11800000
2018-02-25 07:08:06,0.08627200,0.07300000
2018-02-25 07:08:06,0.08618300,0.02000000
2018-02-25 07:08:06,0.08618100,0.02000000
2018-02-25 07:08:06,0.08618000,0.07800000
2018-02-25 07:08:07,0.08618600,0.06800000
2018-02-25 07:08:07,0.08618600,0.70100000
2018-02-25 07:08:07,0.08618600,0.09300000
2018-02-25 07:08:07,0.08618600,0.04600000
2018-02-25 07:08:07,0.08618600,0.01300000
2018-02-25 07:08:07,0.08618600,0.65000000
2018-02-25 07:08:07,0.08618600,0.02700000
2018-02-25 07:08:07,0.08618600,0.35600000
2018-02-25 07:08:07,0.08618600,0.46700000
2018-02-25 07:08:07,0.08618300,0.02000000
2018-02-25 07:08:07,0.08618100,0.02000000
2018-02-25 07:08:07,0.08618000,0.07800000
2018-02-25 07:08:07,0.08618600,0.12100000
2018-02-25 07:08:07,0.08618600,0.02000000
2018-02-25 07:08:07,0.08618600,0.07400000
2018-02-25 07:08:07,0.08618600,0.05000000
2018-02-25 07:08:07,0.08618600,0.02000000
2018-02-25 07:08:07,0.08618600,0.33700000
2018-02-25 07:08:08,0.08618600,0.29600000
2018-02-25 07:08:08,0.08618600,0.50400000
2018-02-25 07:08:08,0.08618300,0.02000000
2018-02-25 07:08:08,0.08618100,0.02000000
2018-02-25 07:08:08,0.08618000,0.07800000
2018-02-25 07:08:08,0.08618600,0.14900000
2018-02-25 07:08:08,0.08627300,0.00100000
2018-02-25 07:08:08,0.08627400,0.50200000
2018-02-25 07:08:08,0.08618300,0.02000000
2018-02-25 07:08:08,0.08625000,0.12400000
2018-02-25 07:08:08,0.08627400,0.04700000
2018-02-25 07:08:09,0.08618600,0.02000000
2018-02-25 07:08:09,0.08618300,0.02000000
2018-02-25 07:08:09,0.08618100,0.02000000
2018-02-25 07:08:09,0.08618000,0.07800000
2018-02-25 07:08:10,0.08618600,0.00300000
2018-02-25 07:08:11,0.08618600,0.03600000
2018-02-25 07:08:11,0.08618600,0.00100000
2018-02-25 07:08:11,0.08618300,0.02000000
2018-02-25 07:08:11,0.08618100,0.02000000
2018-02-25 07:08:11,0.08618000,0.07800000
2018-02-25 07:08:12,0.08618300,0.02000000
2018-02-25 07:08:12,0.08618300,0.02000000
2018-02-25 07:08:12,0.08618100,0.01200000
2018-02-25 07:08:12,0.08618100,0.02800000
2018-02-25 07:08:12,0.08618000,0.09000000
2018-02-25 07:08:13,0.08618100,0.02000000
2018-02-25 07:08:13,0.08618000,0.36000000
2018-02-25 07:08:13,0.08618100,0.04000000
2018-02-25 07:08:13,0.08618000,0.07800000
2018-02-25 07:08:13,0.08618100,0.02000000
2018-02-25 07:08:13,0.08618000,0.09800000
2018-02-25 07:08:14,0.08618100,0.02000000
2018-02-25 07:08:14,0.08618000,0.09800000
2018-02-25 07:08:14,0.08618100,0.02000000
2018-02-25 07:08:14,0.08618000,0.09800000
2018-02-25 07:08:14,0.08618000,0.11800000
2018-02-25 07:08:14,0.08618100,0.02000000
2018-02-25 07:08:14,0.08618000,0.09900000
2018-02-25 07:08:15,0.08618100,0.02000000
2018-02-25 07:08:15,0.08618000,0.14600000
2018-02-25 07:08:15,0.08618100,0.02000000
2018-02-25 07:08:15,0.08618000,0.09800000
2018-02-25 07:08:15,0.08618100,0.02000000
2018-02-25 07:08:15,0.08618000,0.06500000
2018-02-25 07:08:15,0.08617400,0.02000000
2018-02-25 07:08:15,0.08617300,0.01300000
2018-02-25 07:08:16,0.08618100,0.02000000
2018-02-25 07:08:16,0.08618000,0.09800000
2018-02-25 07:08:16,0.08617400,0.04000000
2018-02-25 07:08:16,0.08617300,0.07800000
2018-02-25 07:08:17,0.08627000,0.08000000
2018-02-25 07:08:17,0.08627100,0.11900000
2018-02-25 07:08:17,0.08618600,0.03300000
2018-02-25 07:08:17,0.08618000,0.08500000
2018-02-25 07:08:18,0.08627000,0.09000000
2018-02-25 07:08:18,0.08627100,0.42000000
2018-02-25 07:08:18,0.08627200,1.74100000
2018-02-25 07:08:18,0.08627300,3.39300000
2018-02-25 07:08:18,0.08627400,5.06100000
2018-02-25 07:08:18,0.08627500,18.27700000
2018-02-25 07:08:18,0.08627500,0.10000000
2018-02-25 07:08:18,0.08627500,0.03000000
2018-02-25 07:08:18,0.08627500,0.02000000
2018-02-25 07:08:18,0.08627500,0.03000000
2018-02-25 07:08:18,0.08627500,0.02000000
2018-02-25 07:08:18,0.08627500,0.03000000
2018-02-25 07:08:18,0.08627500,0.02000000
2018-02-25 07:08:18,0.08627500,0.03000000
2018-02-25 07:08:18,0.08627500,0.10000000
2018-02-25 07:08:18,0.08627500,0.03000000
2018-02-25 07:08:18,0.08627500,0.02000000
2018-02-25 07:08:18,0.08627500,0.03000000
2018-02-25 07:08:18,0.08627500,0.10000000
2018-02-25 07:08:19,0.08627500,0.37100000
2018-02-25 07:08:19,0.08627500,0.11800000
2018-02-25 07:08:20,0.08627500,0.60000000
2018-02-25 07:08:20,0.08627500,0.40000000
2018-02-25 07:08:20,0.08627500,3.01800000
2018-02-25 07:08:21,0.08627500,0.11800000
2018-02-25 07:08:21,0.08627500,3.02800000
2018-02-25 07:08:21,0.08627500,0.40000000
2018-02-25 07:08:22,0.08627500,0.11800000
2018-02-25 07:08:22,0.08627500,0.93100000
2018-02-25 07:08:22,0.08627500,0.66500000
2018-02-25 07:08:22,0.08627500,0.60000000
2018-02-25 07:08:23,0.08627500,0.11800000
2018-02-25 07:08:23,0.08627500,0.40000000
2018-02-25 07:08:23,0.08627500,1.02000000
2018-02-25 07:08:24,0.08627500,0.62200000
2018-02-25 07:08:24,0.08627500,0.12400000
2018-02-25 07:08:25,0.08627500,1.15900000
2018-02-25 07:08:25,0.08627500,4.05600000
2018-02-25 07:08:26,0.08627500,0.02900000
2018-02-25 07:08:26,0.08627500,0.70900000
2018-02-25 07:08:26,0.08627600,0.03000000
2018-02-25 07:08:26,0.08627600,0.02300000
2018-02-25 07:08:27,0.08627500,0.30300000
2018-02-25 07:08:27,0.08627500,0.03000000
2018-02-25 07:08:27,0.08627500,0.22100000
2018-02-25 07:08:27,0.08627500,20.54500000
2018-02-25 07:08:28,0.08627500,1.15900000
2018-02-25 07:08:28,0.08627500,0.11700000
2018-02-25 07:08:28,0.08627500,0.81200000
2018-02-25 07:08:28,0.08627500,3.20900000
2018-02-25 07:08:28,0.08627600,0.97400000
2018-02-25 07:08:28,0.08627500,0.29600000
2018-02-25 07:08:30,0.08627600,0.01400000
2018-02-25 07:08:32,0.08627500,2.02900000
2018-02-25 07:08:33,0.08628000,0.11500000
2018-02-25 07:08:36,0.08628000,0.00900000
2018-02-25 07:08:36,0.08627500,0.12400000
2018-02-25 07:08:37,0.08627500,1.15900000
2018-02-25 07:08:37,0.08627500,0.07900000
2018-02-25 07:08:38,0.08627500,0.31400000
2018-02-25 07:08:39,0.08627500,1.04200000
2018-02-25 07:08:44,0.08619400,1.26300000
2018-02-25 07:08:44,0.08618600,0.44600000
2018-02-25 07:08:44,0.08618100,0.02000000
2018-02-25 07:08:44,0.08618000,0.04000000
2018-02-25 07:08:44,0.08618000,0.10000000
2018-02-25 07:08:44,0.08618000,0.03000000
2018-02-25 07:08:44,0.08618000,0.02000000
2018-02-25 07:08:44,0.08618000,0.03000000
2018-02-25 07:08:44,0.08618000,0.02000000
2018-02-25 07:08:44,0.08618000,0.03100000
2018-02-25 07:08:44,0.08619500,0.02000000
2018-02-25 07:08:44,0.08619400,0.02000000
2018-02-25 07:08:44,0.08618900,0.18000000
2018-02-25 07:08:44,0.08618600,0.02000000
2018-02-25 07:08:44,0.08618100,0.02000000
2018-02-25 07:08:44,0.08618000,0.02000000
2018-02-25 07:08:44,0.08617400,0.02000000
2018-02-25 07:08:44,0.08617300,0.07400000
2018-02-25 07:08:44,0.08616700,0.20600000
2018-02-25 07:08:45,0.08627900,0.03100000
2018-02-25 07:08:47,0.08627300,0.02000000
2018-02-25 07:08:47,0.08627400,0.19400000
2018-02-25 07:08:57,0.08619500,0.02000000
2018-02-25 07:08:57,0.08619400,0.02000000
2018-02-25 07:08:57,0.08626500,0.02000000
2018-02-25 07:08:57,0.08626700,0.08000000
2018-02-25 07:08:58,0.08619500,0.02000000
2018-02-25 07:08:58,0.08619400,0.02000000
2018-02-25 07:08:58,0.08626400,0.11500000
2018-02-25 07:08:58,0.08626400,0.13000000
2018-02-25 07:08:59,0.08619500,0.02000000
2018-02-25 07:08:59,0.08619400,0.02000000
2018-02-25 07:08:59,0.08626400,0.20500000
2018-02-25 07:09:00,0.08626400,0.04900000
2018-02-25 07:09:00,0.08619500,0.01700000
2018-02-25 07:09:00,0.08619500,0.02200000
2018-02-25 07:09:03,0.08626400,0.03200000
2018-02-25 07:09:04,0.08626400,0.05700000
2018-02-25 07:09:05,0.08626400,0.02900000
2018-02-25 07:09:05,0.08626400,0.20200000
2018-02-25 07:09:06,0.08626400,0.03500000
2018-02-25 07:09:07,0.08626400,0.03000000
2018-02-25 07:09:07,0.08619500,0.00100000
2018-02-25 07:09:07,0.08619400,0.02000000
2018-02-25 07:09:07,0.08618900,0.00200000
2018-02-25 07:09:07,0.08619500,0.01900000
2018-02-25 07:09:08,0.08619500,0.02000000
2018-02-25 07:09:08,0.08626400,0.08800000
2018-02-25 07:09:09,0.08626400,0.05600000
2018-02-25 07:09:12,0.08627200,0.14600000
2018-02-25 07:09:12,0.08627200,0.00100000
2018-02-25 07:09:12,0.08627500,0.50200000
2018-02-25 07:09:14,0.08619500,0.00100000
2018-02-25 07:09:14,0.08619400,0.02000000
2018-02-25 07:09:14,0.08618900,0.03800000
2018-02-25 07:09:14,0.08618600,0.02000000
2018-02-25 07:09:14,0.08618300,0.32100000
2018-02-25 07:09:14,0.08627500,0.34400000
2018-02-25 07:09:15,0.08619400,0.01900000
2018-02-25 07:09:15,0.08619400,0.02000000
2018-02-25 07:09:16,0.08627500,0.05700000
2018-02-25 07:09:19,0.08627500,0.05100000
2018-02-25 07:09:19,0.08627500,0.12300000
2018-02-25 07:09:20,0.08619900,0.09800000
2018-02-25 07:09:20,0.08619900,0.02000000
2018-02-25 07:09:21,0.08619900,0.00100000
2018-02-25 07:09:21,0.08619400,0.00100000
2018-02-25 07:09:21,0.08618900,0.02000000
2018-02-25 07:09:21,0.08618600,0.02000000
2018-02-25 07:09:21,0.08618300,0.02000000
2018-02-25 07:09:21,0.08618200,0.77300000
2018-02-25 07:09:22,0.08627500,0.11400000
2018-02-25 07:09:22,0.08619400,0.01800000
2018-02-25 07:09:22,0.08619400,0.00200000
2018-02-25 07:09:22,0.08618900,0.01500000
2018-02-25 07:09:23,0.08619400,0.01300000
2018-02-25 07:09:24,0.08627500,1.51700000
2018-02-25 07:09:25,0.08627500,0.16500000
2018-02-25 07:09:25,0.08619400,0.03300000
2018-02-25 07:09:25,0.08627500,0.11500000
2018-02-25 07:09:25,0.08619400,0.16700000
2018-02-25 07:09:25,0.08618900,0.02500000
2018-02-25 07:09:25,0.08618600,0.02000000
2018-02-25 07:09:25,0.08618300,0.02000000
2018-02-25 07:09:25,0.08618200,1.24900000
2018-02-25 07:09:26,0.08627500,0.75100000
2018-02-25 07:09:26,0.08627500,0.34300000
2018-02-25 07:09:27,0.08618900,0.01300000
2018-02-25 07:09:28,0.08627500,0.11500000
2018-02-25 07:09:29,0.08618900,0.02700000
2018-02-25 07:09:29,0.08618600,0.02000000
2018-02-25 07:09:29,0.08618300,0.01600000
2018-02-25 07:09:30,0.08627500,0.31600000
2018-02-25 07:09:31,0.08627500,0.11500000
2018-02-25 07:09:31,0.08627500,0.67700000
2018-02-25 07:09:34,0.08618700,0.83200000
2018-02-25 07:09:34,0.08618700,0.67200000
2018-02-25 07:09:34,0.08627400,0.10800000
2018-02-25 07:09:36,0.08627000,0.03200000
2018-02-25 07:09:36,0.08618700,0.03700000
2018-02-25 07:09:37,0.08627000,0.02100000
2018-02-25 07:09:39,0.08618800,0.83300000
2018-02-25 07:09:39,0.08618800,0.16300000
2018-02-25 07:09:40,0.08618800,0.01800000
2018-02-25 07:09:40,0.08627000,0.00700000
2018-02-25 07:09:40,0.08627400,0.03200000
2018-02-25 07:09:40,0.08627400,0.02100000
2018-02-25 07:09:41,0.08627400,0.02800000
2018-02-25 07:09:41,0.08618800,0.04500000
2018-02-25 07:09:41,0.08618800,0.07900000
2018-02-25 07:09:44,0.08627400,0.00900000
2018-02-25 07:09:44,0.08618700,0.01900000
2018-02-25 07:09:44,0.08618700,0.02000000
2018-02-25 07:09:44,0.08627400,0.00100000
2018-02-25 07:09:45,0.08627400,0.10100000
2018-02-25 07:09:48,0.08627400,0.02200000
2018-02-25 07:09:50,0.08618800,0.00100000
2018-02-25 07:09:52,0.08618800,0.10300000
2018-02-25 07:09:52,0.08618800,0.01300000
2018-02-25 07:09:52,0.08618800,0.01100000
2018-02-25 07:09:53,0.08626900,0.11500000
2018-02-25 07:09:54,0.08619000,0.15600000
2018-02-25 07:09:54,0.08619000,0.35300000
2018-02-25 07:09:58,0.08626900,0.40800000
2018-02-25 07:09:59,0.08626900,1.15800000
2018-02-25 07:09:59,0.08626900,0.34700000
2018-02-25 07:10:00,0.08626900,0.00100000
2018-02-25 07:10:00,0.08627000,0.07800000
2018-02-25 07:10:00,0.08619100,0.02100000
2018-02-25 07:10:01,0.08627000,0.92200000
2018-02-25 07:10:01,0.08627400,0.92100000
2018-02-25 07:10:01,0.08627400,0.12600000
2018-02-25 07:10:01,0.08627400,0.40200000
2018-02-25 07:10:01,0.08627400,0.04600000
2018-02-25 07:10:03,0.08619400,4.22000000
2018-02-25 07:10:03,0.08619100,5.25100000
2018-02-25 07:10:03,0.08619000,0.02000000
2018-02-25 07:10:03,0.08618800,0.02000000
2018-02-25 07:10:03,0.08618700,0.00100000
2018-02-25 07:10:03,0.08618600,0.02000000
2018-02-25 07:10:03,0.08618300,0.02400000
2018-02-25 07:10:03,0.08618200,0.08600000
2018-02-25 07:10:03,0.08618000,4.10000000
2018-02-25 07:10:03,0.08616600,2.07700000
2018-02-25 07:10:03,0.08616200,0.07000000
2018-02-25 07:10:03,0.08615800,0.18000000
2018-02-25 07:10:03,0.08615200,0.40000000
2018-02-25 07:10:03,0.08615000,3.54900000
2018-02-25 07:10:03,0.08612800,0.05600000
2018-02-25 07:10:03,0.08612600,0.01400000
2018-02-25 07:10:03,0.08610200,9.23300000
2018-02-25 07:10:03,0.08610100,24.48300000
2018-02-25 07:10:03,0.08611000,0.03000000
2018-02-25 07:10:03,0.08611000,0.03000000
2018-02-25 07:10:03,0.08611000,0.10000000
2018-02-25 07:10:03,0.08611000,0.02000000
2018-02-25 07:10:03,0.08611000,0.03000000
2018-02-25 07:10:03,0.08611000,0.10000000
2018-02-25 07:10:03,0.08611000,0.03000000
2018-02-25 07:10:03,0.08611000,0.02900000
2018-02-25 07:10:03,0.08611000,0.02000000
2018-02-25 07:10:03,0.08611000,0.04000000
2018-02-25 07:10:03,0.08611000,0.10000000
2018-02-25 07:10:03,0.08611000,0.38000000
2018-02-25 07:10:03,0.08613000,0.31800000
2018-02-25 07:10:03,0.08613000,0.02000000
2018-02-25 07:10:03,0.08613000,0.06300000
2018-02-25 07:10:03,0.08627400,0.02100000
2018-02-25 07:10:03,0.08627400,0.56800000
2018-02-25 07:10:03,0.08627400,0.04800000
2018-02-25 07:10:03,0.08627400,0.12800000
2018-02-25 07:10:03,0.08627400,0.01300000
2018-02-25 07:10:03,0.08627400,0.02800000
2018-02-25 07:10:03,0.08627400,0.05200000
2018-02-25 07:10:03,0.08627400,0.06800000
2018-02-25 07:10:03,0.08627400,0.08300000
2018-02-25 07:10:03,0.08627500,0.39600000
2018-02-25 07:10:03,0.08627500,0.06900000
2018-02-25 07:10:03,0.08627500,0.12400000
2018-02-25 07:10:03,0.08627500,0.47900000
2018-02-25 07:10:03,0.08627500,0.53900000
2018-02-25 07:10:03,0.08627500,0.12200000
2018-02-25 07:10:09,0.08626500,0.23500000
2018-02-25 07:10:10,0.08620100,0.13400000
2018-02-25 07:10:10,0.08620100,0.09600000
2018-02-25 07:10:11,0.08620100,0.02100000
2018-02-25 07:10:11,0.08626100,0.17900000
2018-02-25 07:10:12,0.08625900,0.17900000
2018-02-25 07:10:13,0.08625700,0.02900000
2018-02-25 07:10:13,0.08625700,0.15100000
2018-02-25 07:10:13,0.08625800,0.02800000
2018-02-25 07:10:13,0.08625700,0.17500000
2018-02-25 07:10:14,0.08625500,0.02700000
2018-02-25 07:10:14,0.08625500,0.01800000
2018-02-25 07:10:17,0.08620100,0.00100000
2018-02-25 07:10:17,0.08620000,0.19200000
2018-02-25 07:10:17,0.08625100,0.49000000
2018-02-25 07:10:18,0.08625100,0.52100000
2018-02-25 07:10:18,0.08625000,0.07300000
2018-02-25 07:10:18,0.08620000,0.50800000
2018-02-25 07:10:20,0.08625100,0.15000000
2018-02-25 07:10:21,0.08624900,0.08500000
2018-02-25 07:10:21,0.08624900,0.07700000
2018-02-25 07:10:21,0.08625000,0.05200000
2018-02-25 07:10:21,0.08620000,0.34900000
2018-02-25 07:10:22,0.08620000,0.32200000
2018-02-25 07:10:22,0.08620000,0.12600000
2018-02-25 07:10:22,0.08620000,0.86600000
2018-02-25 07:10:22,0.08620000,0.06800000
2018-02-25 07:10:22,0.08620000,1.15900000
2018-02-25 07:10:22,0.08620000,0.10500000
2018-02-25 07:10:22,0.08620000,0.04800000
2018-02-25 07:10:22,0.08620000,3.45600000
2018-02-25 07:10:22,0.08620000,0.18200000
2018-02-25 07:10:22,0.08619900,0.05000000
2018-02-25 07:10:22,0.08619900,0.02000000
2018-02-25 07:10:23,0.08619900,0.12300000
2018-02-25 07:10:23,0.08619900,0.10500000
2018-02-25 07:10:23,0.08619800,0.33300000
2018-02-25 07:10:23,0.08619800,0.02000000
2018-02-25 07:10:23,0.08619800,0.65400000
2018-02-25 07:10:25,0.08619800,0.00500000
2018-02-25 07:10:25,0.08619900,0.02400000
2018-02-25 07:10:25,0.08619900,0.02000000
2018-02-25 07:10:25,0.08619900,0.61900000
2018-02-25 07:10:25,0.08620000,0.05300000
2018-02-25 07:10:25,0.08620000,0.02000000
2018-02-25 07:10:25,0.08620000,0.05400000
2018-02-25 07:10:25,0.08620000,0.01300000
2018-02-25 07:10:25,0.08620000,0.39800000
2018-02-25 07:10:26,0.08620000,0.00500000
2018-02-25 07:10:26,0.08625200,1.01200000
2018-02-25 07:10:26,0.08625300,0.12000000
2018-02-25 07:10:26,0.08626600,0.00300000
2018-02-25 07:10:26,0.08625300,0.12000000
2018-02-25 07:10:27,0.08625300,0.11400000
2018-02-25 07:10:28,0.08625400,0.09400000
2018-02-25 07:10:28,0.08625400,0.00600000
2018-02-25 07:10:28,0.08626900,0.04000000
2018-02-25 07:10:28,0.08625400,0.09400000
2018-02-25 07:10:28,0.08625400,0.00600000
2018-02-25 07:10:28,0.08625400,0.08700000
2018-02-25 07:10:29,0.08625400,0.00200000
2018-02-25 07:10:29,0.08625300,1.01200000
2018-02-25 07:10:30,0.08626000,0.02600000
2018-02-25 07:10:31,0.08626900,0.47500000
2018-02-25 07:10:31,0.08626900,0.00100000
2018-02-25 07:10:31,0.08627400,0.47400000
2018-02-25 07:10:32,0.08626800,0.46700000
2018-02-25 07:10:34,0.08626600,0.17200000
2018-02-25 07:10:35,0.08619400,0.02000000
2018-02-25 07:10:35,0.08619100,0.02000000
2018-02-25 07:10:35,0.08619000,0.02000000
2018-02-25 07:10:35,0.08618800,0.00300000
2018-02-25 07:10:36,0.08626500,0.89700000
2018-02-25 07:10:41,0.08627400,0.12800000
2018-02-25 07:10:41,0.08627400,0.95900000
2018-02-25 07:10:42,0.08627400,1.15700000
2018-02-25 07:10:42,0.08627400,1.45000000
2018-02-25 07:10:42,0.08619400,0.02000000
2018-02-25 07:10:42,0.08619100,0.00200000
2018-02-25 07:10:42,0.08619400,0.02000000
2018-02-25 07:10:42,0.08619100,0.03800000
2018-02-25 07:10:42,0.08619000,0.02000000
2018-02-25 07:10:42,0.08618900,0.03900000
2018-02-25 07:10:43,0.08627400,1.15500000
2018-02-25 07:10:43,0.08627400,0.02300000
2018-02-25 07:10:44,0.08619400,0.02000000
2018-02-25 07:10:44,0.08619100,0.02000000
2018-02-25 07:10:44,0.08619000,0.02000000
2018-02-25 07:10:44,0.08618900,0.28300000
2018-02-25 07:10:47,0.08624700,0.06200000
2018-02-25 07:10:47,0.08624700,0.06000000
2018-02-25 07:10:47,0.08624700,1.24800000
2018-02-25 07:10:48,0.08619400,0.06200000
2018-02-25 07:10:50,0.08624700,0.00500000
2018-02-25 07:10:50,0.08626400,1.13500000
2018-02-25 07:10:51,0.08619400,0.08800000
2018-02-25 07:10:54,0.08619400,0.01900000
2018-02-25 07:10:55,0.08627200,0.06900000
2018-02-25 07:10:55,0.08627400,0.10800000
2018-02-25 07:10:59,0.08619400,0.00100000
2018-02-25 07:10:59,0.08619300,0.01100000
2018-02-25 07:10:59,0.08626400,0.02200000
2018-02-25 07:11:02,0.08626800,0.02500000
2018-02-25 07:11:03,0.08626800,0.01400000
2018-02-25 07:11:03,0.08626800,0.19000000
2018-02-25 07:11:03,0.08626900,0.01300000
2018-02-25 07:11:03,0.08626900,0.75500000
2018-02-25 07:11:09,0.08626500,2.52100000
2018-02-25 07:11:11,0.08626600,0.02200000
2018-02-25 07:11:11,0.08626600,0.00100000
2018-02-25 07:11:11,0.08626400,0.00100000
2018-02-25 07:11:11,0.08619400,0.01000000
2018-02-25 07:11:11,0.08619400,0.02200000
2018-02-25 07:11:11,0.08619400,0.00400000
2018-02-25 07:11:11,0.08619300,0.00400000
2018-02-25 07:11:12,0.08626900,0.03600000
2018-02-25 07:11:12,0.08626900,0.00100000
2018-02-25 07:11:12,0.08619300,0.01600000
2018-02-25 07:11:12,0.08619100,0.02000000
2018-02-25 07:11:12,0.08619000,0.02000000
2018-02-25 07:11:12,0.08618900,0.04000000
2018-02-25 07:11:12,0.08618800,0.03700000
2018-02-25 07:11:12,0.08618700,0.02000000
2018-02-25 07:11:12,0.08618600,0.02000000
2018-02-25 07:11:12,0.08618300,0.02000000
2018-02-25 07:11:12,0.08618200,0.02000000
2018-02-25 07:11:12,0.08618000,0.02000000
2018-02-25 07:11:12,0.08616600,0.02000000
2018-02-25 07:11:12,0.08616200,0.02000000
2018-02-25 07:11:12,0.08616000,0.86400000
2018-02-25 07:11:13,0.08626500,0.46100000
2018-02-25 07:11:13,0.08616100,0.11000000
2018-02-25 07:11:13,0.08616100,0.46000000
2018-02-25 07:11:13,0.08616100,0.38200000
2018-02-25 07:11:14,0.08627000,0.00900000
2018-02-25 07:11:16,0.08626400,0.02300000
2018-02-25 07:11:19,0.08616300,0.02000000
2018-02-25 07:11:20,0.08617200,0.02000000
2018-02-25 07:11:20,0.08615800,0.02000000
2018-02-25 07:11:20,0.08615500,0.07800000
2018-02-25 07:11:20,0.08617200,0.02000000
2018-02-25 07:11:20,0.08615500,0.16200000
2018-02-25 07:11:20,0.08615200,0.02000000
2018-02-25 07:11:20,0.08615000,0.02000000
2018-02-25 07:11:20,0.08613000,0.02000000
2018-02-25 07:11:20,0.08612800,0.02000000
2018-02-25 07:11:20,0.08612600,0.04000000
2018-02-25 07:11:20,0.08610200,0.04000000
2018-02-25 07:11:20,0.08610100,0.04300000
2018-02-25 07:11:20,0.08617200,0.02000000
2018-02-25 07:11:20,0.08615500,0.18000000
2018-02-25 07:11:20,0.08610100,0.59800000
2018-02-25 07:11:20,0.08610100,0.67200000
2018-02-25 07:11:21,0.08613100,0.11800000
2018-02-25 07:11:21,0.08613100,0.11800000
2018-02-25 07:11:21,0.08613100,0.11800000
2018-02-25 07:11:21,0.08613100,0.11800000
2018-02-25 07:11:22,0.08613200,0.11800000
2018-02-25 07:11:22,0.08613200,0.11800000
2018-02-25 07:11:22,0.08613200,0.11800000
2018-02-25 07:11:22,0.08613200,0.01500000
2018-02-25 07:11:22,0.08613200,0.11800000
2018-02-25 07:11:22,0.08613300,0.11800000
2018-02-25 07:11:23,0.08613300,0.11800000
2018-02-25 07:11:23,0.08613300,0.16100000
2018-02-25 07:11:23,0.08613200,0.11800000
2018-02-25 07:11:24,0.08613200,0.11800000
2018-02-25 07:11:24,0.08613300,0.11800000
2018-02-25 07:11:25,0.08613500,0.11800000
2018-02-25 07:11:26,0.08621800,0.03200000
2018-02-25 07:11:26,0.08621800,0.04000000
2018-02-25 07:11:26,0.08621700,0.20900000
2018-02-25 07:11:26,0.08613500,0.11900000
2018-02-25 07:11:26,0.08621200,0.34400000
2018-02-25 07:11:26,0.08613500,0.11800000
2018-02-25 07:11:27,0.08613500,0.11800000
2018-02-25 07:11:28,0.08613500,0.11800000
2018-02-25 07:11:28,0.08613500,0.11900000
2018-02-25 07:11:28,0.08613500,0.11800000
2018-02-25 07:11:28,0.08620000,0.05400000
2018-02-25 07:11:28,0.08620000,0.00300000
2018-02-25 07:11:28,0.08620500,0.11200000
2018-02-25 07:11:28,0.08613500,0.11900000
2018-02-25 07:11:28,0.08620400,0.08700000
2018-02-25 07:11:28,0.08613500,0.11900000
2018-02-25 07:11:28,0.08620400,0.55300000
2018-02-25 07:11:28,0.08620400,0.02000000
2018-02-25 07:11:29,0.08613500,0.11900000
2018-02-25 07:11:29,0.08620300,0.08700000
2018-02-25 07:11:29,0.08613500,0.11800000
2018-02-25 07:11:29,0.08613500,0.02000000
2018-02-25 07:11:29,0.08613300,0.02000000
2018-02-25 07:11:29,0.08613200,0.00400000
2018-02-25 07:11:29,0.08613100,0.02000000
2018-02-25 07:11:29,0.08613000,0.02000000
2018-02-25 07:11:29,0.08612800,0.02000000
2018-02-25 07:11:29,0.08612600,0.01500000
2018-02-25 07:11:29,0.08612600,0.00500000
2018-02-25 07:11:29,0.08611200,0.02000000
2018-02-25 07:11:29,0.08610400,0.09300000
2018-02-25 07:11:29,0.08613300,0.02000000
2018-02-25 07:11:29,0.08613200,0.02000000
2018-02-25 07:11:29,0.08610700,0.02000000
2018-02-25 07:11:29,0.08610200,0.02000000
2018-02-25 07:11:29,0.08610100,0.03900000
2018-02-25 07:11:29,0.08620000,0.02000000
2018-02-25 07:11:29,0.08620100,0.11100000
2018-02-25 07:11:30,0.08613300,0.02000000
2018-02-25 07:11:30,0.08613200,0.02000000
2018-02-25 07:11:30,0.08613100,0.02000000
2018-02-25 07:11:30,0.08613000,0.02000000
2018-02-25 07:11:30,0.08612800,0.02000000
2018-02-25 07:11:30,0.08612600,0.01900000
2018-02-25 07:11:31,0.08613300,0.02000000
2018-02-25 07:11:31,0.08612600,0.00100000
2018-02-25 07:11:31,0.08611200,0.02000000
2018-02-25 07:11:31,0.08610700,0.04000000
2018-02-25 07:11:31,0.08610400,0.02000000
2018-02-25 07:11:31,0.08610200,0.01700000
2018-02-25 07:11:31,0.08610700,0.02000000
2018-02-25 07:11:31,0.08610200,0.00300000
2018-02-25 07:11:31,0.08610100,0.09600000
2018-02-25 07:11:31,0.08610700,0.02000000
2018-02-25 07:11:31,0.08610100,0.09900000
2018-02-25 07:11:31,0.08619800,0.02000000
2018-02-25 07:11:32,0.08610800,0.11900000
2018-02-25 07:11:32,0.08610800,0.11900000
2018-02-25 07:11:32,0.08619700,0.02000000
2018-02-25 07:11:32,0.08610800,0.02000000
2018-02-25 07:11:32,0.08610100,0.09800000
2018-02-25 07:11:32,0.08610800,0.02000000
2018-02-25 07:11:32,0.08610100,0.09800000
2018-02-25 07:11:32,0.08619500,0.05000000
2018-02-25 07:11:32,0.08619500,0.03600000
2018-02-25 07:11:33,0.08613300,0.02000000
2018-02-25 07:11:33,0.08613100,0.02000000
2018-02-25 07:11:33,0.08613000,0.02000000
2018-02-25 07:11:33,0.08612800,0.02000000
2018-02-25 07:11:33,0.08612600,0.03800000
2018-02-25 07:11:33,0.08612600,0.00200000
2018-02-25 07:11:33,0.08611200,0.02000000
2018-02-25 07:11:33,0.08610700,0.02000000
2018-02-25 07:11:33,0.08610400,0.04000000
2018-02-25 07:11:33,0.08610200,0.02000000
2018-02-25 07:11:33,0.08610100,0.01600000
2018-02-25 07:11:33,0.08610300,0.01000000
2018-02-25 07:11:33,0.08610300,0.01000000
2018-02-25 07:11:33,0.08610100,0.10800000
2018-02-25 07:11:34,0.08610100,0.11800000
2018-02-25 07:11:34,0.08610100,0.11900000
2018-02-25 07:11:35,0.08610200,0.11800000
2018-02-25 07:11:35,0.08610200,0.11800000
2018-02-25 07:11:35,0.08610200,0.11800000
2018-02-25 07:11:35,0.08610100,0.11800000
2018-02-25 07:11:35,0.08619100,0.01800000
2018-02-25 07:11:35,0.08610300,0.02000000
2018-02-25 07:11:35,0.08610200,0.09900000
2018-02-25 07:11:36,0.08618900,0.20000000
2018-02-25 07:11:36,0.08618900,0.05700000
2018-02-25 07:11:36,0.08618900,1.00800000
2018-02-25 07:11:36,0.08618900,0.46400000
2018-02-25 07:11:36,0.08613300,0.02000000
2018-02-25 07:11:36,0.08613100,0.02000000
2018-02-25 07:11:36,0.08613000,0.02000000
2018-02-25 07:11:36,0.08612800,0.02000000
2018-02-25 07:11:36,0.08610800,0.03900000
2018-02-25 07:11:36,0.08610800,0.00100000
2018-02-25 07:11:36,0.08610700,0.02000000
2018-02-25 07:11:36,0.08610200,0.09700000
2018-02-25 07:11:36,0.08612600,0.02000000
2018-02-25 07:11:36,0.08611200,0.02000000
2018-02-25 07:11:36,0.08610700,0.02000000
2018-02-25 07:11:36,0.08610200,0.05800000
2018-02-25 07:11:36,0.08610200,0.11900000
2018-02-25 07:11:36,0.08610200,0.11800000
2018-02-25 07:11:37,0.08618900,0.10200000
2018-02-25 07:11:37,0.08618900,0.12400000
2018-02-25 07:11:37,0.08610900,0.11800000
2018-02-25 07:11:37,0.08611000,0.11900000
2018-02-25 07:11:38,0.08611000,0.11800000
2018-02-25 07:11:38,0.08611000,0.11800000
2018-02-25 07:11:38,0.08618800,0.18500000
2018-02-25 07:11:38,0.08611000,0.01200000
2018-02-25 07:11:38,0.08611000,0.11800000
2018-02-25 07:11:38,0.08611000,0.03500000
2018-02-25 07:11:38,0.08611000,0.81400000
2018-02-25 07:11:38,0.08611000,0.11800000
2018-02-25 07:11:39,0.08611100,0.11800000
2018-02-25 07:11:39,0.08611100,0.11800000
2018-02-25 07:11:39,0.08613300,0.02000000
2018-02-25 07:11:39,0.08613100,0.02000000
2018-02-25 07:11:39,0.08611100,0.07800000
2018-02-25 07:11:39,0.08613000,0.02000000
2018-02-25 07:11:39,0.08611100,0.09800000
2018-02-25 07:11:40,0.08618800,0.88500000
2018-02-25 07:11:40,0.08618900,0.11800000
2018-02-25 07:11:40,0.08618900,0.11800000
2018-02-25 07:11:40,0.08619300,0.02000000
2018-02-25 07:11:41,0.08619300,0.07400000
2018-02-25 07:11:42,0.08618900,0.11900000
2018-02-25 07:11:44,0.08618900,0.11900000
2018-02-25 07:11:44,0.08618900,0.11900000
2018-02-25 07:11:44,0.08618900,0.11800000
2018-02-25 07:11:44,0.08618900,0.11900000
2018-02-25 07:11:45,0.08618900,0.11900000
2018-02-25 07:11:45,0.08618900,0.11800000
2018-02-25 07:11:45,0.08619300,0.21700000
2018-02-25 07:11:45,0.08618900,0.11900000
2018-02-25 07:11:45,0.08618900,0.11800000
2018-02-25 07:11:45,0.08618900,0.17400000
2018-02-25 07:11:45,0.08618900,0.11800000
2018-02-25 07:11:46,0.08618900,0.11800000
2018-02-25 07:11:46,0.08618900,0.11800000
2018-02-25 07:11:46,0.08619300,0.41300000
2018-02-25 07:11:46,0.08618900,0.11900000
2018-02-25 07:11:46,0.08618900,0.11800000
2018-02-25 07:11:46,0.08618900,0.00100000
2018-02-25 07:11:47,0.08618900,0.06600000
2018-02-25 07:11:47,0.08613300,0.02000000
2018-02-25 07:11:47,0.08613100,0.02000000
2018-02-25 07:11:47,0.08613000,0.01200000
2018-02-25 07:11:47,0.08619000,0.11800000
2018-02-25 07:11:47,0.08619000,0.00900000
2018-02-25 07:11:47,0.08613300,0.02000000
2018-02-25 07:11:47,0.08613100,0.02000000
2018-02-25 07:11:47,0.08613000,0.02800000
2018-02-25 07:11:47,0.08612800,0.02000000
2018-02-25 07:11:47,0.08612600,0.02000000
2018-02-25 07:11:47,0.08611200,0.00100000
2018-02-25 07:11:47,0.08611200,0.11800000
2018-02-25 07:11:48,0.08613300,0.02000000
2018-02-25 07:11:48,0.08613100,0.02000000
2018-02-25 07:11:48,0.08613000,0.02000000
2018-02-25 07:11:48,0.08612800,0.02000000
2018-02-25 07:11:48,0.08612600,0.02000000
2018-02-25 07:11:48,0.08611200,0.01800000
2018-02-25 07:11:48,0.08611200,0.11800000
2018-02-25 07:11:48,0.08613300,0.02000000
2018-02-25 07:11:48,0.08611200,0.09800000
2018-02-25 07:11:49,0.08613300,0.02000000
2018-02-25 07:11:49,0.08613100,0.02000000
2018-02-25 07:11:49,0.08613000,0.02000000
2018-02-25 07:11:49,0.08612800,0.02000000
2018-02-25 07:11:49,0.08612600,0.02000000
2018-02-25 07:11:49,0.08611200,0.01800000
2018-02-25 07:11:49,0.08619300,0.00100000
2018-02-25 07:11:49,0.08619300,0.04500000
2018-02-25 07:11:49,0.08613300,0.02000000
2018-02-25 07:11:49,0.08613100,0.02000000
2018-02-25 07:11:49,0.08611200,0.03300000
2018-02-25 07:11:50,0.08620000,1.15900000
2018-02-25 07:11:50,0.08620000,1.82200000
2018-02-25 07:11:50,0.08620000,0.01900000
2018-02-25 07:11:50,0.08613300,0.02000000
2018-02-25 07:11:50,0.08613100,0.02000000
2018-02-25 07:11:50,0.08613000,0.02000000
2018-02-25 07:11:50,0.08612800,0.02000000
2018-02-25 07:11:50,0.08612600,0.02000000
2018-02-25 07:11:50,0.08611200,0.01800000
2018-02-25 07:11:50,0.08616600,0.11800000
2018-02-25 07:11:50,0.08616600,0.05400000
2018-02-25 07:11:51,0.08616300,0.11800000
2018-02-25 07:11:51,0.08613300,0.04800000
2018-02-25 07:11:51,0.08613300,0.00200000
2018-02-25 07:11:51,0.08613100,0.02000000
2018-02-25 07:11:51,0.08613000,0.02000000
2018-02-25 07:11:51,0.08612800,0.02000000
2018-02-25 07:11:51,0.08612600,0.02000000
2018-02-25 07:11:51,0.08611200,0.03600000
2018-02-25 07:11:51,0.08613300,0.01800000
2018-02-25 07:11:51,0.08616300,0.00100000
2018-02-25 07:11:51,0.08624600,0.17900000
2018-02-25 07:11:51,0.08624600,0.17100000
2018-02-25 07:11:51,0.08626900,0.02800000
2018-02-25 07:11:51,0.08616300,0.08500000
2018-02-25 07:11:51,0.08613300,0.02200000
2018-02-25 07:11:51,0.08613100,0.01100000
2018-02-25 07:11:52,0.08625900,0.02000000
2018-02-25 07:11:52,0.08626700,0.18000000
2018-02-25 07:11:52,0.08626800,0.10900000
2018-02-25 07:11:53,0.08618900,0.11800000
2018-02-25 07:11:53,0.08618900,0.03600000
2018-02-25 07:11:55,0.08618900,0.00200000
2018-02-25 07:11:55,0.08613500,0.20400000
2018-02-25 07:11:55,0.08625900,0.04900000
2018-02-25 07:11:56,0.08614000,0.50000000
2018-02-25 07:11:56,0.08613700,0.70700000
2018-02-25 07:11:57,0.08625300,0.11500000
2018-02-25 07:11:57,0.08621900,0.06900000
2018-02-25 07:11:57,0.08614000,0.21900000
2018-02-25 07:12:00,0.08623500,0.02300000
2018-02-25 07:12:00,0.08616100,0.02800000
2018-02-25 07:12:00,0.08616100,0.21200000
2018-02-25 07:12:00,0.08616000,0.05400000
2018-02-25 07:12:00,0.08614100,0.00300000
2018-02-25 07:12:02,0.08621500,0.06600000
2018-02-25 07:12:02,0.08622000,0.06500000
2018-02-25 07:12:02,0.08622000,0.43400000
2018-02-25 07:12:03,0.08623400,0.00900000
2018-02-25 07:12:04,0.08623400,0.10900000
2018-02-25 07:12:05,0.08623400,0.08200000
2018-02-25 07:12:05,0.08614800,0.00100000
2018-02-25 07:12:06,0.08623900,0.06000000
2018-02-25 07:12:08,0.08615000,0.02700000
2018-02-25 07:12:10,0.08623900,0.14600000
2018-02-25 07:12:10,0.08623900,0.05800000
2018-02-25 07:12:13,0.08614700,0.12400000
2018-02-25 07:12:14,0.08624000,0.01800000
2018-02-25 07:12:14,0.08624000,0.00200000
2018-02-25 07:12:14,0.08625000,0.01700000
2018-02-25 07:12:14,0.08624000,0.02000000
2018-02-25 07:12:14,0.08625000,0.58700000
2018-02-25 07:12:14,0.08624000,0.02000000
2018-02-25 07:12:14,0.08625000,0.47100000
2018-02-25 07:12:19,0.08614600,0.02900000
2018-02-25 07:12:24,0.08623100,0.05300000
2018-02-25 07:12:25,0.08614300,0.01600000
2018-02-25 07:12:25,0.08614300,0.01600000
2018-02-25 07:12:26,0.08623100,0.08800000
2018-02-25 07:12:37,0.08622700,0.11500000
2018-02-25 07:12:38,0.08622700,0.11500000
2018-02-25 07:12:38,0.08622700,0.12100000
2018-02-25 07:12:39,0.08622700,0.01900000
2018-02-25 07:12:40,0.08622700,0.08000000
2018-02-25 07:12:40,0.08622800,0.03500000
2018-02-25 07:12:40,0.08622700,0.15000000
2018-02-25 07:12:41,0.08622800,1.00300000
2018-02-25 07:12:43,0.08620100,0.12100000
2018-02-25 07:12:43,0.08620100,0.01100000
2018-02-25 07:12:43,0.08622700,0.02000000
2018-02-25 07:12:43,0.08622800,0.03400000
2018-02-25 07:12:43,0.08622700,0.02000000
2018-02-25 07:12:44,0.08622700,0.01800000
2018-02-25 07:12:44,0.08622700,0.00200000
2018-02-25 07:12:44,0.08622800,0.01700000
2018-02-25 07:12:45,0.08622800,1.15800000
2018-02-25 07:12:45,0.08622800,0.81300000
2018-02-25 07:12:46,0.08622800,0.01100000
2018-02-25 07:12:46,0.08622800,0.02800000
2018-02-25 07:12:46,0.08622800,0.08400000
2018-02-25 07:12:46,0.08622800,0.14100000
2018-02-25 07:12:46,0.08614300,0.00800000
2018-02-25 07:12:46,0.08614100,0.02000000
2018-02-25 07:12:46,0.08614000,0.02000000
2018-02-25 07:12:46,0.08613700,0.01000000
2018-02-25 07:12:47,0.08622800,0.06500000
2018-02-25 07:12:47,0.08622800,0.02400000
2018-02-25 07:12:48,0.08614100,0.01900000
2018-02-25 07:12:48,0.08623100,0.76100000
2018-02-25 07:12:48,0.08623200,0.12600000
2018-02-25 07:12:48,0.08623900,0.06600000
2018-02-25 07:12:52,0.08623700,0.68900000
2018-02-25 07:12:54,0.08623700,0.00100000
2018-02-25 07:12:54,0.08623800,0.05000000
2018-02-25 07:12:55,0.08623800,0.28100000
2018-02-25 07:12:56,0.08623800,1.03900000
2018-02-25 07:12:57,0.08623800,0.70000000
2018-02-25 07:12:57,0.08616200,0.39800000
2018-02-25 07:12:58,0.08616200,0.00200000
2018-02-25 07:12:58,0.08614600,0.02000000
2018-02-25 07:12:58,0.08614100,0.02100000
2018-02-25 07:12:58,0.08614000,0.01900000
2018-02-25 07:12:58,0.08614600,0.00100000
2018-02-25 07:12:58,0.08614000,0.02100000
2018-02-25 07:12:58,0.08613700,0.03000000
2018-02-25 07:12:58,0.08613500,0.02000000
2018-02-25 07:12:58,0.08613300,0.02000000
2018-02-25 07:12:58,0.08613100,0.02900000
2018-02-25 07:12:58,0.08613000,0.02000000
2018-02-25 07:12:58,0.08612800,0.02000000
2018-02-25 07:12:58,0.08612600,0.02000000
2018-02-25 07:12:58,0.08612000,0.02700000
2018-02-25 07:12:58,0.08613300,0.00100000
2018-02-25 07:12:59,0.08614100,0.01300000
2018-02-25 07:13:00,0.08614200,0.00100000
2018-02-25 07:13:00,0.08623400,0.01800000
2018-02-25 07:13:01,0.08623200,2.70500000
2018-02-25 07:13:01,0.08623400,0.00200000
2018-02-25 07:13:02,0.08623400,0.01300000
2018-02-25 07:13:02,0.08623400,0.02800000
2018-02-25 07:13:03,0.08623800,6.34300000
2018-02-25 07:13:05,0.08614400,0.04600000
2018-02-25 07:13:05,0.08614400,0.05300000
2018-02-25 07:13:06,0.08623900,0.05200000
2018-02-25 07:13:07,0.08614500,1.73200000
2018-02-25 07:13:07,0.08614400,0.04000000
2018-02-25 07:13:07,0.08614200,0.02000000
2018-02-25 07:13:07,0.08614100,0.02000000
2018-02-25 07:13:07,0.08614000,0.02000000
2018-02-25 07:13:07,0.08614000,0.02000000
2018-02-25 07:13:07,0.08614000,0.02000000
2018-02-25 07:13:07,0.08614000,0.02000000
2018-02-25 07:13:07,0.08614000,0.02000000
2018-02-25 07:13:07,0.08614000,0.02000000
2018-02-25 07:13:07,0.08614000,0.02000000
2018-02-25 07:13:07,0.08614000,0.02000000
2018-02-25 07:13:07,0.08614000,0.02000000
2018-02-25 07:13:07,0.08614000,0.95000000
2018-02-25 07:13:07,0.08614000,0.02000000
2018-02-25 07:13:08,0.08614000,0.02000000
2018-02-25 07:13:08,0.08614000,0.86000000
2018-02-25 07:13:08,0.08614000,0.06000000
2018-02-25 07:13:08,0.08614000,0.42700000
2018-02-25 07:13:08,0.08623700,0.05900000
2018-02-25 07:13:08,0.08623700,0.06000000
2018-02-25 07:13:08,0.08623900,0.33200000
2018-02-25 07:13:08,0.08623900,0.48500000
2018-02-25 07:13:08,0.08623900,0.48600000
2018-02-25 07:13:08,0.08623900,0.45700000
2018-02-25 07:13:08,0.08614200,0.02000000
2018-02-25 07:13:08,0.08614100,0.02000000
2018-02-25 07:13:08,0.08614000,0.02400000
2018-02-25 07:13:09,0.08623700,0.52900000
2018-02-25 07:13:10,0.08623400,0.05500000
2018-02-25 07:13:10,0.08623700,0.40500000
2018-02-25 07:13:10,0.08623400,0.02400000
2018-02-25 07:13:10,0.08623400,0.10900000
2018-02-25 07:13:10,0.08623400,0.08400000
2018-02-25 07:13:10,0.08623400,0.01300000
2018-02-25 07:13:10,0.08623400,0.05900000
2018-02-25 07:13:10,0.08623400,0.00300000
2018-02-25 07:13:10,0.08614400,0.05800000
2018-02-25 07:13:12,0.08615000,0.04900000
2018-02-25 07:13:17,0.08623700,0.83000000
2018-02-25 07:13:17,0.08614800,0.01900000
2018-02-25 07:13:17,0.08614800,0.05300000
2018-02-25 07:13:17,0.08614800,0.05300000
2018-02-25 07:13:18,0.08623400,0.10200000
2018-02-25 07:13:18,0.08623400,0.02000000
2018-02-25 07:13:18,0.08623700,0.00100000
2018-02-25 07:13:18,0.08623900,0.10000000
2018-02-25 07:13:18,0.08623700,0.01800000
2018-02-25 07:13:18,0.08623700,0.00200000
2018-02-25 07:13:18,0.08623900,1.20500000
2018-02-25 07:13:18,0.08623700,0.01900000
2018-02-25 07:13:19,0.08623700,0.03000000
2018-02-25 07:13:19,0.08623700,0.02100000
2018-02-25 07:13:19,0.08623900,0.00900000
2018-02-25 07:13:19,0.08615400,0.22800000
2018-02-25 07:13:19,0.08615400,0.01600000
2018-02-25 07:13:20,0.08615400,0.71100000
2018-02-25 07:13:20,0.08615400,0.35900000
2018-02-25 07:13:20,0.08615400,0.36600000
2018-02-25 07:13:20,0.08623700,0.01900000
2018-02-25 07:13:20,0.08615400,0.06400000
2018-02-25 07:13:21,0.08614400,0.02000000
2018-02-25 07:13:21,0.08614200,0.04000000
2018-02-25 07:13:21,0.08614100,0.02000000
2018-02-25 07:13:21,0.08614000,0.02000000
2018-02-25 07:13:21,0.08613700,0.02000000
2018-02-25 07:13:21,0.08613600,0.20800000
2018-02-25 07:13:21,0.08623800,0.01900000
2018-02-25 07:13:21,0.08613600,0.04000000
2018-02-25 07:13:21,0.08623700,0.05100000
2018-02-25 07:13:21,0.08623700,0.00100000
2018-02-25 07:13:21,0.08614200,0.02000000
2018-02-25 07:13:21,0.08614100,0.02000000
2018-02-25 07:13:21,0.08613600,0.00900000
2018-02-25 07:13:21,0.08613600,0.05100000
2018-02-25 07:13:21,0.08613600,0.05100000
2018-02-25 07:13:21,0.08614100,0.02000000
2018-02-25 07:13:21,0.08613600,0.03100000
2018-02-25 07:13:23,0.08614300,0.09900000
2018-02-25 07:13:25,0.08623700,0.09400000
2018-02-25 07:13:28,0.08614600,0.75200000
2018-02-25 07:13:30,0.08614800,0.29800000
2018-02-25 07:13:31,0.08614700,0.01900000
2018-02-25 07:13:33,0.08614800,0.10400000
2018-02-25 07:13:33,0.08614800,0.04900000
2018-02-25 07:13:34,0.08620900,0.06500000
2018-02-25 07:13:34,0.08620900,0.00400000
2018-02-25 07:13:34,0.08623600,0.06400000
2018-02-25 07:13:34,0.08614800,0.02000000
2018-02-25 07:13:34,0.08614600,0.07900000
2018-02-25 07:13:35,0.08614700,0.02000000
2018-02-25 07:13:35,0.08614600,0.07900000
2018-02-25 07:13:36,0.08614700,0.01800000
2018-02-25 07:13:37,0.08614700,0.00100000
2018-02-25 07:13:40,0.08614700,0.27300000
2018-02-25 07:13:40,0.08614700,0.39200000
2018-02-25 07:13:40,0.08614700,0.26600000
2018-02-25 07:13:42,0.08623600,0.23400000
2018-02-25 07:13:44,0.08623600,0.00100000
2018-02-25 07:13:44,0.08614800,0.06800000
2018-02-25 07:13:48,0.08623600,0.01800000
2018-02-25 07:13:50,0.08614900,4.09600000
2018-02-25 07:13:51,0.08623600,0.00100000
2018-02-25 07:13:51,0.08623600,0.02000000
2018-02-25 07:13:51,0.08623600,0.02000000
2018-02-25 07:13:51,0.08623600,0.02000000
2018-02-25 07:13:51,0.08623600,0.02000000
2018-02-25 07:13:51,0.08614900,0.07900000
2018-02-25 07:13:52,0.08623600,0.01900000
2018-02-25 07:13:52,0.08623600,0.00100000
2018-02-25 07:13:52,0.08623700,0.00500000
2018-02-25 07:13:52,0.08623900,0.01300000
2018-02-25 07:13:52,0.08623900,0.01300000
2018-02-25 07:13:52,0.08623600,0.02000000
2018-02-25 07:13:52,0.08623900,0.00800000
2018-02-25 07:13:53,0.08623600,0.01900000
2018-02-25 07:13:53,0.08615000,0.05200000
2018-02-25 07:13:59,0.08623600,0.20200000
2018-02-25 07:14:02,0.08615000,0.02300000
2018-02-25 07:14:03,0.08623500,0.02600000
2018-02-25 07:14:05,0.08623100,0.39200000
2018-02-25 07:14:05,0.08623100,0.00800000
2018-02-25 07:14:05,0.08623600,0.02800000
2018-02-25 07:14:05,0.08615000,6.42700000
2018-02-25 07:14:06,0.08615000,0.13200000
2018-02-25 07:14:06,0.08615000,0.32600000
2018-02-25 07:14:06,0.08615000,0.50000000
2018-02-25 07:14:07,0.08614700,0.40000000
2018-02-25 07:14:08,0.08614700,0.40000000
2018-02-25 07:14:09,0.08623100,0.39200000
2018-02-25 07:14:10,0.08623000,1.15800000
2018-02-25 07:14:10,0.08623000,9.18700000
2018-02-25 07:14:10,0.08623000,0.14700000
2018-02-25 07:14:10,0.08614700,0.61800000
2018-02-25 07:14:11,0.08623000,0.20000000
2018-02-25 07:14:11,0.08614700,0.18100000
2018-02-25 07:14:12,0.08614700,0.99800000
2018-02-25 07:14:12,0.08614700,1.00100000
2018-02-25 07:14:13,0.08614700,0.99800000
2018-02-25 07:14:15,0.08614700,0.18500000
2018-02-25 07:14:17,0.08622900,0.02300000
2018-02-25 07:14:18,0.08622900,0.01200000
2018-02-25 07:14:18,0.08614700,0.06500000
2018-02-25 07:14:18,0.08614700,0.23600000
2018-02-25 07:14:18,0.08614700,0.23500000
2018-02-25 07:14:19,0.08614700,0.19500000
2018-02-25 07:14:20,0.08614700,0.43500000
2018-02-25 07:14:20,0.08622900,0.02800000
2018-02-25 07:14:20,0.08614700,0.40000000
2018-02-25 07:14:21,0.08614700,0.02900000
2018-02-25 07:14:22,0.08614700,0.85400000
2018-02-25 07:14:23,0.08614700,0.00100000
2018-02-25 07:14:23,0.08614300,0.02000000
2018-02-25 07:14:23,0.08614200,0.02000000
2018-02-25 07:14:23,0.08614100,0.06000000
2018-02-25 07:14:23,0.08614000,0.29900000
2018-02-25 07:14:23,0.08622700,0.01900000
2018-02-25 07:14:24,0.08614300,0.01900000
2018-02-25 07:14:24,0.08614300,0.00100000
2018-02-25 07:14:24,0.08614200,0.01800000
2018-02-25 07:14:24,0.08614300,0.01900000
2018-02-25 07:14:24,0.08614300,0.00100000
2018-02-25 07:14:24,0.08614200,0.01800000
2018-02-25 07:14:24,0.08614700,0.04000000
2018-02-25 07:14:24,0.08614300,0.01900000
2018-02-25 07:14:24,0.08614700,0.01900000
2018-02-25 07:14:24,0.08614700,0.10100000
2018-02-25 07:14:24,0.08614300,0.02000000
2018-02-25 07:14:25,0.08614700,0.41200000
2018-02-25 07:14:25,0.08614700,1.15900000
2018-02-25 07:14:25,0.08614700,0.08400000
2018-02-25 07:14:25,0.08614700,0.25100000
2018-02-25 07:14:25,0.08614700,0.66600000
2018-02-25 07:14:25,0.08614700,0.75900000
2018-02-25 07:14:25,0.08614700,1.86900000
2018-02-25 07:14:25,0.08614700,0.39500000
2018-02-25 07:14:25,0.08614700,0.51400000
2018-02-25 07:14:27,0.08614700,0.30600000
2018-02-25 07:14:27,0.08614700,0.09000000
2018-02-25 07:14:27,0.08614700,0.04000000
2018-02-25 07:14:27,0.08614300,0.00100000
2018-02-25 07:14:27,0.08614200,0.02400000
2018-02-25 07:14:27,0.08614100,0.02000000
2018-02-25 07:14:27,0.08614000,0.19100000
2018-02-25 07:14:27,0.08614200,0.02000000
2018-02-25 07:14:27,0.08614100,0.02000000
2018-02-25 07:14:27,0.08614000,0.02400000
2018-02-25 07:14:31,0.08614700,0.12500000
2018-02-25 07:14:31,0.08614700,0.05500000
2018-02-25 07:14:31,0.08614200,0.01900000
2018-02-25 07:14:31,0.08614700,0.11500000
2018-02-25 07:14:32,0.08614700,0.16700000
2018-02-25 07:14:32,0.08614200,0.02000000
2018-02-25 07:14:32,0.08614200,0.00100000
2018-02-25 07:14:32,0.08614100,0.02000000
2018-02-25 07:14:32,0.08614000,0.04100000
2018-02-25 07:14:32,0.08614100,0.01900000
2018-02-25 07:14:33,0.08614100,0.02000000
2018-02-25 07:14:33,0.08614100,0.00100000
2018-02-25 07:14:33,0.08614000,0.23500000
2018-02-25 07:14:34,0.08614000,0.58100000
2018-02-25 07:14:34,0.08614000,0.19800000
2018-02-25 07:14:35,0.08614700,0.90400000
2018-02-25 07:14:35,0.08614000,0.02300000
2018-02-25 07:14:35,0.08614000,0.39300000
2018-02-25 07:14:35,0.08614700,0.08900000
2018-02-25 07:14:35,0.08614700,0.43400000
2018-02-25 07:14:36,0.08614700,1.15900000
2018-02-25 07:14:36,0.08614700,0.10100000
2018-02-25 07:14:37,0.08614000,0.13100000
2018-02-25 07:14:37,0.08613700,0.02000000
2018-02-25 07:14:37,0.08613600,0.06000000
2018-02-25 07:14:37,0.08612000,0.18900000
2018-02-25 07:14:39,0.08614700,0.00100000
2018-02-25 07:14:39,0.08621700,3.02600000
2018-02-25 07:14:39,0.08621900,0.18900000
2018-02-25 07:14:39,0.08622600,0.16700000
2018-02-25 07:14:40,0.08613700,0.02000000
2018-02-25 07:14:40,0.08613600,0.01300000
2018-02-25 07:14:40,0.08622600,6.20500000
2018-02-25 07:14:41,0.08613700,0.02000000
2018-02-25 07:14:41,0.08613600,0.02700000
2018-02-25 07:14:41,0.08612000,0.09700000
2018-02-25 07:14:41,0.08622600,3.43700000
2018-02-25 07:14:42,0.08622600,0.24800000
2018-02-25 07:14:43,0.08613700,0.01900000
2018-02-25 07:14:44,0.08613700,0.02100000
2018-02-25 07:14:44,0.08613600,0.02000000
2018-02-25 07:14:44,0.08612000,0.07700000
2018-02-25 07:14:47,0.08613700,0.09200000
2018-02-25 07:14:47,0.08622400,0.11100000
2018-02-25 07:14:47,0.08614700,0.11500000
2018-02-25 07:14:49,0.08622400,0.04300000
2018-02-25 07:14:50,0.08622400,0.00300000
2018-02-25 07:14:51,0.08622400,0.01700000
2018-02-25 07:14:52,0.08622400,0.04400000
2018-02-25 07:14:52,0.08622400,0.00200000
2018-02-25 07:14:52,0.08614700,0.00100000
2018-02-25 07:14:52,0.08613700,0.02000000
2018-02-25 07:14:52,0.08613600,0.02000000
2018-02-25 07:14:52,0.08612000,0.00200000
2018-02-25 07:14:52,0.08612000,0.03800000
2018-02-25 07:14:52,0.08611300,0.00700000
2018-02-25 07:14:52,0.08611300,0.02600000
2018-02-25 07:14:52,0.08613600,0.01200000
2018-02-25 07:14:52,0.08613600,0.02800000
2018-02-25 07:14:52,0.08612000,0.02000000
2018-02-25 07:14:52,0.08611300,0.02000000
2018-02-25 07:14:52,0.08610700,0.01200000
2018-02-25 07:14:53,0.08620000,0.56500000
2018-02-25 07:14:53,0.08619100,0.06700000
2018-02-25 07:14:53,0.08619100,0.77200000
2018-02-25 07:14:53,0.08620000,0.29900000
2018-02-25 07:14:54,0.08612000,0.02000000
2018-02-25 07:14:54,0.08611300,0.02000000
2018-02-25 07:14:54,0.08610700,0.02600000
2018-02-25 07:14:56,0.08619900,0.04600000
2018-02-25 07:14:57,0.08612000,0.02000000
2018-02-25 07:14:57,0.08611300,0.02000000
2018-02-25 07:14:58,0.08612000,0.02000000
2018-02-25 07:14:58,0.08611300,0.02000000
2018-02-25 07:14:58,0.08610700,0.02400000
2018-02-25 07:14:58,0.08619900,0.04600000
2018-02-25 07:15:00,0.08612000,0.02000000
2018-02-25 07:15:00,0.08611300,0.02000000
2018-02-25 07:15:00,0.08610700,0.03600000
2018-02-25 07:15:00,0.08610100,0.07400000
2018-02-25 07:15:01,0.08619900,0.04600000
2018-02-25 07:15:05,0.08619900,0.06600000
2018-02-25 07:15:05,0.08619900,0.22900000
2018-02-25 07:15:05,0.08619900,0.02000000
2018-02-25 07:15:05,0.08612000,0.02000000
2018-02-25 07:15:05,0.08611300,0.02000000
2018-02-25 07:15:05,0.08610700,0.02000000
2018-02-25 07:15:05,0.08610100,0.00500000
2018-02-25 07:15:08,0.08619900,0.44200000
2018-02-25 07:15:09,0.08620000,0.15700000
2018-02-25 07:15:12,0.08619900,0.02000000
2018-02-25 07:15:17,0.08619900,0.12500000
2018-02-25 07:15:18,0.08619900,0.04200000
2018-02-25 07:15:18,0.08619900,0.06700000
2018-02-25 07:15:19,0.08612000,0.02000000
2018-02-25 07:15:19,0.08611400,0.47200000
2018-02-25 07:15:20,0.08619900,0.01600000
2018-02-25 07:15:22,0.08612000,0.01900000
2018-02-25 07:15:22,0.08612000,0.02000000
2018-02-25 07:15:22,0.08612000,0.00100000
2018-02-25 07:15:22,0.08611400,0.02000000
2018-02-25 07:15:22,0.08611300,0.02000000
2018-02-25 07:15:22,0.08611100,0.39000000
2018-02-25 07:15:22,0.08611400,0.02000000
2018-02-25 07:15:22,0.08611100,0.10200000
2018-02-25 07:15:22,0.08611400,0.02000000
2018-02-25 07:15:22,0.08611300,0.02000000
2018-02-25 07:15:22,0.08611100,0.04000000
2018-02-25 07:15:22,0.08610800,0.37300000
2018-02-25 07:15:25,0.08619900,0.04600000
2018-02-25 07:15:25,0.08611400,0.01900000
2018-02-25 07:15:25,0.08611400,0.02000000
2018-02-25 07:15:26,0.08619900,0.44100000
2018-02-25 07:15:27,0.08611400,0.00100000
2018-02-25 07:15:27,0.08611300,0.01300000
2018-02-25 07:15:27,0.08611300,0.02700000
2018-02-25 07:15:27,0.08611100,0.02000000
2018-02-25 07:15:27,0.08610800,0.07100000
2018-02-25 07:15:29,0.08620000,0.20500000
2018-02-25 07:15:30,0.08611100,0.01600000
2018-02-25 07:15:30,0.08611100,0.02300000
2018-02-25 07:15:31,0.08620000,0.30700000
2018-02-25 07:15:31,0.08620000,1.26100000
2018-02-25 07:15:32,0.08619700,0.04600000
2018-02-25 07:15:33,0.08619700,0.00100000
2018-02-25 07:15:34,0.08611100,0.02000000
2018-02-25 07:15:36,0.08619700,0.06000000
2018-02-25 07:15:36,0.08619700,0.00100000
2018-02-25 07:15:36,0.08620000,0.11500000
2018-02-25 07:15:37,0.08620000,0.02700000
2018-02-25 07:15:37,0.08611200,0.02000000
2018-02-25 07:15:37,0.08611100,0.07000000
2018-02-25 07:15:37,0.08611200,0.03700000
2018-02-25 07:15:38,0.08611200,0.04200000
2018-02-25 07:15:38,0.08611200,0.02000000
2018-02-25 07:15:38,0.08612000,0.52500000
2018-02-25 07:15:38,0.08620000,0.01300000
2018-02-25 07:15:39,0.08620000,0.51500000
2018-02-25 07:15:39,0.08612000,0.93000000
2018-02-25 07:15:39,0.08615000,0.02200000
2018-02-25 07:15:39,0.08615000,0.94300000
2018-02-25 07:15:39,0.08615000,0.22300000
2018-02-25 07:15:40,0.08615000,0.05900000
2018-02-25 07:15:40,0.08615000,0.22200000
2018-02-25 07:15:40,0.08615000,0.02400000
2018-02-25 07:15:40,0.08615000,0.09800000
2018-02-25 07:15:41,0.08615000,0.18100000
2018-02-25 07:15:41,0.08615000,0.57100000
2018-02-25 07:15:42,0.08615000,1.16400000
2018-02-25 07:15:43,0.08615000,0.22100000
2018-02-25 07:15:44,0.08615000,1.16100000
2018-02-25 07:15:44,0.08615000,1.07000000
2018-02-25 07:15:46,0.08615000,0.34600000
2018-02-25 07:15:46,0.08615000,1.07000000
2018-02-25 07:15:46,0.08615000,0.32200000
2018-02-25 07:15:47,0.08615000,0.11000000
2018-02-25 07:15:47,0.08620000,0.01200000
2018-02-25 07:15:47,0.08620000,0.01300000
2018-02-25 07:15:48,0.08619900,0.02000000
2018-02-25 07:15:48,0.08620000,1.09400000
2018-02-25 07:15:49,0.08619900,0.02000000
2018-02-25 07:15:49,0.08620000,0.00900000
2018-02-25 07:15:52,0.08619900,0.02000000
2018-02-25 07:15:52,0.08619900,0.02000000
2018-02-25 07:15:52,0.08619900,0.01900000
2018-02-25 07:15:53,0.08619900,0.00100000
2018-02-25 07:15:53,0.08620000,0.00500000
2018-02-25 07:15:53,0.08620000,0.06500000
2018-02-25 07:15:57,0.08614400,0.04600000
2018-02-25 07:15:57,0.08614400,0.00100000
2018-02-25 07:15:57,0.08612000,0.04500000
2018-02-25 07:15:57,0.08620000,0.44300000
2018-02-25 07:15:58,0.08620000,0.04300000
2018-02-25 07:15:58,0.08614400,0.01900000
2018-02-25 07:15:58,0.08614400,0.00100000
2018-02-25 07:15:58,0.08612300,0.01700000
2018-02-25 07:15:58,0.08614400,0.01900000
2018-02-25 07:15:59,0.08614400,0.02000000
2018-02-25 07:15:59,0.08614400,0.00100000
2018-02-25 07:15:59,0.08612300,0.01700000
2018-02-25 07:16:02,0.08620000,0.02300000
2018-02-25 07:16:03,0.08612300,0.00100000
2018-02-25 07:16:04,0.08620000,0.08700000
2018-02-25 07:16:05,0.08620000,1.16100000
2018-02-25 07:16:05,0.08620000,0.67900000
2018-02-25 07:16:06,0.08620000,0.21400000
2018-02-25 07:16:07,0.08619900,0.02700000
2018-02-25 07:16:07,0.08619900,0.03000000
2018-02-25 07:16:08,0.08612400,0.09200000
2018-02-25 07:16:10,0.08613100,0.15600000
2018-02-25 07:16:12,0.08613100,0.16800000
2018-02-25 07:16:12,0.08612400,0.64900000
2018-02-25 07:16:14,0.08619900,0.00100000
2018-02-25 07:16:14,0.08620000,0.23500000
2018-02-25 07:16:14,0.08620000,0.34700000
2018-02-25 07:16:14,0.08620000,0.88400000
2018-02-25 07:16:14,0.08620000,0.34700000
2018-02-25 07:16:15,0.08620000,0.26300000
2018-02-25 07:16:15,0.08620000,1.15900000
2018-02-25 07:16:15,0.08620000,0.32800000
2018-02-25 07:16:15,0.08620000,0.20100000
2018-02-25 07:16:15,0.08620000,0.12100000
2018-02-25 07:16:15,0.08620000,0.87400000
2018-02-25 07:16:15,0.08620000,0.29000000
2018-02-25 07:16:15,0.08620000,0.17000000
2018-02-25 07:16:16,0.08620000,0.28000000
2018-02-25 07:16:16,0.08620000,0.10700000
2018-02-25 07:16:16,0.08620000,0.57900000
2018-02-25 07:16:16,0.08620000,3.97000000
2018-02-25 07:16:16,0.08620000,0.14200000
2018-02-25 07:16:20,0.08613100,0.01800000
2018-02-25 07:16:21,0.08613100,0.01800000
2018-02-25 07:16:22,0.08615600,0.12300000
2018-02-25 07:16:22,0.08615600,0.00100000
2018-02-25 07:16:22,0.08613100,0.80700000
2018-02-25 07:16:23,0.08620000,0.00100000
2018-02-25 07:16:23,0.08621000,0.12700000
2018-02-25 07:16:23,0.08622500,0.01800000
2018-02-25 07:16:23,0.08622500,0.26000000
2018-02-25 07:16:23,0.08622500,0.08400000
2018-02-25 07:16:23,0.08622500,0.09000000
2018-02-25 07:16:24,0.08622500,0.33600000
2018-02-25 07:16:24,0.08622500,0.02000000
2018-02-25 07:16:24,0.08619900,0.34700000
2018-02-25 07:16:24,0.08619900,0.03200000
2018-02-25 07:16:24,0.08619900,0.02800000
2018-02-25 07:16:24,0.08622900,0.01200000
2018-02-25 07:16:24,0.08622900,0.02800000
2018-02-25 07:16:25,0.08622900,0.51600000
2018-02-25 07:16:25,0.08623300,0.19100000
2018-02-25 07:16:25,0.08623700,0.09800000
2018-02-25 07:16:25,0.08623700,0.01500000
2018-02-25 07:16:26,0.08623700,0.22000000
2018-02-25 07:16:26,0.08623700,0.30400000
2018-02-25 07:16:26,0.08623700,0.35800000
2018-02-25 07:16:26,0.08623900,0.26200000
2018-02-25 07:16:26,0.08623900,0.35200000
2018-02-25 07:16:26,0.08623900,0.30100000
2018-02-25 07:16:28,0.08623900,0.02300000
2018-02-25 07:16:28,0.08623700,0.38400000
2018-02-25 07:16:28,0.08623700,0.00100000
2018-02-25 07:16:28,0.08614700,0.02000000
2018-02-25 07:16:28,0.08614600,0.02600000
2018-02-25 07:16:29,0.08623800,0.02000000
2018-02-25 07:16:29,0.08623900,0.44400000
2018-02-25 07:16:30,0.08614800,0.10600000
2018-02-25 07:16:31,0.08614800,0.23500000
2018-02-25 07:16:32,0.08623800,0.10600000
2018-02-25 07:16:32,0.08623900,0.29400000
2018-02-25 07:16:32,0.08614900,0.10600000
2018-02-25 07:16:32,0.08614800,0.03300000
2018-02-25 07:16:33,0.08623700,0.00900000
2018-02-25 07:16:33,0.08623700,0.02800000
2018-02-25 07:16:33,0.08623700,0.19800000
2018-02-25 07:16:33,0.08623900,0.19600000
2018-02-25 07:16:33,0.08623700,0.02800000
2018-02-25 07:16:33,0.08614800,1.72800000
2018-02-25 07:16:34,0.08623800,0.18600000
2018-02-25 07:16:34,0.08623800,0.05700000
2018-02-25 07:16:34,0.08623800,0.07600000
2018-02-25 07:16:35,0.08615300,0.51500000
2018-02-25 07:16:35,0.08615300,0.11800000
2018-02-25 07:16:35,0.08615300,1.16100000
2018-02-25 07:16:35,0.08615300,0.80000000
2018-02-25 07:16:36,0.08623700,0.35400000
2018-02-25 07:16:36,0.08623800,0.04600000
2018-02-25 07:16:37,0.08614900,3.26700000
2018-02-25 07:16:38,0.08623800,0.93400000
2018-02-25 07:16:38,0.08614900,0.04200000
2018-02-25 07:16:39,0.08623800,0.09100000
2018-02-25 07:16:39,0.08623800,0.12100000
2018-02-25 07:16:42,0.08623800,0.00200000
2018-02-25 07:16:42,0.08623900,0.24300000
2018-02-25 07:16:42,0.08623900,7.92600000
2018-02-25 07:16:42,0.08623900,0.07200000
2018-02-25 07:16:42,0.08623900,0.28300000
2018-02-25 07:16:44,0.08623900,1.15900000
2018-02-25 07:16:44,0.08623900,0.28700000
2018-02-25 07:16:45,0.08614900,0.01600000
2018-02-25 07:16:47,0.08623900,0.02900000
2018-02-25 07:16:47,0.08623900,0.33000000
2018-02-25 07:16:48,0.08623900,1.15900000
2018-02-25 07:16:48,0.08623900,0.40000000
2018-02-25 07:16:50,0.08623800,0.06800000
2018-02-25 07:16:50,0.08623900,0.33200000
2018-02-25 07:16:50,0.08623900,2.44700000
2018-02-25 07:16:51,0.08615000,1.74800000
2018-02-25 07:16:51,0.08623900,0.02000000
2018-02-25 07:16:52,0.08623900,0.02900000
2018-02-25 07:16:52,0.08615100,0.34700000
2018-02-25 07:16:52,0.08623900,0.40000000
2018-02-25 07:16:53,0.08623900,0.33600000
2018-02-25 07:16:53,0.08623900,0.47400000
2018-02-25 07:16:53,0.08623900,0.34700000
2018-02-25 07:16:53,0.08623900,0.09100000
2018-02-25 07:16:53,0.08615100,0.01600000
2018-02-25 07:16:53,0.08623900,0.14500000
2018-02-25 07:16:53,0.08623900,0.40000000
2018-02-25 07:16:54,0.08623900,0.66500000
2018-02-25 07:16:54,0.08623900,4.63800000
2018-02-25 07:16:55,0.08623900,0.58000000
2018-02-25 07:16:55,0.08623900,0.74500000
2018-02-25 07:16:56,0.08623900,0.40000000
2018-02-25 07:16:56,0.08623900,0.03400000
2018-02-25 07:16:56,0.08623900,0.01200000
2018-02-25 07:16:58,0.08623900,0.40000000
2018-02-25 07:16:58,0.08623900,0.35700000
2018-02-25 07:16:59,0.08623900,0.30400000
2018-02-25 07:16:59,0.08623900,0.34700000
2018-02-25 07:17:00,0.08623900,0.40000000
2018-02-25 07:17:01,0.08623900,0.29900000
2018-02-25 07:17:01,0.08615100,0.01600000
2018-02-25 07:17:01,0.08623900,1.33700000
2018-02-25 07:17:01,0.08623900,0.05200000
2018-02-25 07:17:01,0.08623900,0.16200000
2018-02-25 07:17:01,0.08623900,0.01900000
2018-02-25 07:17:02,0.08623900,0.12900000
2018-02-25 07:17:02,0.08623900,0.04200000
2018-02-25 07:17:03,0.08623800,0.01400000
2018-02-25 07:17:03,0.08623800,0.01400000
2018-02-25 07:17:03,0.08623800,0.16200000
2018-02-25 07:17:03,0.08623800,0.34700000
2018-02-25 07:17:03,0.08623800,0.34700000
2018-02-25 07:17:03,0.08623800,0.34600000
2018-02-25 07:17:03,0.08623800,0.28100000
2018-02-25 07:17:03,0.08623800,0.34700000
2018-02-25 07:17:03,0.08623800,0.34700000
2018-02-25 07:17:04,0.08623800,0.34700000
2018-02-25 07:17:04,0.08623800,0.40000000
2018-02-25 07:17:04,0.08623800,0.02400000
2018-02-25 07:17:04,0.08623800,0.20500000
2018-02-25 07:17:04,0.08623800,0.34700000
2018-02-25 07:17:04,0.08623800,0.02400000
2018-02-25 07:17:04,0.08623800,0.34700000
2018-02-25 07:17:04,0.08623800,0.34700000
2018-02-25 07:17:04,0.08623800,0.34700000
2018-02-25 07:17:04,0.08623800,0.34700000
2018-02-25 07:17:04,0.08623800,0.34700000
2018-02-25 07:17:04,0.08623800,0.34700000
2018-02-25 07:17:04,0.08623800,0.34700000
2018-02-25 07:17:04,0.08623800,0.34700000
2018-02-25 07:17:04,0.08623800,0.34700000
2018-02-25 07:17:06,0.08623800,0.40000000
2018-02-25 07:17:06,0.08623800,0.02800000
2018-02-25 07:17:07,0.08623800,0.05700000
2018-02-25 07:17:08,0.08623800,0.03700000
2018-02-25 07:17:08,0.08623800,0.40000000
2018-02-25 07:17:09,0.08623800,0.01200000
2018-02-25 07:17:10,0.08623800,0.58000000
2018-02-25 07:17:11,0.08623800,0.34700000
2018-02-25 07:17:11,0.08623800,0.72300000
2018-02-25 07:17:11,0.08623800,0.34700000
2018-02-25 07:17:11,0.08623800,0.34700000
2018-02-25 07:17:11,0.08623800,0.34700000
2018-02-25 07:17:11,0.08623800,0.34700000
2018-02-25 07:17:11,0.08623800,0.13100000
2018-02-25 07:17:11,0.08623900,0.34700000
2018-02-25 07:17:11,0.08623900,0.14400000
2018-02-25 07:17:11,0.08623900,0.34700000
2018-02-25 07:17:12,0.08623900,0.34700000
2018-02-25 07:17:12,0.08623900,0.40000000
2018-02-25 07:17:12,0.08623900,0.05700000
2018-02-25 07:17:12,0.08623900,0.04000000
2018-02-25 07:17:12,0.08618100,0.26200000
2018-02-25 07:17:13,0.08623900,0.58000000
2018-02-25 07:17:13,0.08623900,0.24300000
2018-02-25 07:17:14,0.08623900,8.02500000
2018-02-25 07:17:15,0.08623900,0.40000000
2018-02-25 07:17:16,0.08623900,0.11600000
2018-02-25 07:17:16,0.08623900,0.15100000
2018-02-25 07:17:16,0.08623800,0.04000000
2018-02-25 07:17:17,0.08623800,0.01600000
2018-02-25 07:17:17,0.08623800,0.00100000
2018-02-25 07:17:17,0.08623900,0.14900000
2018-02-25 07:17:18,0.08623900,0.14700000
2018-02-25 07:17:18,0.08623900,0.10600000
2018-02-25 07:17:18,0.08623900,0.40000000
2018-02-25 07:17:19,0.08623900,0.88800000
2018-02-25 07:17:20,0.08623900,0.34400000
2018-02-25 07:17:20,0.08623900,0.40400000
2018-02-25 07:17:20,0.08623900,1.00000000
2018-02-25 07:17:20,0.08623900,0.02900000
2018-02-25 07:17:20,0.08623900,0.34700000
2018-02-25 07:17:20,0.08623900,0.88800000
2018-02-25 07:17:20,0.08623900,0.91300000
2018-02-25 07:17:20,0.08623900,0.04000000
2018-02-25 07:17:20,0.08618200,0.03000000
2018-02-25 07:17:21,0.08623800,0.17900000
2018-02-25 07:17:21,0.08623900,0.12100000
2018-02-25 07:17:21,0.08623900,0.10000000
2018-02-25 07:17:22,0.08623900,9.76400000
2018-02-25 07:17:22,0.08623900,0.02400000
2018-02-25 07:17:22,0.08618200,0.00100000
2018-02-25 07:17:23,0.08623900,0.01800000
2018-02-25 07:17:23,0.08623900,0.40000000
2018-02-25 07:17:23,0.08623900,1.21100000
2018-02-25 07:17:23,0.08623900,0.03000000
2018-02-25 07:17:23,0.08623900,0.05000000
2018-02-25 07:17:25,0.08623900,0.00200000
2018-02-25 07:17:25,0.08623900,0.06200000
2018-02-25 07:17:25,0.08623900,0.20000000
2018-02-25 07:17:25,0.08623900,0.07900000
2018-02-25 07:17:26,0.08623900,0.40200000
2018-02-25 07:17:26,0.08623900,0.12100000
2018-02-25 07:17:26,0.08623900,0.96900000
2018-02-25 07:17:27,0.08623900,0.11500000
2018-02-25 07:17:27,0.08623900,0.25500000
2018-02-25 07:17:27,0.08623900,1.45000000
2018-02-25 07:17:28,0.08618500,0.01300000
2018-02-25 07:17:28,0.08623900,0.40000000
2018-02-25 07:17:29,0.08623900,3.12700000
2018-02-25 07:17:29,0.08623900,0.20000000
2018-02-25 07:17:29,0.08623900,0.20000000
2018-02-25 07:17:30,0.08623900,0.02500000
2018-02-25 07:17:30,0.08623900,1.15900000
2018-02-25 07:17:30,0.08623900,0.84000000
2018-02-25 07:17:31,0.08623900,0.05500000
2018-02-25 07:17:31,0.08618500,0.02000000
2018-02-25 07:17:31,0.08623900,0.20000000
2018-02-25 07:17:31,0.08623900,0.20000000
2018-02-25 07:17:31,0.08623900,0.06300000
2018-02-25 07:17:32,0.08618500,0.12300000
2018-02-25 07:17:32,0.08623900,0.18400000
2018-02-25 07:17:32,0.08623900,1.44800000
2018-02-25 07:17:32,0.08618600,0.08800000
2018-02-25 07:17:32,0.08623900,0.91100000
2018-02-25 07:17:33,0.08620000,0.02700000
2018-02-25 07:17:33,0.08623900,0.29500000
2018-02-25 07:17:34,0.08620000,0.97200000
2018-02-25 07:17:34,0.08623900,0.21900000
2018-02-25 07:17:34,0.08623900,2.41000000
2018-02-25 07:17:34,0.08623900,0.13900000
2018-02-25 07:17:35,0.08623900,0.07100000
2018-02-25 07:17:37,0.08623900,0.40000000
2018-02-25 07:17:37,0.08623900,0.64300000
2018-02-25 07:17:38,0.08623900,0.44600000
2018-02-25 07:17:38,0.08623900,0.31300000
2018-02-25 07:17:39,0.08623900,0.11900000
2018-02-25 07:17:41,0.08623900,0.40000000
2018-02-25 07:17:42,0.08623900,0.31100000
2018-02-25 07:17:43,0.08623900,0.02900000
2018-02-25 07:17:43,0.08623900,0.29900000
2018-02-25 07:17:44,0.08623900,0.06400000
2018-02-25 07:17:44,0.08620000,0.00100000
2018-02-25 07:17:44,0.08618600,0.22200000
2018-02-25 07:17:45,0.08618600,0.03000000
2018-02-25 07:17:46,0.08623900,0.03500000
2018-02-25 07:17:46,0.08623900,0.27300000
2018-02-25 07:17:47,0.08623900,40.27400000
2018-02-25 07:17:47,0.08624000,0.59000000
2018-02-25 07:17:47,0.08625500,1.14900000
2018-02-25 07:17:47,0.08626200,1.00000000
2018-02-25 07:17:47,0.08626500,1.30000000
2018-02-25 07:17:47,0.08626900,0.04000000
2018-02-25 07:17:47,0.08627500,6.00300000
2018-02-25 07:17:47,0.08627900,0.00400000
