DATE,PRICE,VOLUME
2018-03-01 01:59:59,0.08247100,0.27900000
2018-03-01 01:59:59,0.08247100,0.07100000
2018-03-01 02:00:00,0.08244500,0.02800000
2018-03-01 02:00:00,0.08244500,0.02800000
2018-03-01 02:00:00,0.08244500,0.02800000
2018-03-01 02:00:01,0.08247000,0.04800000
2018-03-01 02:00:01,0.08247100,1.72700000
2018-03-01 02:00:01,0.08244500,0.01800000
2018-03-01 02:00:01,0.08244500,0.08200000
2018-03-01 02:00:01,0.08243500,0.52400000
2018-03-01 02:00:01,0.08243500,1.21300000
2018-03-01 02:00:02,0.08243500,0.78700000
2018-03-01 02:00:02,0.08243500,0.34700000
2018-03-01 02:00:02,0.08243500,0.04900000
2018-03-01 02:00:02,0.08243500,0.13400000
2018-03-01 02:00:02,0.08243500,0.02800000
2018-03-01 02:00:03,0.08243500,1.05900000
2018-03-01 02:00:03,0.08243500,0.00500000
2018-03-01 02:00:03,0.08244500,0.00100000
2018-03-01 02:00:03,0.08247100,0.03200000
2018-03-01 02:00:04,0.08247100,0.80800000
2018-03-01 02:00:04,0.08247100,0.00700000
2018-03-01 02:00:04,0.08249000,0.02600000
2018-03-01 02:00:04,0.08249000,0.18700000
2018-03-01 02:00:04,0.08239900,0.01400000
2018-03-01 02:00:04,0.08239900,2.75400000
2018-03-01 02:00:05,0.08248800,0.22100000
2018-03-01 02:00:05,0.08248800,0.00900000
2018-03-01 02:00:05,0.08248900,0.07800000
2018-03-01 02:00:05,0.08249000,0.14200000
2018-03-01 02:00:05,0.08249000,0.15800000
2018-03-01 02:00:05,0.08248900,0.05000000
2018-03-01 02:00:05,0.08249000,0.00100000
2018-03-01 02:00:05,0.08249500,0.09300000
2018-03-01 02:00:05,0.08249900,0.06100000
2018-03-01 02:00:05,0.08250000,0.15700000
2018-03-01 02:00:05,0.08249900,0.44300000
2018-03-01 02:00:05,0.08250000,11.16000000
2018-03-01 02:00:06,0.08250000,0.44300000
2018-03-01 02:00:06,0.08240100,0.34900000
2018-03-01 02:00:06,0.08240100,0.98700000
2018-03-01 02:00:06,0.08249000,0.04200000
2018-03-01 02:00:06,0.08250000,0.05100000
2018-03-01 02:00:06,0.08250600,0.94800000
2018-03-01 02:00:06,0.08250600,1.70300000
2018-03-01 02:00:06,0.08251500,0.44600000
2018-03-01 02:00:07,0.08251500,0.41800000
2018-03-01 02:00:07,0.08240200,0.03200000
2018-03-01 02:00:07,0.08251300,1.33500000
2018-03-01 02:00:08,0.08251300,0.03400000
2018-03-01 02:00:08,0.08251300,0.20500000
2018-03-01 02:00:08,0.08251300,0.96400000
2018-03-01 02:00:08,0.08251200,0.03200000
2018-03-01 02:00:09,0.08251200,0.13900000
2018-03-01 02:00:09,0.08251200,0.11700000
2018-03-01 02:00:09,0.08241000,0.00100000
2018-03-01 02:00:10,0.08251200,1.21100000
2018-03-01 02:00:10,0.08251200,0.09300000
2018-03-01 02:00:11,0.08251100,0.26000000
2018-03-01 02:00:11,0.08241400,0.58200000
2018-03-01 02:00:11,0.08241500,0.18500000
2018-03-01 02:00:11,0.08251100,0.11500000
2018-03-01 02:00:13,0.08241800,0.07800000
2018-03-01 02:00:14,0.08242000,0.03600000
2018-03-01 02:00:17,0.08242300,0.24200000
2018-03-01 02:00:17,0.08242300,0.05900000
2018-03-01 02:00:17,0.08250600,0.26100000
2018-03-01 02:00:18,0.08248900,0.92100000
2018-03-01 02:00:18,0.08250600,0.07900000
2018-03-01 02:00:18,0.08250600,0.29400000
2018-03-01 02:00:18,0.08242300,0.05000000
2018-03-01 02:00:18,0.08241900,0.03900000
2018-03-01 02:00:18,0.08241200,0.03900000
2018-03-01 02:00:18,0.08241100,0.80700000
2018-03-01 02:00:18,0.08240500,0.06000000
2018-03-01 02:00:18,0.08240000,3.66400000
2018-03-01 02:00:19,0.08241000,0.03100000
2018-03-01 02:00:19,0.08241000,0.15000000
2018-03-01 02:00:19,0.08249900,0.37900000
2018-03-01 02:00:19,0.08241000,0.13900000
2018-03-01 02:00:19,0.08240800,0.03900000
2018-03-01 02:00:19,0.08240700,0.19700000
2018-03-01 02:00:20,0.08240700,0.61000000
2018-03-01 02:00:20,0.08240700,0.69000000
2018-03-01 02:00:20,0.08240500,0.06000000
2018-03-01 02:00:20,0.08240000,2.60600000
2018-03-01 02:00:22,0.08240600,0.39300000
2018-03-01 02:00:22,0.08249200,0.16300000
2018-03-01 02:00:22,0.08249200,4.42900000
2018-03-01 02:00:22,0.08240600,0.06700000
2018-03-01 02:00:22,0.08240600,0.06600000
2018-03-01 02:00:22,0.08240600,0.02100000
2018-03-01 02:00:22,0.08249000,0.02200000
2018-03-01 02:00:23,0.08240200,0.05900000
2018-03-01 02:00:24,0.08248800,0.05900000
2018-03-01 02:00:24,0.08248900,0.05800000
2018-03-01 02:00:25,0.08240200,0.02800000
2018-03-01 02:00:25,0.08248900,0.05700000
2018-03-01 02:00:25,0.08240200,0.04800000
2018-03-01 02:00:25,0.08240300,0.17200000
2018-03-01 02:00:25,0.08248800,0.12100000
2018-03-01 02:00:27,0.08247100,0.29000000
2018-03-01 02:00:27,0.08240000,1.04400000
2018-03-01 02:00:27,0.08247100,0.38100000
2018-03-01 02:00:27,0.08240000,0.29800000
2018-03-01 02:00:27,0.08247100,0.12400000
2018-03-01 02:00:27,0.08247100,0.08800000
2018-03-01 02:00:28,0.08239300,0.02100000
2018-03-01 02:00:29,0.08239300,1.04800000
2018-03-01 02:00:29,0.08239300,0.12600000
2018-03-01 02:00:29,0.08246200,0.02700000
2018-03-01 02:00:29,0.08239300,0.02100000
2018-03-01 02:00:29,0.08239300,0.73900000
2018-03-01 02:00:29,0.08239100,0.15500000
2018-03-01 02:00:29,0.08239000,2.17600000
2018-03-01 02:00:29,0.08238900,8.66900000
2018-03-01 02:00:29,0.08238800,1.95200000
2018-03-01 02:00:29,0.08238300,0.06000000
2018-03-01 02:00:29,0.08238200,0.07100000
2018-03-01 02:00:29,0.08238100,0.01500000
2018-03-01 02:00:29,0.08238000,4.77600000
2018-03-01 02:00:29,0.08237600,1.00000000
2018-03-01 02:00:29,0.08237200,0.36400000
2018-03-01 02:00:29,0.08236900,0.40000000
2018-03-01 02:00:29,0.08236200,0.03000000
2018-03-01 02:00:29,0.08236000,0.15000000
2018-03-01 02:00:29,0.08234100,0.27100000
2018-03-01 02:00:29,0.08233600,0.71500000
2018-03-01 02:00:30,0.08239300,0.01400000
2018-03-01 02:00:31,0.08239300,0.01300000
2018-03-01 02:00:31,0.08239200,0.02500000
2018-03-01 02:00:31,0.08239200,0.02500000
2018-03-01 02:00:31,0.08239200,0.29600000
2018-03-01 02:00:32,0.08232500,0.04500000
2018-03-01 02:00:32,0.08239200,0.19300000
2018-03-01 02:00:32,0.08239300,0.00100000
2018-03-01 02:00:32,0.08245600,0.03800000
2018-03-01 02:00:32,0.08239000,0.24200000
2018-03-01 02:00:32,0.08239000,0.09700000
2018-03-01 02:00:33,0.08232500,0.27600000
2018-03-01 02:00:34,0.08239000,0.00100000
2018-03-01 02:00:34,0.08241400,0.05900000
2018-03-01 02:00:34,0.08241400,0.21100000
2018-03-01 02:00:34,0.08232500,0.21800000
2018-03-01 02:00:34,0.08232400,0.02400000
2018-03-01 02:00:34,0.08239000,0.04800000
2018-03-01 02:00:35,0.08232400,0.46800000
2018-03-01 02:00:35,0.08232400,0.52800000
2018-03-01 02:00:35,0.08232300,0.46700000
2018-03-01 02:00:35,0.08232300,0.10900000
2018-03-01 02:00:37,0.08232300,0.02800000
2018-03-01 02:00:37,0.08232300,0.07000000
2018-03-01 02:00:38,0.08239000,0.00100000
2018-03-01 02:00:38,0.08241400,0.00200000
2018-03-01 02:00:38,0.08241400,0.46600000
2018-03-01 02:00:38,0.08241900,0.52200000
2018-03-01 02:00:38,0.08241400,0.05300000
2018-03-01 02:00:38,0.08241400,0.03700000
2018-03-01 02:00:39,0.08241400,0.02000000
2018-03-01 02:00:39,0.08232500,0.08400000
2018-03-01 02:00:40,0.08232500,0.28100000
2018-03-01 02:00:40,0.08232500,0.96900000
2018-03-01 02:00:40,0.08232400,0.71200000
2018-03-01 02:00:40,0.08241200,0.01300000
2018-03-01 02:00:41,0.08241100,0.02000000
2018-03-01 02:00:41,0.08232400,0.00600000
2018-03-01 02:00:41,0.08232400,0.00100000
2018-03-01 02:00:42,0.08241000,0.03900000
2018-03-01 02:00:42,0.08241000,0.05100000
2018-03-01 02:00:42,0.08241100,0.34900000
2018-03-01 02:00:43,0.08241000,0.02900000
2018-03-01 02:00:43,0.08241000,0.03000000
2018-03-01 02:00:43,0.08232400,0.29600000
2018-03-01 02:00:43,0.08240900,0.16200000
2018-03-01 02:00:44,0.08232400,0.00500000
2018-03-01 02:00:44,0.08232300,0.01600000
2018-03-01 02:00:44,0.08240900,1.21200000
2018-03-01 02:00:44,0.08232300,0.00200000
2018-03-01 02:00:44,0.08240900,0.20200000
2018-03-01 02:00:44,0.08240900,0.00100000
2018-03-01 02:00:44,0.08241000,0.02500000
2018-03-01 02:00:44,0.08241100,3.24800000
2018-03-01 02:00:44,0.08241200,3.62700000
2018-03-01 02:00:44,0.08241200,0.27600000
2018-03-01 02:00:45,0.08241200,0.32300000
2018-03-01 02:00:47,0.08241200,0.30700000
2018-03-01 02:00:47,0.08232500,0.02800000
2018-03-01 02:00:47,0.08232500,0.99200000
2018-03-01 02:00:47,0.08232400,1.49900000
2018-03-01 02:00:48,0.08232300,1.65100000
2018-03-01 02:00:48,0.08232300,0.19600000
2018-03-01 02:00:48,0.08232100,0.01400000
2018-03-01 02:00:48,0.08232300,0.01600000
2018-03-01 02:00:48,0.08232300,0.01900000
2018-03-01 02:00:48,0.08232300,0.03500000
2018-03-01 02:00:48,0.08232300,0.10900000
2018-03-01 02:00:48,0.08232300,0.03400000
2018-03-01 02:00:48,0.08232300,0.03900000
2018-03-01 02:00:48,0.08232300,0.08200000
2018-03-01 02:00:48,0.08232300,0.22300000
2018-03-01 02:00:48,0.08232300,0.14600000
2018-03-01 02:00:48,0.08232300,0.23000000
2018-03-01 02:00:48,0.08232300,0.07700000
2018-03-01 02:00:48,0.08232300,0.05200000
2018-03-01 02:00:48,0.08232300,0.43700000
2018-03-01 02:00:48,0.08241200,0.00100000
2018-03-01 02:00:48,0.08241300,0.02900000
2018-03-01 02:00:48,0.08241300,0.03500000
2018-03-01 02:00:48,0.08241300,0.04700000
2018-03-01 02:00:48,0.08241300,0.36900000
2018-03-01 02:00:48,0.08241300,0.43600000
2018-03-01 02:00:48,0.08241300,0.06000000
2018-03-01 02:00:49,0.08232500,0.05900000
2018-03-01 02:00:50,0.08232500,0.05100000
2018-03-01 02:00:50,0.08232100,0.00100000
2018-03-01 02:00:50,0.08231600,0.01500000
2018-03-01 02:00:50,0.08232700,0.03900000
2018-03-01 02:00:50,0.08231600,0.01100000
2018-03-01 02:00:50,0.08231600,0.02200000
2018-03-01 02:00:50,0.08230800,0.02800000
2018-03-01 02:00:51,0.08240900,0.11100000
2018-03-01 02:00:51,0.08231000,0.02900000
2018-03-01 02:00:51,0.08240900,0.09100000
2018-03-01 02:00:53,0.08240800,0.39700000
2018-03-01 02:00:53,0.08240800,5.22200000
2018-03-01 02:00:54,0.08239900,0.01400000
2018-03-01 02:00:54,0.08239900,0.09100000
2018-03-01 02:00:54,0.08239900,0.09200000
2018-03-01 02:00:54,0.08239900,0.09700000
2018-03-01 02:00:55,0.08239900,0.18600000
2018-03-01 02:00:55,0.08239900,3.21100000
2018-03-01 02:00:55,0.08239900,0.01500000
2018-03-01 02:00:55,0.08240900,0.22000000
2018-03-01 02:00:55,0.08239900,0.19900000
2018-03-01 02:00:56,0.08239900,0.04100000
2018-03-01 02:00:56,0.08239900,1.05100000
2018-03-01 02:00:57,0.08240900,0.10200000
2018-03-01 02:00:57,0.08241000,0.06900000
2018-03-01 02:00:57,0.08241700,0.82200000
2018-03-01 02:00:57,0.08242300,1.04700000
2018-03-01 02:00:57,0.08242700,0.34900000
2018-03-01 02:00:57,0.08242900,1.47700000
2018-03-01 02:00:58,0.08242100,0.51500000
2018-03-01 02:01:00,0.08239900,0.00300000
2018-03-01 02:01:00,0.08234300,0.48600000
2018-03-01 02:01:00,0.08242100,0.06500000
2018-03-01 02:01:01,0.08242100,0.00100000
2018-03-01 02:01:01,0.08242400,0.03900000
2018-03-01 02:01:01,0.08242400,0.07300000
2018-03-01 02:01:01,0.08242400,0.00100000
2018-03-01 02:01:01,0.08247000,0.07200000
2018-03-01 02:01:02,0.08242400,0.03400000
2018-03-01 02:01:02,0.08242400,0.00100000
2018-03-01 02:01:02,0.08234300,0.03300000
2018-03-01 02:01:02,0.08234400,0.03400000
2018-03-01 02:01:02,0.08234500,0.06000000
2018-03-01 02:01:02,0.08234400,1.46800000
2018-03-01 02:01:02,0.08234300,0.17900000
2018-03-01 02:01:02,0.08233300,0.01700000
2018-03-01 02:01:02,0.08233300,0.31900000
2018-03-01 02:01:02,0.08232400,0.98700000
2018-03-01 02:01:02,0.08231800,0.42300000
2018-03-01 02:01:02,0.08234500,0.20500000
2018-03-01 02:01:02,0.08234500,0.00100000
2018-03-01 02:01:03,0.08234500,0.05900000
2018-03-01 02:01:03,0.08242700,0.19300000
2018-03-01 02:01:03,0.08234500,0.50100000
2018-03-01 02:01:04,0.08242400,0.03400000
2018-03-01 02:01:04,0.08242400,0.00100000
2018-03-01 02:01:04,0.08242700,0.00100000
2018-03-01 02:01:04,0.08246300,0.03200000
2018-03-01 02:01:04,0.08246200,0.21000000
2018-03-01 02:01:04,0.08246300,0.29200000
2018-03-01 02:01:05,0.08234600,0.03800000
2018-03-01 02:01:05,0.08246200,0.05900000
2018-03-01 02:01:06,0.08245900,0.10200000
2018-03-01 02:01:06,0.08234600,0.06000000
2018-03-01 02:01:06,0.08245900,0.48700000
2018-03-01 02:01:06,0.08245900,0.37300000
2018-03-01 02:01:06,0.08234600,0.03000000
2018-03-01 02:01:06,0.08234600,0.03000000
2018-03-01 02:01:06,0.08234700,0.03000000
2018-03-01 02:01:07,0.08235000,0.02000000
2018-03-01 02:01:07,0.08235000,0.28900000
2018-03-01 02:01:07,0.08245800,0.20500000
2018-03-01 02:01:07,0.08235000,0.09000000
2018-03-01 02:01:07,0.08245800,0.05900000
2018-03-01 02:01:07,0.08245800,0.03000000
2018-03-01 02:01:07,0.08245800,0.01400000
2018-03-01 02:01:08,0.08235300,0.03800000
2018-03-01 02:01:10,0.08235500,0.04100000
2018-03-01 02:01:12,0.08242400,0.16600000
2018-03-01 02:01:12,0.08242400,0.82100000
2018-03-01 02:01:12,0.08244900,0.16500000
2018-03-01 02:01:12,0.08244900,0.08700000
2018-03-01 02:01:12,0.08242600,0.02400000
2018-03-01 02:01:12,0.08242600,0.14200000
2018-03-01 02:01:12,0.08235600,0.02300000
2018-03-01 02:01:12,0.08235600,0.09700000
2018-03-01 02:01:12,0.08235200,0.03900000
2018-03-01 02:01:12,0.08233100,0.02800000
2018-03-01 02:01:12,0.08233200,0.03100000
2018-03-01 02:01:13,0.08233200,1.70300000
2018-03-01 02:01:14,0.08233500,0.20900000
2018-03-01 02:01:15,0.08233500,0.16700000
2018-03-01 02:01:15,0.08233500,0.02500000
2018-03-01 02:01:15,0.08233500,0.18900000
2018-03-01 02:01:15,0.08244500,0.18100000
2018-03-01 02:01:15,0.08244900,0.42400000
2018-03-01 02:01:15,0.08244900,0.18000000
2018-03-01 02:01:15,0.08244400,0.05900000
2018-03-01 02:01:16,0.08244400,0.03400000
2018-03-01 02:01:16,0.08244400,0.04200000
2018-03-01 02:01:16,0.08244400,0.03900000
2018-03-01 02:01:16,0.08244000,0.05300000
2018-03-01 02:01:16,0.08244000,0.24600000
2018-03-01 02:01:16,0.08244000,0.03000000
2018-03-01 02:01:17,0.08244000,0.04000000
2018-03-01 02:01:17,0.08244000,0.03100000
2018-03-01 02:01:17,0.08244900,0.17400000
2018-03-01 02:01:18,0.08245000,0.18500000
2018-03-01 02:01:18,0.08244900,0.11900000
2018-03-01 02:01:18,0.08244900,0.00100000
2018-03-01 02:01:18,0.08244000,0.04800000
2018-03-01 02:01:18,0.08244000,0.00100000
2018-03-01 02:01:18,0.08245000,0.04700000
2018-03-01 02:01:18,0.08244000,0.02700000
2018-03-01 02:01:18,0.08245000,0.02000000
2018-03-01 02:01:18,0.08245000,4.85600000
2018-03-01 02:01:18,0.08245000,1.13700000
2018-03-01 02:01:18,0.08244900,1.71800000
2018-03-01 02:01:19,0.08244800,0.19400000
2018-03-01 02:01:20,0.08244800,0.13000000
2018-03-01 02:01:20,0.08244800,0.13000000
2018-03-01 02:01:21,0.08244400,0.04900000
2018-03-01 02:01:21,0.08244400,0.00100000
2018-03-01 02:01:21,0.08235200,0.08900000
2018-03-01 02:01:21,0.08235300,0.01500000
2018-03-01 02:01:22,0.08235300,0.13400000
2018-03-01 02:01:22,0.08235400,0.18400000
2018-03-01 02:01:23,0.08236000,0.01500000
2018-03-01 02:01:24,0.08244500,0.18300000
2018-03-01 02:01:26,0.08236100,0.04600000
2018-03-01 02:01:28,0.08236100,0.05000000
2018-03-01 02:01:28,0.08235500,0.06000000
2018-03-01 02:01:28,0.08235400,0.82500000
2018-03-01 02:01:29,0.08244500,0.00100000
2018-03-01 02:01:29,0.08244800,0.11700000
2018-03-01 02:01:29,0.08235500,0.05900000
2018-03-01 02:01:29,0.08244800,0.07400000
2018-03-01 02:01:29,0.08235600,0.03500000
2018-03-01 02:01:29,0.08244500,0.04900000
2018-03-01 02:01:29,0.08235600,0.06900000
2018-03-01 02:01:30,0.08236000,0.07300000
2018-03-01 02:01:31,0.08235700,0.05800000
2018-03-01 02:01:31,0.08244000,0.07900000
2018-03-01 02:01:32,0.08235700,0.03200000
2018-03-01 02:01:32,0.08235600,0.03800000
2018-03-01 02:01:32,0.08235700,0.01500000
2018-03-01 02:01:32,0.08244000,0.01300000
2018-03-01 02:01:32,0.08235600,0.01800000
2018-03-01 02:01:32,0.08235600,0.63200000
2018-03-01 02:01:32,0.08244000,0.00100000
2018-03-01 02:01:32,0.08244800,0.00100000
2018-03-01 02:01:32,0.08244900,0.03600000
2018-03-01 02:01:32,0.08245600,0.03900000
2018-03-01 02:01:32,0.08245700,0.86300000
2018-03-01 02:01:32,0.08246000,2.19200000
2018-03-01 02:01:32,0.08246000,0.01100000
2018-03-01 02:01:32,0.08245900,0.60100000
2018-03-01 02:01:32,0.08246000,0.08100000
2018-03-01 02:01:33,0.08246000,0.40000000
2018-03-01 02:01:33,0.08246000,0.06300000
2018-03-01 02:01:33,0.08236100,0.01500000
2018-03-01 02:01:33,0.08246000,0.13100000
2018-03-01 02:01:33,0.08236100,0.01500000
2018-03-01 02:01:35,0.08246000,0.85700000
2018-03-01 02:01:36,0.08246000,0.70000000
2018-03-01 02:01:36,0.08246000,0.00100000
2018-03-01 02:01:36,0.08247100,0.01500000
2018-03-01 02:01:36,0.08248100,0.68300000
2018-03-01 02:01:37,0.08245900,0.03500000
2018-03-01 02:01:37,0.08238100,0.07300000
2018-03-01 02:01:38,0.08245900,0.00100000
2018-03-01 02:01:38,0.08247100,0.01500000
2018-03-01 02:01:38,0.08248100,0.05200000
2018-03-01 02:01:38,0.08248100,0.06800000
2018-03-01 02:01:39,0.08245900,0.04900000
2018-03-01 02:01:39,0.08245900,0.00100000
2018-03-01 02:01:39,0.08248100,0.04800000
2018-03-01 02:01:39,0.08248100,0.28300000
2018-03-01 02:01:39,0.08248600,0.01500000
2018-03-01 02:01:39,0.08249800,0.86200000
2018-03-01 02:01:39,0.08250500,0.04200000
2018-03-01 02:01:39,0.08250400,0.14600000
2018-03-01 02:01:39,0.08238400,0.09500000
2018-03-01 02:01:39,0.08238500,0.03500000
2018-03-01 02:01:40,0.08245700,0.04800000
2018-03-01 02:01:40,0.08238600,0.03900000
2018-03-01 02:01:40,0.08238500,0.47500000
2018-03-01 02:01:40,0.08245700,0.67700000
2018-03-01 02:01:40,0.08245700,0.06500000
2018-03-01 02:01:40,0.08245700,0.00200000
2018-03-01 02:01:40,0.08246600,0.08200000
2018-03-01 02:01:40,0.08245900,0.04500000
2018-03-01 02:01:40,0.08245900,0.00100000
2018-03-01 02:01:40,0.08238700,0.02100000
2018-03-01 02:01:40,0.08246600,0.00100000
2018-03-01 02:01:40,0.08250300,0.03100000
2018-03-01 02:01:41,0.08245700,0.04900000
2018-03-01 02:01:43,0.08238800,0.03400000
2018-03-01 02:01:44,0.08238800,0.01700000
2018-03-01 02:01:46,0.08245700,0.00100000
2018-03-01 02:01:46,0.08250300,0.00800000
2018-03-01 02:01:46,0.08250500,0.01600000
2018-03-01 02:01:46,0.08251700,0.37000000
2018-03-01 02:01:46,0.08252100,0.00500000
2018-03-01 02:01:47,0.08239000,0.51000000
2018-03-01 02:01:47,0.08252100,0.07400000
2018-03-01 02:01:47,0.08252100,0.07600000
2018-03-01 02:01:47,0.08252000,0.05900000
2018-03-01 02:01:47,0.08252000,0.08800000
2018-03-01 02:01:48,0.08252100,0.05900000
2018-03-01 02:01:48,0.08252100,0.03100000
2018-03-01 02:01:48,0.08239200,0.06000000
2018-03-01 02:01:49,0.08252100,0.03000000
2018-03-01 02:01:49,0.08239500,0.36800000
2018-03-01 02:01:49,0.08252100,0.02900000
2018-03-01 02:01:49,0.08252100,0.02900000
2018-03-01 02:01:49,0.08252100,0.03200000
2018-03-01 02:01:50,0.08252100,0.03000000
2018-03-01 02:01:51,0.08252100,0.03000000
2018-03-01 02:01:52,0.08240300,0.02300000
2018-03-01 02:01:52,0.08240400,0.03800000
2018-03-01 02:01:53,0.08252100,0.04600000
2018-03-01 02:01:54,0.08242400,0.31500000
2018-03-01 02:01:54,0.08242400,0.12500000
2018-03-01 02:01:54,0.08242400,0.72200000
2018-03-01 02:01:55,0.08242600,0.03800000
2018-03-01 02:01:55,0.08242600,0.04100000
2018-03-01 02:01:55,0.08242600,0.02100000
2018-03-01 02:01:55,0.08242600,0.99600000
2018-03-01 02:01:55,0.08242700,0.14900000
2018-03-01 02:01:55,0.08242600,0.41800000
2018-03-01 02:01:56,0.08242600,0.87300000
2018-03-01 02:01:56,0.08242700,1.02200000
2018-03-01 02:01:56,0.08242700,0.07000000
2018-03-01 02:01:57,0.08245800,0.13200000
2018-03-01 02:01:57,0.08242700,0.00100000
2018-03-01 02:01:57,0.08242400,3.89500000
2018-03-01 02:01:57,0.08240500,0.81800000
2018-03-01 02:01:57,0.08242400,0.03000000
2018-03-01 02:01:57,0.08240500,0.82600000
2018-03-01 02:01:57,0.08245800,1.05500000
2018-03-01 02:01:58,0.08240500,1.50200000
2018-03-01 02:01:58,0.08240500,0.05000000
2018-03-01 02:01:58,0.08239900,0.01600000
2018-03-01 02:01:58,0.08245800,0.40000000
2018-03-01 02:01:58,0.08239900,0.83400000
2018-03-01 02:01:58,0.08239000,0.03000000
2018-03-01 02:01:59,0.08239000,0.02000000
2018-03-01 02:01:59,0.08239000,0.82000000
2018-03-01 02:01:59,0.08239000,0.77600000
2018-03-01 02:01:59,0.08239900,0.01600000
2018-03-01 02:01:59,0.08245800,0.42100000
2018-03-01 02:01:59,0.08245800,0.15300000
2018-03-01 02:01:59,0.08245800,0.77500000
2018-03-01 02:01:59,0.08238400,0.18200000
2018-03-01 02:01:59,0.08245800,1.00700000
2018-03-01 02:01:59,0.08240500,0.04900000
2018-03-01 02:01:59,0.08240500,0.00100000
2018-03-01 02:01:59,0.08240200,0.06500000
2018-03-01 02:02:00,0.08240200,0.08300000
2018-03-01 02:02:00,0.08239900,0.35000000
2018-03-01 02:02:01,0.08242700,0.09400000
2018-03-01 02:02:01,0.08245800,0.01600000
2018-03-01 02:02:02,0.08245800,0.01600000
2018-03-01 02:02:03,0.08238400,0.98700000
2018-03-01 02:02:03,0.08238400,0.02400000
2018-03-01 02:02:04,0.08245800,0.03000000
2018-03-01 02:02:05,0.08245800,1.03700000
2018-03-01 02:02:06,0.08238100,0.01500000
2018-03-01 02:02:06,0.08235900,0.33200000
2018-03-01 02:02:06,0.08235800,1.13200000
2018-03-01 02:02:06,0.08236000,1.24100000
2018-03-01 02:02:06,0.08236000,1.23900000
2018-03-01 02:02:07,0.08245700,0.97400000
2018-03-01 02:02:07,0.08236100,1.50300000
2018-03-01 02:02:07,0.08236000,0.30900000
2018-03-01 02:02:08,0.08245700,0.52300000
2018-03-01 02:02:08,0.08245600,1.50200000
2018-03-01 02:02:08,0.08236300,0.08200000
2018-03-01 02:02:09,0.08236400,0.14900000
2018-03-01 02:02:09,0.08245600,0.35200000
2018-03-01 02:02:10,0.08236500,1.21300000
2018-03-01 02:02:10,0.08236500,1.45700000
2018-03-01 02:02:11,0.08237000,0.35900000
2018-03-01 02:02:11,0.08237100,0.10200000
2018-03-01 02:02:11,0.08237100,4.00800000
2018-03-01 02:02:12,0.08236600,0.35100000
2018-03-01 02:02:12,0.08237100,0.01300000
2018-03-01 02:02:12,0.08236000,0.04800000
2018-03-01 02:02:12,0.08235500,0.02000000
2018-03-01 02:02:13,0.08244900,0.06700000
2018-03-01 02:02:13,0.08244900,0.12500000
2018-03-01 02:02:13,0.08235600,0.03500000
2018-03-01 02:02:13,0.08235600,0.10300000
2018-03-01 02:02:15,0.08244800,0.02300000
2018-03-01 02:02:15,0.08244800,0.03000000
2018-03-01 02:02:15,0.08244800,0.04000000
2018-03-01 02:02:16,0.08244800,0.08000000
2018-03-01 02:02:16,0.08244800,0.04000000
2018-03-01 02:02:16,0.08236100,0.15500000
2018-03-01 02:02:16,0.08235500,0.10100000
2018-03-01 02:02:17,0.08235500,0.07900000
2018-03-01 02:02:17,0.08235400,0.17000000
2018-03-01 02:02:17,0.08244700,0.18000000
2018-03-01 02:02:18,0.08235600,0.09700000
2018-03-01 02:02:18,0.08244700,0.41000000
2018-03-01 02:02:20,0.08244500,0.38500000
2018-03-01 02:02:21,0.08244000,0.35900000
2018-03-01 02:02:22,0.08244000,0.13000000
2018-03-01 02:02:23,0.08244000,0.00800000
2018-03-01 02:02:23,0.08244500,0.13200000
2018-03-01 02:02:23,0.08244600,0.00900000
2018-03-01 02:02:24,0.08244500,0.05900000
2018-03-01 02:02:26,0.08244400,0.30800000
2018-03-01 02:02:27,0.08235800,0.08800000
2018-03-01 02:02:27,0.08244400,1.19600000
2018-03-01 02:02:27,0.08244500,0.11400000
2018-03-01 02:02:27,0.08244600,0.96800000
2018-03-01 02:02:27,0.08244700,0.55300000
2018-03-01 02:02:28,0.08244700,4.44600000
2018-03-01 02:02:28,0.08244400,0.05000000
2018-03-01 02:02:28,0.08244700,0.00100000
2018-03-01 02:02:28,0.08245100,0.56900000
2018-03-01 02:02:28,0.08244900,0.57000000
2018-03-01 02:02:28,0.08245900,0.06000000
2018-03-01 02:02:28,0.08246000,0.17200000
2018-03-01 02:02:29,0.08235900,0.06400000
2018-03-01 02:02:29,0.08236000,1.67600000
2018-03-01 02:02:30,0.08236100,0.15900000
2018-03-01 02:02:31,0.08236300,0.03900000
2018-03-01 02:02:31,0.08236100,0.00100000
2018-03-01 02:02:31,0.08236100,0.81200000
2018-03-01 02:02:32,0.08236100,0.05800000
2018-03-01 02:02:32,0.08236100,0.00100000
2018-03-01 02:02:32,0.08245500,0.03900000
2018-03-01 02:02:32,0.08245600,0.01800000
2018-03-01 02:02:32,0.08245600,0.03100000
2018-03-01 02:02:32,0.08245600,0.05700000
2018-03-01 02:02:32,0.08245500,0.12100000
2018-03-01 02:02:33,0.08236100,0.08500000
2018-03-01 02:02:33,0.08245400,0.81200000
2018-03-01 02:02:33,0.08236100,0.18700000
2018-03-01 02:02:33,0.08236100,0.03000000
2018-03-01 02:02:35,0.08245300,0.08900000
2018-03-01 02:02:35,0.08236400,0.03900000
2018-03-01 02:02:35,0.08236300,0.03100000
2018-03-01 02:02:36,0.08236300,0.03500000
2018-03-01 02:02:36,0.08243300,0.21600000
2018-03-01 02:02:36,0.08243300,0.06000000
2018-03-01 02:02:37,0.08236300,0.08900000
2018-03-01 02:02:37,0.08236200,0.81300000
2018-03-01 02:02:37,0.08235800,0.34700000
2018-03-01 02:02:37,0.08235700,0.06000000
2018-03-01 02:02:37,0.08235400,0.01300000
2018-03-01 02:02:37,0.08235700,0.06000000
2018-03-01 02:02:37,0.08235400,0.01400000
2018-03-01 02:02:37,0.08234700,0.01300000
2018-03-01 02:02:37,0.08234500,0.19800000
2018-03-01 02:02:38,0.08236300,0.02800000
2018-03-01 02:02:38,0.08236300,0.48100000
2018-03-01 02:02:38,0.08243300,0.06000000
2018-03-01 02:02:38,0.08236300,0.06700000
2018-03-01 02:02:39,0.08234700,0.05600000
2018-03-01 02:02:40,0.08243300,0.01700000
2018-03-01 02:02:40,0.08243300,0.05200000
2018-03-01 02:02:41,0.08243300,0.08100000
2018-03-01 02:02:42,0.08236300,0.21200000
2018-03-01 02:02:42,0.08236200,0.02800000
2018-03-01 02:02:42,0.08236200,0.01400000
2018-03-01 02:02:42,0.08236400,0.12900000
2018-03-01 02:02:43,0.08236400,1.08400000
2018-03-01 02:02:44,0.08236400,0.03500000
2018-03-01 02:02:44,0.08243300,0.05400000
2018-03-01 02:02:44,0.08243300,0.05400000
2018-03-01 02:02:44,0.08243300,0.05400000
2018-03-01 02:02:44,0.08243300,0.05400000
2018-03-01 02:02:44,0.08243300,0.05400000
2018-03-01 02:02:44,0.08243300,0.05400000
2018-03-01 02:02:45,0.08243300,0.05400000
2018-03-01 02:02:48,0.08243300,0.24000000
2018-03-01 02:02:49,0.08243300,0.00100000
2018-03-01 02:02:49,0.08245100,0.03900000
2018-03-01 02:02:49,0.08245200,0.04500000
2018-03-01 02:02:49,0.08245200,0.05000000
2018-03-01 02:02:49,0.08245200,0.00100000
2018-03-01 02:02:49,0.08245300,0.08400000
2018-03-01 02:02:50,0.08245300,0.07100000
2018-03-01 02:02:50,0.08236600,0.03800000
2018-03-01 02:02:50,0.08236600,0.00100000
2018-03-01 02:02:50,0.08236400,0.00100000
2018-03-01 02:02:50,0.08236200,0.01400000
2018-03-01 02:02:50,0.08236200,0.20400000
2018-03-01 02:02:51,0.08236500,0.17700000
2018-03-01 02:02:51,0.08236500,0.34700000
2018-03-01 02:02:51,0.08236200,0.17600000
2018-03-01 02:02:51,0.08236200,0.02900000
2018-03-01 02:02:51,0.08236500,0.01800000
2018-03-01 02:02:51,0.08236200,0.23000000
2018-03-01 02:02:51,0.08236200,0.21400000
2018-03-01 02:02:52,0.08236500,0.05500000
2018-03-01 02:02:52,0.08236500,0.06600000
2018-03-01 02:02:53,0.08236500,0.35800000
2018-03-01 02:02:53,0.08236500,0.00100000
2018-03-01 02:02:53,0.08236500,0.02900000
2018-03-01 02:02:54,0.08236200,0.85500000
2018-03-01 02:02:54,0.08236500,0.00100000
2018-03-01 02:02:54,0.08244000,0.02800000
2018-03-01 02:02:54,0.08236300,1.97800000
2018-03-01 02:02:55,0.08236300,1.39000000
2018-03-01 02:02:55,0.08236300,0.98100000
2018-03-01 02:02:57,0.08244000,0.06000000
2018-03-01 02:02:57,0.08244000,0.03800000
2018-03-01 02:02:58,0.08245000,0.06000000
2018-03-01 02:02:58,0.08236500,0.03800000
2018-03-01 02:02:58,0.08236500,0.00100000
2018-03-01 02:02:58,0.08236300,0.00100000
2018-03-01 02:02:58,0.08236200,0.01600000
2018-03-01 02:02:58,0.08244800,0.03900000
2018-03-01 02:02:58,0.08245000,0.42400000
2018-03-01 02:02:58,0.08245000,0.04000000
2018-03-01 02:02:58,0.08245100,0.03900000
2018-03-01 02:02:58,0.08245200,0.00400000
2018-03-01 02:02:58,0.08236400,0.05800000
2018-03-01 02:02:59,0.08244900,0.02800000
2018-03-01 02:02:59,0.08236400,0.00200000
2018-03-01 02:02:59,0.08236200,0.87100000
2018-03-01 02:03:00,0.08236400,0.09900000
2018-03-01 02:03:00,0.08236400,0.00100000
2018-03-01 02:03:00,0.08241500,0.09300000
2018-03-01 02:03:01,0.08244900,0.00100000
2018-03-01 02:03:01,0.08246000,0.08600000
2018-03-01 02:03:01,0.08241500,0.04600000
2018-03-01 02:03:02,0.08245900,0.08700000
2018-03-01 02:03:05,0.08241500,0.00100000
2018-03-01 02:03:05,0.08237000,6.28500000
2018-03-01 02:03:06,0.08237100,0.17100000
2018-03-01 02:03:07,0.08237200,0.00500000
2018-03-01 02:03:07,0.08237200,0.21500000
2018-03-01 02:03:07,0.08237200,0.06600000
2018-03-01 02:03:08,0.08237200,0.21000000
2018-03-01 02:03:08,0.08237200,0.00100000
2018-03-01 02:03:08,0.08236200,0.20900000
2018-03-01 02:03:08,0.08236200,0.84900000
2018-03-01 02:03:08,0.08236200,0.42200000
2018-03-01 02:03:09,0.08245700,0.44000000
2018-03-01 02:03:09,0.08245700,0.13800000
2018-03-01 02:03:09,0.08245700,0.30400000
2018-03-01 02:03:10,0.08245800,0.01400000
2018-03-01 02:03:12,0.08245700,0.13000000
2018-03-01 02:03:12,0.08245600,0.69900000
2018-03-01 02:03:14,0.08245300,0.14700000
2018-03-01 02:03:14,0.08245300,0.00100000
2018-03-01 02:03:14,0.08245700,0.06600000
2018-03-01 02:03:15,0.08245700,0.10800000
2018-03-01 02:03:15,0.08236700,0.03800000
2018-03-01 02:03:15,0.08245700,0.33600000
2018-03-01 02:03:15,0.08245700,0.33500000
2018-03-01 02:03:16,0.08237000,0.06100000
2018-03-01 02:03:16,0.08245600,0.26500000
2018-03-01 02:03:16,0.08245600,0.04000000
2018-03-01 02:03:17,0.08245300,0.07500000
2018-03-01 02:03:18,0.08245300,0.00100000
2018-03-01 02:03:18,0.08245600,0.17700000
2018-03-01 02:03:18,0.08245600,0.00100000
2018-03-01 02:03:18,0.08245700,0.04900000
2018-03-01 02:03:18,0.08246000,0.12700000
2018-03-01 02:03:18,0.08245300,0.03200000
2018-03-01 02:03:18,0.08245300,0.00100000
2018-03-01 02:03:18,0.08245000,0.05800000
2018-03-01 02:03:19,0.08245000,0.00100000
2018-03-01 02:03:19,0.08245300,0.21100000
2018-03-01 02:03:20,0.08236700,1.21500000
2018-03-01 02:03:20,0.08236900,0.03900000
2018-03-01 02:03:20,0.08236800,1.09400000
2018-03-01 02:03:20,0.08245500,0.03800000
2018-03-01 02:03:20,0.08236800,2.35200000
2018-03-01 02:03:21,0.08236800,1.21500000
2018-03-01 02:03:21,0.08236800,0.09100000
2018-03-01 02:03:21,0.08245300,0.03300000
2018-03-01 02:03:21,0.08245300,0.04300000
2018-03-01 02:03:21,0.08245500,0.00100000
2018-03-01 02:03:21,0.08245700,0.03100000
2018-03-01 02:03:21,0.08236800,0.10900000
2018-03-01 02:03:21,0.08236800,0.73900000
2018-03-01 02:03:21,0.08236700,0.19900000
2018-03-01 02:03:21,0.08245600,0.06700000
2018-03-01 02:03:22,0.08236800,0.10000000
2018-03-01 02:03:22,0.08236800,0.99500000
2018-03-01 02:03:22,0.08236700,0.09900000
2018-03-01 02:03:22,0.08245600,0.05600000
2018-03-01 02:03:22,0.08236700,0.04200000
2018-03-01 02:03:22,0.08245600,0.44700000
2018-03-01 02:03:22,0.08236700,0.79400000
2018-03-01 02:03:22,0.08236500,0.03900000
2018-03-01 02:03:22,0.08235800,0.00200000
2018-03-01 02:03:22,0.08245500,0.03700000
2018-03-01 02:03:22,0.08245500,0.00200000
2018-03-01 02:03:22,0.08245600,0.00100000
2018-03-01 02:03:22,0.08245700,0.03500000
2018-03-01 02:03:22,0.08245700,0.03200000
2018-03-01 02:03:22,0.08245700,0.02900000
2018-03-01 02:03:23,0.08245700,0.02900000
2018-03-01 02:03:23,0.08236800,0.39900000
2018-03-01 02:03:23,0.08236800,0.41400000
2018-03-01 02:03:23,0.08236800,0.26100000
2018-03-01 02:03:23,0.08236800,0.28300000
2018-03-01 02:03:24,0.08237000,0.03800000
2018-03-01 02:03:24,0.08237000,0.00100000
2018-03-01 02:03:24,0.08236000,0.03700000
2018-03-01 02:03:24,0.08236000,1.96100000
2018-03-01 02:03:24,0.08245200,0.44300000
2018-03-01 02:03:25,0.08245200,0.00300000
2018-03-01 02:03:25,0.08245500,0.17700000
2018-03-01 02:03:25,0.08245500,0.11200000
2018-03-01 02:03:26,0.08245100,0.03100000
2018-03-01 02:03:26,0.08245100,0.58000000
2018-03-01 02:03:27,0.08236300,0.03800000
2018-03-01 02:03:28,0.08236300,0.14100000
2018-03-01 02:03:28,0.08244400,0.08500000
2018-03-01 02:03:28,0.08236300,0.03500000
2018-03-01 02:03:28,0.08244400,0.02800000
2018-03-01 02:03:28,0.08244400,0.07500000
2018-03-01 02:03:28,0.08235800,0.03900000
2018-03-01 02:03:29,0.08235800,0.14200000
2018-03-01 02:03:29,0.08244300,0.11200000
2018-03-01 02:03:32,0.08235800,0.75500000
2018-03-01 02:03:32,0.08235800,0.14500000
2018-03-01 02:03:32,0.08235900,0.57100000
2018-03-01 02:03:34,0.08236000,0.35900000
2018-03-01 02:03:34,0.08235900,0.00100000
2018-03-01 02:03:34,0.08235800,0.05800000
2018-03-01 02:03:35,0.08235800,0.31500000
2018-03-01 02:03:36,0.08236100,0.09800000
2018-03-01 02:03:36,0.08236100,0.00100000
2018-03-01 02:03:36,0.08235900,0.09600000
2018-03-01 02:03:36,0.08235900,0.09300000
2018-03-01 02:03:36,0.08235900,2.29900000
2018-03-01 02:03:36,0.08235900,0.05900000
2018-03-01 02:03:37,0.08244900,0.01700000
2018-03-01 02:03:38,0.08235900,0.22000000
2018-03-01 02:03:38,0.08235900,0.12400000
2018-03-01 02:03:39,0.08235900,0.15500000
2018-03-01 02:03:39,0.08235900,0.02000000
2018-03-01 02:03:39,0.08235900,1.00300000
2018-03-01 02:03:41,0.08244600,0.14900000
2018-03-01 02:03:41,0.08244600,0.14900000
2018-03-01 02:03:41,0.08244600,0.14900000
2018-03-01 02:03:42,0.08244600,0.14900000
2018-03-01 02:03:42,0.08236000,0.01700000
2018-03-01 02:03:42,0.08244500,0.12400000
2018-03-01 02:03:42,0.08236000,0.27400000
2018-03-01 02:03:43,0.08236000,0.05000000
2018-03-01 02:03:43,0.08236000,0.12200000
2018-03-01 02:03:43,0.08244500,0.12900000
2018-03-01 02:03:43,0.08236000,0.00100000
2018-03-01 02:03:43,0.08235900,0.00100000
2018-03-01 02:03:43,0.08235800,0.00100000
2018-03-01 02:03:43,0.08235300,0.04000000
2018-03-01 02:03:43,0.08234500,0.05000000
2018-03-01 02:03:43,0.08235900,0.03500000
2018-03-01 02:03:43,0.08234500,0.57200000
2018-03-01 02:03:43,0.08235900,0.03500000
2018-03-01 02:03:43,0.08235900,0.01700000
2018-03-01 02:03:43,0.08235900,0.34500000
2018-03-01 02:03:43,0.08235900,0.55100000
2018-03-01 02:03:43,0.08244000,0.34400000
2018-03-01 02:03:43,0.08244000,0.01600000
2018-03-01 02:03:43,0.08244500,0.33100000
2018-03-01 02:03:43,0.08244600,0.15200000
2018-03-01 02:03:44,0.08244500,0.03000000
2018-03-01 02:03:44,0.08244600,0.22200000
2018-03-01 02:03:44,0.08244800,0.64300000
2018-03-01 02:03:44,0.08244400,0.82700000
2018-03-01 02:03:46,0.08234400,0.08600000
2018-03-01 02:03:48,0.08234400,1.14100000
2018-03-01 02:03:48,0.08234400,0.00100000
2018-03-01 02:03:48,0.08234000,0.03400000
2018-03-01 02:03:48,0.08234400,0.02900000
2018-03-01 02:03:48,0.08234000,0.12100000
2018-03-01 02:03:49,0.08234000,0.89200000
2018-03-01 02:03:49,0.08242200,0.12100000
2018-03-01 02:03:49,0.08233300,0.05900000
2018-03-01 02:03:49,0.08233300,0.03100000
2018-03-01 02:03:49,0.08233000,1.61600000
2018-03-01 02:03:49,0.08232500,0.20000000
2018-03-01 02:03:49,0.08232400,0.43300000
2018-03-01 02:03:50,0.08232500,0.61400000
2018-03-01 02:03:50,0.08242100,0.15000000
2018-03-01 02:03:50,0.08242100,0.00100000
2018-03-01 02:03:50,0.08242200,0.00100000
2018-03-01 02:03:50,0.08242900,0.05000000
2018-03-01 02:03:50,0.08232600,0.03800000
2018-03-01 02:03:50,0.08242000,0.16100000
2018-03-01 02:03:51,0.08232600,0.00100000
2018-03-01 02:03:51,0.08232400,0.55500000
2018-03-01 02:03:51,0.08232200,0.03000000
2018-03-01 02:03:51,0.08232100,0.04500000
2018-03-01 02:03:51,0.08232000,0.36000000
2018-03-01 02:03:51,0.08230800,0.48600000
2018-03-01 02:03:51,0.08230400,0.28700000
2018-03-01 02:03:51,0.08230300,0.11800000
2018-03-01 02:03:51,0.08230200,1.20800000
2018-03-01 02:03:51,0.08229200,0.16300000
2018-03-01 02:03:51,0.08228800,0.07500000
2018-03-01 02:03:51,0.08241900,0.03800000
2018-03-01 02:03:51,0.08241900,0.45500000
2018-03-01 02:03:51,0.08232700,0.64400000
2018-03-01 02:03:51,0.08241900,0.04000000
2018-03-01 02:03:52,0.08241700,0.14900000
2018-03-01 02:03:52,0.08241600,0.12200000
2018-03-01 02:03:53,0.08236200,0.02900000
2018-03-01 02:03:53,0.08234700,0.00900000
2018-03-01 02:03:53,0.08234700,0.03000000
2018-03-01 02:03:53,0.08230400,0.00700000
2018-03-01 02:03:53,0.08230400,0.03800000
2018-03-01 02:03:53,0.08241500,0.02400000
2018-03-01 02:03:53,0.08230400,0.40600000
2018-03-01 02:03:53,0.08229100,0.02200000
2018-03-01 02:03:53,0.08241500,0.04100000
2018-03-01 02:03:54,0.08241400,0.05700000
2018-03-01 02:03:55,0.08240000,0.06700000
2018-03-01 02:03:56,0.08239700,0.29800000
2018-03-01 02:03:57,0.08239700,1.51100000
2018-03-01 02:03:57,0.08230300,0.01600000
2018-03-01 02:03:57,0.08230300,0.02200000
2018-03-01 02:03:57,0.08239600,0.38500000
2018-03-01 02:03:58,0.08230600,0.03800000
2018-03-01 02:03:58,0.08239600,0.16200000
2018-03-01 02:03:58,0.08239600,0.03000000
2018-03-01 02:03:58,0.08239000,0.35900000
2018-03-01 02:04:00,0.08232800,0.02800000
2018-03-01 02:04:00,0.08232800,0.03200000
2018-03-01 02:04:00,0.08232800,0.03300000
2018-03-01 02:04:01,0.08232800,0.03300000
2018-03-01 02:04:01,0.08238500,0.03200000
2018-03-01 02:04:01,0.08232800,0.08400000
2018-03-01 02:04:01,0.08238500,0.07100000
2018-03-01 02:04:01,0.08232800,0.05100000
2018-03-01 02:04:01,0.08238500,0.07100000
2018-03-01 02:04:01,0.08232800,0.13900000
2018-03-01 02:04:01,0.08232800,0.01600000
2018-03-01 02:04:01,0.08230600,0.01500000
2018-03-01 02:04:01,0.08238500,0.16600000
2018-03-01 02:04:01,0.08230600,0.18000000
2018-03-01 02:04:02,0.08238500,0.92300000
2018-03-01 02:04:02,0.08238500,0.00100000
2018-03-01 02:04:02,0.08238900,0.01700000
2018-03-01 02:04:04,0.08230400,0.05700000
2018-03-01 02:04:04,0.08230400,0.87600000
2018-03-01 02:04:05,0.08238800,0.14900000
2018-03-01 02:04:05,0.08238800,3.67000000
2018-03-01 02:04:05,0.08230400,0.03500000
2018-03-01 02:04:06,0.08230400,0.00100000
2018-03-01 02:04:06,0.08237900,0.14900000
2018-03-01 02:04:06,0.08237900,0.14900000
2018-03-01 02:04:06,0.08237900,0.21000000
2018-03-01 02:04:07,0.08230300,0.00100000
2018-03-01 02:04:07,0.08230000,1.52600000
2018-03-01 02:04:09,0.08230000,0.57100000
2018-03-01 02:04:10,0.08230000,1.21500000
2018-03-01 02:04:10,0.08230000,0.21700000
2018-03-01 02:04:11,0.08237800,0.01800000
2018-03-01 02:04:11,0.08237800,0.03500000
2018-03-01 02:04:11,0.08237800,0.08400000
2018-03-01 02:04:12,0.08230000,0.00100000
2018-03-01 02:04:12,0.08229200,0.80500000
2018-03-01 02:04:12,0.08228800,1.34200000
2018-03-01 02:04:13,0.08228700,0.01400000
2018-03-01 02:04:13,0.08229300,0.58000000
2018-03-01 02:04:13,0.08228900,0.03900000
2018-03-01 02:04:13,0.08228700,0.00100000
2018-03-01 02:04:13,0.08228500,0.00100000
2018-03-01 02:04:13,0.08228300,0.15900000
2018-03-01 02:04:13,0.08227800,1.66600000
2018-03-01 02:04:13,0.08227600,0.98100000
2018-03-01 02:04:13,0.08227600,0.48700000
2018-03-01 02:04:13,0.08227500,0.09200000
2018-03-01 02:04:14,0.08237500,0.01300000
2018-03-01 02:04:16,0.08236300,0.25400000
2018-03-01 02:04:16,0.08237200,0.00900000
2018-03-01 02:04:16,0.08227500,0.11100000
2018-03-01 02:04:17,0.08236200,0.45000000
2018-03-01 02:04:18,0.08236100,0.05500000
2018-03-01 02:04:18,0.08228000,0.35800000
2018-03-01 02:04:18,0.08236100,0.14300000
2018-03-01 02:04:18,0.08236000,0.05900000
2018-03-01 02:04:19,0.08236000,0.03000000
2018-03-01 02:04:19,0.08227500,0.15700000
2018-03-01 02:04:19,0.08236000,0.03000000
2018-03-01 02:04:19,0.08236000,0.11700000
2018-03-01 02:04:19,0.08235900,0.07700000
2018-03-01 02:04:19,0.08235900,0.03100000
2018-03-01 02:04:19,0.08236000,1.10700000
2018-03-01 02:04:19,0.08236100,1.78100000
2018-03-01 02:04:19,0.08236700,0.01700000
2018-03-01 02:04:19,0.08237200,1.84200000
2018-03-01 02:04:20,0.08227500,0.18100000
2018-03-01 02:04:20,0.08235900,0.05800000
2018-03-01 02:04:20,0.08235900,0.02800000
2018-03-01 02:04:20,0.08237200,0.11600000
2018-03-01 02:04:21,0.08227600,0.23900000
2018-03-01 02:04:21,0.08237100,0.02500000
2018-03-01 02:04:22,0.08237000,0.17100000
2018-03-01 02:04:22,0.08235900,0.57900000
2018-03-01 02:04:23,0.08235900,3.41000000
2018-03-01 02:04:23,0.08235900,0.02800000
2018-03-01 02:04:23,0.08237000,0.02100000
2018-03-01 02:04:23,0.08235900,0.11200000
2018-03-01 02:04:23,0.08235900,0.50000000
2018-03-01 02:04:23,0.08235900,0.37100000
2018-03-01 02:04:23,0.08227500,0.28300000
2018-03-01 02:04:23,0.08226300,0.35600000
2018-03-01 02:04:23,0.08226300,0.06400000
2018-03-01 02:04:23,0.08225400,0.49600000
2018-03-01 02:04:24,0.08236800,1.36600000
2018-03-01 02:04:24,0.08236800,0.12300000
2018-03-01 02:04:24,0.08236800,0.95500000
2018-03-01 02:04:24,0.08236900,0.09600000
2018-03-01 02:04:24,0.08237000,0.20500000
2018-03-01 02:04:25,0.08236700,0.41100000
2018-03-01 02:04:25,0.08236700,0.99900000
2018-03-01 02:04:25,0.08226000,0.35900000
2018-03-01 02:04:26,0.08236600,0.15700000
2018-03-01 02:04:26,0.08236600,0.08100000
2018-03-01 02:04:27,0.08226600,0.02900000
2018-03-01 02:04:28,0.08226800,0.36000000
2018-03-01 02:04:28,0.08236000,0.36000000
2018-03-01 02:04:28,0.08236000,0.33400000
2018-03-01 02:04:28,0.08236000,0.16200000
2018-03-01 02:04:28,0.08236600,0.02400000
2018-03-01 02:04:30,0.08236400,0.03000000
2018-03-01 02:04:30,0.08236500,1.02200000
2018-03-01 02:04:32,0.08236500,0.12100000
2018-03-01 02:04:33,0.08236500,0.08000000
2018-03-01 02:04:34,0.08236400,0.04700000
2018-03-01 02:04:35,0.08236000,0.00100000
2018-03-01 02:04:35,0.08236000,0.02500000
2018-03-01 02:04:35,0.08236000,0.07100000
2018-03-01 02:04:35,0.08236000,0.04500000
2018-03-01 02:04:35,0.08226700,0.18000000
2018-03-01 02:04:36,0.08227000,0.33400000
2018-03-01 02:04:37,0.08235900,0.06900000
2018-03-01 02:04:38,0.08235900,0.17800000
2018-03-01 02:04:38,0.08235900,0.23300000
2018-03-01 02:04:38,0.08235900,0.60600000
2018-03-01 02:04:38,0.08235900,0.17900000
2018-03-01 02:04:39,0.08235900,0.02600000
2018-03-01 02:04:41,0.08235900,0.02400000
2018-03-01 02:04:41,0.08235900,0.73300000
2018-03-01 02:04:41,0.08235900,0.07000000
2018-03-01 02:04:41,0.08235900,0.68300000
2018-03-01 02:04:42,0.08227300,0.03900000
2018-03-01 02:04:42,0.08227000,0.05800000
2018-03-01 02:04:42,0.08235700,0.03900000
2018-03-01 02:04:42,0.08235900,1.47400000
2018-03-01 02:04:43,0.08235900,0.11600000
2018-03-01 02:04:44,0.08235900,0.17600000
2018-03-01 02:04:44,0.08235900,1.03500000
2018-03-01 02:04:44,0.08236000,4.38200000
2018-03-01 02:04:44,0.08227400,0.01700000
2018-03-01 02:04:44,0.08227400,0.07700000
2018-03-01 02:04:45,0.08227000,0.20900000
2018-03-01 02:04:45,0.08236000,0.45000000
2018-03-01 02:04:45,0.08236000,0.49900000
2018-03-01 02:04:45,0.08236300,0.30200000
2018-03-01 02:04:45,0.08236000,0.02400000
2018-03-01 02:04:46,0.08236200,0.07200000
2018-03-01 02:04:46,0.08236300,0.25800000
2018-03-01 02:04:46,0.08236300,0.31500000
2018-03-01 02:04:46,0.08236300,0.03400000
2018-03-01 02:04:47,0.08236300,0.49100000
2018-03-01 02:04:47,0.08236200,0.26700000
2018-03-01 02:04:47,0.08236300,0.37200000
2018-03-01 02:04:48,0.08236300,0.03400000
2018-03-01 02:04:49,0.08236000,0.01000000
2018-03-01 02:04:49,0.08227700,0.03900000
2018-03-01 02:04:49,0.08227000,0.01800000
2018-03-01 02:04:49,0.08236100,0.03400000
2018-03-01 02:04:50,0.08236100,0.00500000
2018-03-01 02:04:50,0.08236300,0.19700000
2018-03-01 02:04:51,0.08227200,0.73900000
2018-03-01 02:04:51,0.08227200,0.35800000
2018-03-01 02:04:51,0.08227100,0.38100000
2018-03-01 02:04:51,0.08236300,0.03400000
2018-03-01 02:04:52,0.08227500,0.03900000
2018-03-01 02:04:52,0.08227000,0.03000000
2018-03-01 02:04:53,0.08227000,0.06400000
2018-03-01 02:04:54,0.08235000,0.14300000
2018-03-01 02:04:54,0.08235000,0.01800000
2018-03-01 02:04:54,0.08227100,0.20200000
2018-03-01 02:04:54,0.08227100,0.01200000
2018-03-01 02:04:55,0.08235000,0.02000000
2018-03-01 02:04:56,0.08235900,0.01900000
2018-03-01 02:04:56,0.08235000,0.03800000
2018-03-01 02:04:57,0.08235800,0.01700000
2018-03-01 02:04:57,0.08235800,0.57700000
2018-03-01 02:05:00,0.08227200,0.01000000
2018-03-01 02:05:00,0.08235800,0.00100000
2018-03-01 02:05:00,0.08235900,0.02500000
2018-03-01 02:05:00,0.08235900,1.05300000
2018-03-01 02:05:00,0.08236100,0.03900000
2018-03-01 02:05:00,0.08236300,4.57700000
2018-03-01 02:05:00,0.08236400,5.33100000
2018-03-01 02:05:01,0.08232500,0.02600000
2018-03-01 02:05:01,0.08232500,0.09400000
2018-03-01 02:05:01,0.08236300,0.10500000
2018-03-01 02:05:01,0.08236400,0.87800000
2018-03-01 02:05:02,0.08232500,0.01600000
2018-03-01 02:05:02,0.08227300,0.00900000
2018-03-01 02:05:02,0.08236400,1.29900000
2018-03-01 02:05:02,0.08236400,0.09800000
2018-03-01 02:05:03,0.08236400,3.43300000
2018-03-01 02:05:03,0.08237500,0.12700000
2018-03-01 02:05:03,0.08237700,0.01500000
2018-03-01 02:05:03,0.08238000,0.57200000
2018-03-01 02:05:03,0.08238000,0.14100000
2018-03-01 02:05:03,0.08238000,0.49000000
2018-03-01 02:05:05,0.08228000,0.17300000
2018-03-01 02:05:05,0.08228000,0.02500000
2018-03-01 02:05:05,0.08237900,0.12300000
2018-03-01 02:05:05,0.08237900,0.05400000
2018-03-01 02:05:06,0.08228200,1.21600000
2018-03-01 02:05:06,0.08228200,0.27900000
2018-03-01 02:05:06,0.08228200,0.00200000
2018-03-01 02:05:06,0.08228100,0.27800000
2018-03-01 02:05:06,0.08237800,0.07500000
2018-03-01 02:05:07,0.08228700,0.01400000
2018-03-01 02:05:07,0.08237800,1.63900000
2018-03-01 02:05:07,0.08228700,0.01700000
2018-03-01 02:05:08,0.08228700,1.16900000
2018-03-01 02:05:08,0.08237700,0.69500000
2018-03-01 02:05:08,0.08237700,1.03900000
2018-03-01 02:05:09,0.08228800,0.21000000
2018-03-01 02:05:09,0.08228800,0.08000000
2018-03-01 02:05:09,0.08228800,0.49100000
2018-03-01 02:05:10,0.08237700,0.01700000
2018-03-01 02:05:10,0.08237600,0.19800000
2018-03-01 02:05:11,0.08229000,0.03800000
2018-03-01 02:05:11,0.08229000,0.00100000
2018-03-01 02:05:11,0.08228800,0.03700000
2018-03-01 02:05:11,0.08228800,0.19400000
2018-03-01 02:05:11,0.08228800,0.05300000
2018-03-01 02:05:11,0.08228900,0.06900000
2018-03-01 02:05:11,0.08237400,0.03200000
2018-03-01 02:05:12,0.08237400,0.38200000
2018-03-01 02:05:12,0.08228900,0.12900000
2018-03-01 02:05:12,0.08228800,0.01500000
2018-03-01 02:05:12,0.08237400,0.14600000
2018-03-01 02:05:12,0.08228800,0.35700000
2018-03-01 02:05:12,0.08237300,0.04700000
2018-03-01 02:05:13,0.08228200,0.03900000
2018-03-01 02:05:15,0.08228700,0.24300000
2018-03-01 02:05:15,0.08228700,0.00100000
2018-03-01 02:05:15,0.08236900,0.09400000
2018-03-01 02:05:15,0.08236900,0.01800000
2018-03-01 02:05:15,0.08236900,0.24300000
2018-03-01 02:05:15,0.08228400,0.03800000
2018-03-01 02:05:15,0.08228400,0.00100000
2018-03-01 02:05:15,0.08228200,0.03700000
2018-03-01 02:05:16,0.08228200,0.04500000
2018-03-01 02:05:16,0.08228200,0.85200000
2018-03-01 02:05:17,0.08236600,0.88400000
2018-03-01 02:05:18,0.08236000,0.12600000
2018-03-01 02:05:18,0.08236000,0.07300000
2018-03-01 02:05:18,0.08236000,0.00100000
2018-03-01 02:05:18,0.08236600,1.21900000
2018-03-01 02:05:19,0.08236000,0.02400000
2018-03-01 02:05:19,0.08236000,0.00100000
2018-03-01 02:05:19,0.08236600,0.29000000
2018-03-01 02:05:19,0.08228200,0.02400000
2018-03-01 02:05:19,0.08228200,0.02400000
2018-03-01 02:05:19,0.08236600,0.03900000
2018-03-01 02:05:19,0.08228200,0.01800000
2018-03-01 02:05:19,0.08236600,2.34800000
2018-03-01 02:05:19,0.08236700,0.03800000
2018-03-01 02:05:20,0.08228200,0.06900000
2018-03-01 02:05:21,0.08236700,0.00100000
2018-03-01 02:05:22,0.08236700,0.08700000
2018-03-01 02:05:22,0.08236700,0.00100000
2018-03-01 02:05:22,0.08228900,0.08600000
2018-03-01 02:05:22,0.08228900,0.08700000
2018-03-01 02:05:22,0.08228900,0.08700000
2018-03-01 02:05:24,0.08228900,0.70500000
2018-03-01 02:05:24,0.08236900,0.12800000
2018-03-01 02:05:25,0.08236900,0.21900000
2018-03-01 02:05:26,0.08236900,0.00100000
2018-03-01 02:05:26,0.08237200,0.08400000
2018-03-01 02:05:26,0.08237300,0.02500000
2018-03-01 02:05:26,0.08237500,0.03900000
2018-03-01 02:05:26,0.08237700,0.01500000
2018-03-01 02:05:26,0.08237900,0.03500000
2018-03-01 02:05:26,0.08237900,0.23100000
2018-03-01 02:05:26,0.08237900,0.14400000
2018-03-01 02:05:27,0.08237900,0.03900000
2018-03-01 02:05:27,0.08237800,0.20100000
2018-03-01 02:05:27,0.08237800,0.04800000
2018-03-01 02:05:27,0.08237800,0.14900000
2018-03-01 02:05:27,0.08237800,0.27500000
2018-03-01 02:05:27,0.08237800,0.14100000
2018-03-01 02:05:27,0.08237900,2.21800000
2018-03-01 02:05:27,0.08237900,0.41300000
2018-03-01 02:05:28,0.08229000,0.04900000
2018-03-01 02:05:28,0.08229000,0.06100000
2018-03-01 02:05:28,0.08237900,0.24300000
2018-03-01 02:05:28,0.08237900,0.07600000
2018-03-01 02:05:29,0.08237800,0.05000000
2018-03-01 02:05:29,0.08229100,0.14900000
2018-03-01 02:05:29,0.08229100,0.05900000
2018-03-01 02:05:30,0.08237700,0.04800000
2018-03-01 02:05:32,0.08237700,0.10100000
2018-03-01 02:05:32,0.08237800,0.06000000
2018-03-01 02:05:32,0.08237900,1.60100000
2018-03-01 02:05:32,0.08238800,0.04800000
2018-03-01 02:05:32,0.08239000,4.55100000
2018-03-01 02:05:32,0.08239000,0.25400000
2018-03-01 02:05:33,0.08237700,0.03800000
2018-03-01 02:05:33,0.08237700,0.23100000
2018-03-01 02:05:33,0.08237700,0.09500000
2018-03-01 02:05:33,0.08229400,0.02800000
2018-03-01 02:05:33,0.08229400,0.03100000
2018-03-01 02:05:33,0.08229400,0.32500000
2018-03-01 02:05:33,0.08229400,0.32500000
2018-03-01 02:05:34,0.08229400,1.21900000
2018-03-01 02:05:34,0.08229600,0.03900000
2018-03-01 02:05:34,0.08229400,0.70600000
2018-03-01 02:05:34,0.08238600,0.01400000
2018-03-01 02:05:35,0.08230000,0.08400000
2018-03-01 02:05:35,0.08230000,0.33600000
2018-03-01 02:05:35,0.08229500,0.08300000
2018-03-01 02:05:35,0.08238600,0.02500000
2018-03-01 02:05:35,0.08238900,0.02400000
2018-03-01 02:05:35,0.08238900,0.03400000
2018-03-01 02:05:35,0.08238600,0.02200000
2018-03-01 02:05:36,0.08238600,0.00100000
2018-03-01 02:05:37,0.08238500,0.08100000
2018-03-01 02:05:37,0.08238000,0.02000000
2018-03-01 02:05:38,0.08238000,0.03100000
2018-03-01 02:05:38,0.08238000,0.09700000
2018-03-01 02:05:38,0.08229700,0.03900000
2018-03-01 02:05:38,0.08229600,1.03400000
2018-03-01 02:05:38,0.08238000,0.11200000
2018-03-01 02:05:39,0.08238000,0.10000000
2018-03-01 02:05:39,0.08238300,0.03900000
2018-03-01 02:05:39,0.08238900,0.00100000
2018-03-01 02:05:39,0.08239000,4.73400000
2018-03-01 02:05:39,0.08239100,0.79700000
2018-03-01 02:05:39,0.08240000,0.26500000
2018-03-01 02:05:39,0.08241200,1.91600000
2018-03-01 02:05:39,0.08241400,1.10800000
2018-03-01 02:05:39,0.08242400,0.43000000
2018-03-01 02:05:40,0.08242200,0.18500000
2018-03-01 02:05:40,0.08242200,0.05600000
2018-03-01 02:05:41,0.08230300,0.01500000
2018-03-01 02:05:41,0.08242100,0.11800000
2018-03-01 02:05:42,0.08238600,0.76000000
2018-03-01 02:05:42,0.08230500,0.02900000
2018-03-01 02:05:42,0.08238600,0.03500000
2018-03-01 02:05:42,0.08238600,0.10400000
2018-03-01 02:05:42,0.08238600,2.78600000
2018-03-01 02:05:42,0.08238600,0.04700000
2018-03-01 02:05:42,0.08238600,0.44500000
2018-03-01 02:05:43,0.08230500,0.01500000
2018-03-01 02:05:43,0.08238500,0.11900000
2018-03-01 02:05:43,0.08238600,0.04800000
2018-03-01 02:05:44,0.08238600,0.07200000
2018-03-01 02:05:44,0.08238600,0.02300000
2018-03-01 02:05:44,0.08238600,0.02600000
2018-03-01 02:05:46,0.08241600,0.05900000
2018-03-01 02:05:47,0.08241600,1.03400000
2018-03-01 02:05:47,0.08241600,0.03000000
2018-03-01 02:05:47,0.08242400,0.16600000
2018-03-01 02:05:48,0.08231800,0.01500000
2018-03-01 02:05:48,0.08231800,0.03500000
2018-03-01 02:05:49,0.08232100,0.51400000
2018-03-01 02:05:50,0.08232200,0.02300000
2018-03-01 02:05:52,0.08241700,0.64400000
2018-03-01 02:05:53,0.08232300,0.01900000
2018-03-01 02:05:54,0.08232400,0.01500000
2018-03-01 02:05:56,0.08232700,0.12700000
2018-03-01 02:05:56,0.08232700,0.10800000
2018-03-01 02:05:57,0.08232700,0.06400000
2018-03-01 02:05:57,0.08232700,0.21700000
2018-03-01 02:05:59,0.08241400,0.04900000
2018-03-01 02:06:01,0.08235200,0.10000000
2018-03-01 02:06:01,0.08232900,0.03800000
2018-03-01 02:06:02,0.08235200,0.22800000
2018-03-01 02:06:02,0.08232900,0.03600000
2018-03-01 02:06:02,0.08232900,0.00100000
2018-03-01 02:06:02,0.08232600,0.02000000
2018-03-01 02:06:02,0.08232600,0.91300000
2018-03-01 02:06:04,0.08232600,1.51200000
2018-03-01 02:06:04,0.08232600,0.09900000
2018-03-01 02:06:04,0.08232600,0.21800000
2018-03-01 02:06:04,0.08232600,0.04800000
2018-03-01 02:06:05,0.08232600,0.03800000
2018-03-01 02:06:06,0.08232600,0.09600000
2018-03-01 02:06:11,0.08235200,0.00100000
2018-03-01 02:06:11,0.08240900,0.02200000
2018-03-01 02:06:11,0.08232700,0.24200000
2018-03-01 02:06:11,0.08240900,0.04800000
2018-03-01 02:06:11,0.08232700,0.20900000
2018-03-01 02:06:11,0.08232700,0.92200000
2018-03-01 02:06:11,0.08235200,0.04500000
2018-03-01 02:06:11,0.08235200,0.00100000
2018-03-01 02:06:11,0.08232700,0.04100000
2018-03-01 02:06:12,0.08232700,0.58100000
2018-03-01 02:06:12,0.08232700,1.04700000
2018-03-01 02:06:12,0.08232700,0.10400000
2018-03-01 02:06:12,0.08234000,0.13300000
2018-03-01 02:06:12,0.08234000,0.04300000
2018-03-01 02:06:12,0.08234000,0.01700000
2018-03-01 02:06:13,0.08234000,0.07700000
2018-03-01 02:06:13,0.08232700,0.67400000
2018-03-01 02:06:13,0.08232700,0.07600000
2018-03-01 02:06:13,0.08232700,0.96700000
2018-03-01 02:06:13,0.08232400,0.59600000
2018-03-01 02:06:13,0.08232700,0.02400000
2018-03-01 02:06:13,0.08232700,0.18800000
2018-03-01 02:06:13,0.08232700,0.58700000
2018-03-01 02:06:13,0.08232700,0.46900000
2018-03-01 02:06:13,0.08234000,6.40900000
2018-03-01 02:06:13,0.08235200,0.04500000
2018-03-01 02:06:15,0.08240800,0.01800000
2018-03-01 02:06:15,0.08240800,0.00100000
2018-03-01 02:06:15,0.08240900,0.01700000
2018-03-01 02:06:15,0.08235200,0.00100000
2018-03-01 02:06:15,0.08235200,0.02200000
2018-03-01 02:06:15,0.08234000,0.23400000
2018-03-01 02:06:15,0.08235200,0.00100000
2018-03-01 02:06:16,0.08240800,0.04400000
2018-03-01 02:06:16,0.08240800,0.00100000
2018-03-01 02:06:16,0.08234000,0.04300000
2018-03-01 02:06:16,0.08234000,0.04400000
2018-03-01 02:06:16,0.08234000,0.04400000
2018-03-01 02:06:16,0.08234000,0.04400000
2018-03-01 02:06:16,0.08234000,0.51500000
2018-03-01 02:06:16,0.08240900,0.02300000
2018-03-01 02:06:17,0.08235200,0.04400000
2018-03-01 02:06:17,0.08240900,0.84000000
2018-03-01 02:06:18,0.08240900,0.06200000
2018-03-01 02:06:20,0.08235200,0.03000000
2018-03-01 02:06:20,0.08237900,0.27000000
2018-03-01 02:06:20,0.08237900,0.12100000
2018-03-01 02:06:20,0.08237900,0.01800000
2018-03-01 02:06:20,0.08237900,0.39600000
2018-03-01 02:06:21,0.08237900,0.00100000
2018-03-01 02:06:21,0.08240900,0.00300000
2018-03-01 02:06:21,0.08241300,0.03900000
2018-03-01 02:06:21,0.08241400,0.12300000
2018-03-01 02:06:21,0.08241500,0.16600000
2018-03-01 02:06:21,0.08241600,0.58400000
2018-03-01 02:06:22,0.08241600,0.01800000
2018-03-01 02:06:22,0.08241600,0.47300000
2018-03-01 02:06:22,0.08241600,0.21200000
2018-03-01 02:06:24,0.08241600,0.26900000
2018-03-01 02:06:24,0.08241600,0.37400000
2018-03-01 02:06:24,0.08241600,0.12200000
2018-03-01 02:06:25,0.08241400,0.04600000
2018-03-01 02:06:25,0.08241400,0.05900000
2018-03-01 02:06:25,0.08235200,0.00200000
2018-03-01 02:06:26,0.08241400,0.02000000
2018-03-01 02:06:26,0.08241400,0.47000000
2018-03-01 02:06:27,0.08241400,0.00100000
2018-03-01 02:06:27,0.08241600,2.08100000
2018-03-01 02:06:28,0.08241600,0.00100000
2018-03-01 02:06:28,0.08242400,0.05900000
2018-03-01 02:06:28,0.08241400,0.04300000
2018-03-01 02:06:28,0.08241400,0.00200000
2018-03-01 02:06:28,0.08235200,0.04200000
2018-03-01 02:06:28,0.08235200,0.04400000
2018-03-01 02:06:28,0.08235200,0.04400000
2018-03-01 02:06:28,0.08235200,0.04400000
2018-03-01 02:06:28,0.08235200,0.04400000
2018-03-01 02:06:28,0.08235200,0.04400000
2018-03-01 02:06:28,0.08242400,0.01700000
2018-03-01 02:06:28,0.08242400,0.31500000
2018-03-01 02:06:28,0.08242400,0.00100000
2018-03-01 02:06:28,0.08244000,0.41900000
2018-03-01 02:06:28,0.08244000,4.07300000
2018-03-01 02:06:28,0.08241600,0.04600000
2018-03-01 02:06:28,0.08235200,0.90300000
2018-03-01 02:06:29,0.08241600,0.26000000
2018-03-01 02:06:29,0.08241600,0.18100000
2018-03-01 02:06:29,0.08235200,0.05600000
2018-03-01 02:06:29,0.08235200,0.15000000
2018-03-01 02:06:29,0.08235200,0.44000000
2018-03-01 02:06:29,0.08235200,0.10400000
2018-03-01 02:06:29,0.08235200,0.44000000
2018-03-01 02:06:29,0.08235200,0.13600000
2018-03-01 02:06:31,0.08235400,0.37000000
2018-03-01 02:06:31,0.08235400,0.03000000
2018-03-01 02:06:31,0.08243900,0.05500000
2018-03-01 02:06:32,0.08235200,0.06000000
2018-03-01 02:06:32,0.08243900,0.04200000
2018-03-01 02:06:32,0.08235200,0.03000000
2018-03-01 02:06:32,0.08235200,0.01900000
2018-03-01 02:06:32,0.08235300,0.76900000
2018-03-01 02:06:32,0.08235300,0.03000000
2018-03-01 02:06:33,0.08235300,0.03000000
2018-03-01 02:06:33,0.08235400,0.24100000
2018-03-01 02:06:34,0.08235300,0.00100000
2018-03-01 02:06:34,0.08234100,0.07500000
2018-03-01 02:06:34,0.08235300,0.03000000
2018-03-01 02:06:34,0.08234100,0.03600000
2018-03-01 02:06:34,0.08234200,0.02600000
2018-03-01 02:06:34,0.08234100,0.03900000
2018-03-01 02:06:36,0.08243800,0.12100000
2018-03-01 02:06:36,0.08243800,0.02000000
2018-03-01 02:06:36,0.08243800,0.22300000
2018-03-01 02:06:39,0.08243800,0.01700000
2018-03-01 02:06:41,0.08235300,0.02900000
2018-03-01 02:06:41,0.08235300,0.01000000
2018-03-01 02:06:41,0.08235100,0.07000000
2018-03-01 02:06:42,0.08241600,0.48300000
2018-03-01 02:06:45,0.08241600,0.02100000
2018-03-01 02:06:45,0.08241600,0.28100000
2018-03-01 02:06:45,0.08241600,0.20600000
2018-03-01 02:06:46,0.08241600,0.00900000
2018-03-01 02:06:46,0.08243600,0.03900000
2018-03-01 02:06:46,0.08243700,0.06200000
2018-03-01 02:06:46,0.08243800,5.00100000
2018-03-01 02:06:46,0.08243900,0.12000000
2018-03-01 02:06:46,0.08244000,0.00100000
2018-03-01 02:06:46,0.08245800,0.87300000
2018-03-01 02:06:46,0.08246900,0.56700000
2018-03-01 02:06:46,0.08247100,0.79100000
2018-03-01 02:06:46,0.08248600,0.01500000
2018-03-01 02:06:46,0.08248800,0.20000000
2018-03-01 02:06:46,0.08248900,0.20000000
2018-03-01 02:06:46,0.08249200,0.07400000
2018-03-01 02:06:47,0.08238100,0.01400000
2018-03-01 02:06:47,0.08238100,0.00100000
2018-03-01 02:06:47,0.08235200,0.01300000
2018-03-01 02:06:47,0.08235200,0.01400000
2018-03-01 02:06:48,0.08238000,0.28200000
2018-03-01 02:06:48,0.08238000,0.08400000
2018-03-01 02:06:48,0.08238000,0.55700000
2018-03-01 02:06:48,0.08235500,0.02700000
2018-03-01 02:06:48,0.08238100,0.09700000
2018-03-01 02:06:48,0.08246900,0.35500000
2018-03-01 02:06:48,0.08247100,0.12500000
2018-03-01 02:06:48,0.08247200,0.47300000
2018-03-01 02:06:49,0.08241600,0.05800000
2018-03-01 02:06:49,0.08241600,0.05400000
2018-03-01 02:06:50,0.08241600,0.61300000
2018-03-01 02:06:50,0.08241600,0.01700000
2018-03-01 02:06:50,0.08241600,0.04200000
2018-03-01 02:06:50,0.08246800,0.09700000
2018-03-01 02:06:50,0.08247000,0.36000000
2018-03-01 02:06:50,0.08247100,0.12000000
2018-03-01 02:06:50,0.08249200,0.26600000
2018-03-01 02:06:50,0.08249200,0.01500000
2018-03-01 02:06:50,0.08241600,0.14200000
2018-03-01 02:06:50,0.08241600,0.04600000
2018-03-01 02:06:51,0.08249200,0.10600000
2018-03-01 02:06:51,0.08241600,0.02000000
2018-03-01 02:06:52,0.08241600,0.19400000
2018-03-01 02:06:52,0.08241600,1.09200000
2018-03-01 02:06:52,0.08240700,0.19300000
2018-03-01 02:06:53,0.08241600,0.01700000
2018-03-01 02:06:53,0.08241600,0.00100000
2018-03-01 02:06:53,0.08238100,0.01500000
2018-03-01 02:06:53,0.08236100,0.05600000
2018-03-01 02:06:54,0.08240000,0.02800000
2018-03-01 02:06:55,0.08240000,0.05900000
2018-03-01 02:06:55,0.08247000,0.20000000
2018-03-01 02:06:55,0.08247000,0.15500000
2018-03-01 02:06:55,0.08247100,0.03200000
2018-03-01 02:06:58,0.08247000,0.04900000
2018-03-01 02:07:00,0.08244600,0.16300000
2018-03-01 02:07:00,0.08240000,0.00700000
2018-03-01 02:07:01,0.08240000,0.01500000
2018-03-01 02:07:01,0.08240000,0.79700000
2018-03-01 02:07:02,0.08247000,0.01500000
2018-03-01 02:07:02,0.08247000,0.20000000
2018-03-01 02:07:05,0.08247000,2.38600000
2018-03-01 02:07:05,0.08247100,0.19100000
2018-03-01 02:07:05,0.08250200,0.06000000
2018-03-01 02:07:05,0.08252000,1.69900000
2018-03-01 02:07:05,0.08253600,0.35800000
2018-03-01 02:07:05,0.08250900,0.89800000
2018-03-01 02:07:05,0.08253600,0.01100000
2018-03-01 02:07:05,0.08253700,0.07000000
2018-03-01 02:07:05,0.08254000,0.75200000
2018-03-01 02:07:05,0.08255300,0.65100000
2018-03-01 02:07:05,0.08250200,0.06000000
2018-03-01 02:07:05,0.08255300,0.07800000
2018-03-01 02:07:05,0.08255800,0.06900000
2018-03-01 02:07:05,0.08255900,0.06900000
2018-03-01 02:07:05,0.08256000,0.40300000
2018-03-01 02:07:05,0.08256700,0.00100000
2018-03-01 02:07:05,0.08256800,0.01500000
2018-03-01 02:07:05,0.08258000,0.10000000
2018-03-01 02:07:05,0.08259400,1.04000000
2018-03-01 02:07:05,0.08259500,0.05600000
2018-03-01 02:07:05,0.08259900,0.06600000
2018-03-01 02:07:05,0.08260700,1.00000000
2018-03-01 02:07:05,0.08260800,0.40000000
2018-03-01 02:07:05,0.08261700,1.31000000
2018-03-01 02:07:05,0.08244200,0.99900000
2018-03-01 02:07:05,0.08244200,0.00100000
2018-03-01 02:07:05,0.08240200,0.62100000
2018-03-01 02:07:05,0.08240200,0.11400000
2018-03-01 02:07:05,0.08240300,0.38000000
2018-03-01 02:07:05,0.08240300,0.45300000
2018-03-01 02:07:05,0.08247700,0.01400000
2018-03-01 02:07:05,0.08247700,0.00100000
2018-03-01 02:07:05,0.08240400,0.01300000
2018-03-01 02:07:05,0.08240500,0.15600000
2018-03-01 02:07:05,0.08250100,0.46700000
2018-03-01 02:07:06,0.08250100,0.80200000
2018-03-01 02:07:06,0.08240600,0.00900000
2018-03-01 02:07:07,0.08250000,0.83200000
2018-03-01 02:07:08,0.08256700,0.01400000
2018-03-01 02:07:09,0.08256500,0.20900000
2018-03-01 02:07:09,0.08256500,0.06000000
2018-03-01 02:07:09,0.08256600,0.87800000
2018-03-01 02:07:09,0.08242000,0.07500000
2018-03-01 02:07:11,0.08256400,0.04200000
2018-03-01 02:07:11,0.08256400,0.13000000
2018-03-01 02:07:11,0.08243800,0.01700000
2018-03-01 02:07:11,0.08242500,0.03000000
2018-03-01 02:07:11,0.08242400,2.20200000
2018-03-01 02:07:11,0.08242300,0.03900000
2018-03-01 02:07:11,0.08242000,0.74400000
2018-03-01 02:07:11,0.08243800,0.18100000
2018-03-01 02:07:12,0.08243800,0.36300000
2018-03-01 02:07:12,0.08243800,1.21300000
2018-03-01 02:07:12,0.08243800,0.65400000
2018-03-01 02:07:12,0.08243800,0.72600000
2018-03-01 02:07:12,0.08243800,1.84600000
2018-03-01 02:07:12,0.08250700,0.36600000
2018-03-01 02:07:12,0.08256300,0.03900000
2018-03-01 02:07:12,0.08256400,0.05700000
2018-03-01 02:07:13,0.08242200,0.03500000
2018-03-01 02:07:13,0.08256200,0.04900000
2018-03-01 02:07:14,0.08242300,0.02500000
2018-03-01 02:07:14,0.08242600,0.14200000
2018-03-01 02:07:15,0.08242700,0.02600000
2018-03-01 02:07:16,0.08255800,0.02000000
2018-03-01 02:07:16,0.08255700,0.08900000
2018-03-01 02:07:16,0.08255800,0.08200000
2018-03-01 02:07:16,0.08255900,0.03000000
2018-03-01 02:07:16,0.08256100,0.03000000
2018-03-01 02:07:16,0.08256700,0.00100000
2018-03-01 02:07:16,0.08258800,0.23800000
2018-03-01 02:07:16,0.08247700,0.01400000
2018-03-01 02:07:16,0.08256100,0.06000000
2018-03-01 02:07:16,0.08259100,0.40500000
2018-03-01 02:07:17,0.08247700,0.36100000
2018-03-01 02:07:17,0.08247700,0.16300000
2018-03-01 02:07:17,0.08247700,0.18900000
2018-03-01 02:07:18,0.08247800,0.20900000
2018-03-01 02:07:18,0.08247800,0.00100000
2018-03-01 02:07:18,0.08247700,0.13100000
2018-03-01 02:07:18,0.08247700,0.20900000
2018-03-01 02:07:18,0.08247800,0.05800000
2018-03-01 02:07:18,0.08247800,0.00200000
2018-03-01 02:07:18,0.08247700,0.14100000
2018-03-01 02:07:18,0.08247800,0.01400000
2018-03-01 02:07:18,0.08247800,0.04500000
2018-03-01 02:07:18,0.08247800,0.02900000
2018-03-01 02:07:18,0.08247800,0.02100000
2018-03-01 02:07:18,0.08247800,0.02300000
2018-03-01 02:07:19,0.08247800,0.34100000
2018-03-01 02:07:19,0.08247800,0.14900000
2018-03-01 02:07:19,0.08247800,0.04500000
2018-03-01 02:07:19,0.08247800,0.15200000
2018-03-01 02:07:19,0.08247800,0.06100000
2018-03-01 02:07:20,0.08247800,1.28200000
2018-03-01 02:07:20,0.08247800,0.03900000
2018-03-01 02:07:20,0.08256000,0.14000000
2018-03-01 02:07:21,0.08247800,0.24000000
2018-03-01 02:07:23,0.08247900,0.34800000
2018-03-01 02:07:23,0.08247900,0.45100000
2018-03-01 02:07:23,0.08247900,0.17600000
2018-03-01 02:07:23,0.08256700,0.01400000
2018-03-01 02:07:23,0.08247900,0.04800000
2018-03-01 02:07:24,0.08247900,0.26500000
2018-03-01 02:07:24,0.08247900,0.23100000
2018-03-01 02:07:24,0.08247800,0.00200000
2018-03-01 02:07:24,0.08247700,0.16600000
2018-03-01 02:07:24,0.08256600,0.21100000
2018-03-01 02:07:24,0.08256600,0.21900000
2018-03-01 02:07:25,0.08247700,0.04900000
2018-03-01 02:07:25,0.08247800,0.03100000
2018-03-01 02:07:25,0.08247800,0.39500000
2018-03-01 02:07:26,0.08256000,0.12100000
2018-03-01 02:07:27,0.08247700,0.29900000
2018-03-01 02:07:27,0.08247700,0.46300000
2018-03-01 02:07:27,0.08247700,0.70000000
2018-03-01 02:07:28,0.08247700,0.10800000
2018-03-01 02:07:28,0.08247700,0.14900000
2018-03-01 02:07:29,0.08247700,0.89900000
2018-03-01 02:07:31,0.08255900,0.04800000
2018-03-01 02:07:31,0.08256500,0.13100000
2018-03-01 02:07:31,0.08247700,0.01300000
2018-03-01 02:07:32,0.08256500,0.36400000
2018-03-01 02:07:32,0.08256400,0.42500000
2018-03-01 02:07:32,0.08247900,0.03900000
2018-03-01 02:07:32,0.08247800,0.07900000
2018-03-01 02:07:32,0.08247900,0.03800000
2018-03-01 02:07:32,0.08247900,0.00100000
2018-03-01 02:07:32,0.08256300,0.03900000
2018-03-01 02:07:32,0.08256400,0.00100000
2018-03-01 02:07:32,0.08256500,0.00100000
2018-03-01 02:07:32,0.08256600,0.13300000
2018-03-01 02:07:33,0.08256600,0.46000000
2018-03-01 02:07:33,0.08247800,0.05600000
2018-03-01 02:07:33,0.08247800,0.00100000
2018-03-01 02:07:33,0.08247700,0.04100000
2018-03-01 02:07:33,0.08255800,0.17500000
2018-03-01 02:07:33,0.08256700,0.00100000
2018-03-01 02:07:33,0.08258500,1.29100000
2018-03-01 02:07:33,0.08258500,0.17400000
2018-03-01 02:07:33,0.08258500,0.06600000
2018-03-01 02:07:33,0.08247900,0.09100000
2018-03-01 02:07:35,0.08247900,1.50200000
2018-03-01 02:07:35,0.08255800,0.03000000
2018-03-01 02:07:35,0.08255900,0.00500000
2018-03-01 02:07:35,0.08255800,0.03000000
2018-03-01 02:07:35,0.08255900,0.00600000
2018-03-01 02:07:36,0.08255800,0.03600000
2018-03-01 02:07:36,0.08247700,0.43800000
2018-03-01 02:07:36,0.08247700,0.00200000
2018-03-01 02:07:36,0.08247700,0.11800000
2018-03-01 02:07:36,0.08247700,0.07600000
2018-03-01 02:07:37,0.08247700,0.14600000
2018-03-01 02:07:38,0.08247700,0.19800000
2018-03-01 02:07:39,0.08247700,0.00100000
2018-03-01 02:07:39,0.08245600,0.23400000
2018-03-01 02:07:39,0.08245600,0.34000000
2018-03-01 02:07:40,0.08247700,0.60600000
2018-03-01 02:07:40,0.08247700,0.46900000
2018-03-01 02:07:40,0.08247700,0.95600000
2018-03-01 02:07:40,0.08255800,0.04900000
2018-03-01 02:07:41,0.08247700,0.60600000
2018-03-01 02:07:42,0.08247700,0.04000000
2018-03-01 02:07:42,0.08247700,0.10000000
2018-03-01 02:07:44,0.08255800,0.20300000
2018-03-01 02:07:44,0.08247700,1.08800000
2018-03-01 02:07:44,0.08255800,0.05000000
2018-03-01 02:07:44,0.08255800,0.02100000
2018-03-01 02:07:44,0.08255900,1.29400000
2018-03-01 02:07:44,0.08255800,0.02900000
2018-03-01 02:07:44,0.08256000,0.20100000
2018-03-01 02:07:44,0.08255800,0.00100000
2018-03-01 02:07:44,0.08247700,0.02800000
2018-03-01 02:07:44,0.08247700,0.03800000
2018-03-01 02:07:45,0.08255800,0.02200000
2018-03-01 02:07:45,0.08255800,0.07700000
2018-03-01 02:07:45,0.08247700,0.02100000
2018-03-01 02:07:45,0.08247700,0.09800000
2018-03-01 02:07:45,0.08247700,0.09600000
2018-03-01 02:07:45,0.08247700,0.03400000
2018-03-01 02:07:45,0.08247700,0.09800000
2018-03-01 02:07:45,0.08247700,0.03500000
2018-03-01 02:07:45,0.08247700,0.01600000
2018-03-01 02:07:45,0.08247700,0.07200000
2018-03-01 02:07:45,0.08247700,0.07600000
2018-03-01 02:07:46,0.08255800,0.02900000
2018-03-01 02:07:47,0.08247800,0.04900000
2018-03-01 02:07:47,0.08255800,0.00100000
2018-03-01 02:07:47,0.08256000,0.00100000
2018-03-01 02:07:47,0.08256400,0.00700000
2018-03-01 02:07:47,0.08256400,0.14000000
2018-03-01 02:07:48,0.08247800,0.24300000
2018-03-01 02:07:48,0.08247800,0.06000000
2018-03-01 02:07:48,0.08247900,0.03200000
2018-03-01 02:07:49,0.08256300,0.07800000
2018-03-01 02:07:50,0.08247700,0.41200000
2018-03-01 02:07:50,0.08246300,0.20000000
2018-03-01 02:07:50,0.08247700,0.02900000
2018-03-01 02:07:50,0.08247700,0.00100000
2018-03-01 02:07:50,0.08246300,0.12300000
2018-03-01 02:07:50,0.08246300,0.08200000
2018-03-01 02:07:50,0.08246200,0.52400000
2018-03-01 02:07:50,0.08255900,0.13700000
2018-03-01 02:07:50,0.08246200,0.21000000
2018-03-01 02:07:50,0.08246000,0.38600000
2018-03-01 02:07:51,0.08255800,0.01700000
2018-03-01 02:07:52,0.08246200,0.72000000
2018-03-01 02:07:52,0.08246200,0.37600000
2018-03-01 02:07:52,0.08246100,0.62400000
2018-03-01 02:07:52,0.08255600,0.09900000
2018-03-01 02:07:53,0.08246200,0.02200000
2018-03-01 02:07:53,0.08255500,0.12200000
2018-03-01 02:07:53,0.08255500,0.38800000
2018-03-01 02:07:53,0.08255500,0.00100000
2018-03-01 02:07:54,0.08246100,0.06000000
2018-03-01 02:07:54,0.08255600,0.24000000
2018-03-01 02:07:54,0.08246300,0.01700000
2018-03-01 02:07:55,0.08255600,0.04900000
2018-03-01 02:07:55,0.08255600,0.19400000
2018-03-01 02:07:55,0.08255500,0.07700000
2018-03-01 02:07:57,0.08255400,0.02900000
2018-03-01 02:07:57,0.08255400,0.00100000
2018-03-01 02:07:57,0.08255500,0.00100000
2018-03-01 02:07:57,0.08255900,0.00800000
2018-03-01 02:07:57,0.08256000,0.03000000
2018-03-01 02:07:57,0.08256400,0.10400000
2018-03-01 02:07:57,0.08255400,0.03000000
2018-03-01 02:07:57,0.08256000,0.03000000
2018-03-01 02:07:57,0.08256500,0.13700000
2018-03-01 02:08:00,0.08253000,0.01500000
2018-03-01 02:08:00,0.08255300,1.09600000
2018-03-01 02:08:00,0.08256200,0.31600000
2018-03-01 02:08:00,0.08256200,1.21000000
2018-03-01 02:08:00,0.08256200,0.01700000
2018-03-01 02:08:00,0.08256200,1.71700000
2018-03-01 02:08:00,0.08256300,0.01600000
2018-03-01 02:08:00,0.08253000,0.15800000
2018-03-01 02:08:01,0.08253000,0.00100000
2018-03-01 02:08:01,0.08247300,0.03400000
2018-03-01 02:08:01,0.08247300,0.03400000
2018-03-01 02:08:01,0.08256300,0.05900000
2018-03-01 02:08:01,0.08256700,0.01500000
2018-03-01 02:08:01,0.08257900,0.03900000
2018-03-01 02:08:01,0.08257900,0.05800000
2018-03-01 02:08:01,0.08257900,0.02800000
2018-03-01 02:08:01,0.08257900,0.04900000
2018-03-01 02:08:02,0.08247800,0.14900000
2018-03-01 02:08:03,0.08248000,0.08800000
2018-03-01 02:08:03,0.08248000,0.26700000
2018-03-01 02:08:05,0.08254900,0.14900000
2018-03-01 02:08:05,0.08255000,0.23200000
2018-03-01 02:08:06,0.08255000,0.12800000
2018-03-01 02:08:06,0.08255500,0.03700000
2018-03-01 02:08:08,0.08248100,0.19400000
2018-03-01 02:08:09,0.08248200,3.17400000
2018-03-01 02:08:09,0.08248200,0.66400000
2018-03-01 02:08:09,0.08248200,0.45200000
2018-03-01 02:08:09,0.08248100,0.21100000
2018-03-01 02:08:14,0.08255300,0.05000000
2018-03-01 02:08:14,0.08248100,0.80200000
2018-03-01 02:08:14,0.08255300,0.09000000
2018-03-01 02:08:14,0.08255300,0.09000000
2018-03-01 02:08:15,0.08255300,0.17400000
2018-03-01 02:08:15,0.08255300,0.00100000
2018-03-01 02:08:15,0.08255400,0.15300000
2018-03-01 02:08:16,0.08248100,0.02600000
2018-03-01 02:08:16,0.08255400,0.69300000
2018-03-01 02:08:16,0.08255400,0.03800000
2018-03-01 02:08:16,0.08255400,0.11500000
2018-03-01 02:08:21,0.08255400,0.00100000
2018-03-01 02:08:21,0.08255500,0.05800000
2018-03-01 02:08:21,0.08255500,0.34100000
2018-03-01 02:08:21,0.08255500,1.26400000
2018-03-01 02:08:21,0.08255500,0.01700000
2018-03-01 02:08:21,0.08255500,2.54800000
2018-03-01 02:08:22,0.08255500,0.29900000
2018-03-01 02:08:22,0.08248200,0.13200000
2018-03-01 02:08:22,0.08248100,0.41500000
2018-03-01 02:08:22,0.08248100,0.44600000
2018-03-01 02:08:22,0.08248100,0.45600000
2018-03-01 02:08:23,0.08248200,0.02500000
2018-03-01 02:08:23,0.08248100,0.20300000
2018-03-01 02:08:24,0.08248100,0.13600000
2018-03-01 02:08:24,0.08248100,0.13700000
2018-03-01 02:08:24,0.08248100,0.02700000
2018-03-01 02:08:24,0.08248100,0.02700000
2018-03-01 02:08:25,0.08248100,0.36300000
2018-03-01 02:08:25,0.08248100,1.37300000
2018-03-01 02:08:26,0.08248100,0.17800000
2018-03-01 02:08:26,0.08248200,3.65400000
2018-03-01 02:08:26,0.08255500,0.00100000
2018-03-01 02:08:26,0.08256300,0.00400000
2018-03-01 02:08:26,0.08256300,0.07400000
2018-03-01 02:08:26,0.08256300,0.04600000
2018-03-01 02:08:26,0.08256300,0.03300000
2018-03-01 02:08:27,0.08256300,0.08000000
2018-03-01 02:08:27,0.08248200,0.29600000
2018-03-01 02:08:27,0.08248100,0.41100000
2018-03-01 02:08:27,0.08247700,0.01500000
2018-03-01 02:08:27,0.08247300,0.49700000
2018-03-01 02:08:28,0.08247300,0.03500000
2018-03-01 02:08:28,0.08247300,0.04200000
2018-03-01 02:08:29,0.08247600,0.01600000
2018-03-01 02:08:30,0.08255300,0.13100000
2018-03-01 02:08:30,0.08255300,0.00100000
2018-03-01 02:08:30,0.08255400,11.83200000
2018-03-01 02:08:30,0.08256300,0.00100000
2018-03-01 02:08:30,0.08256700,0.01500000
2018-03-01 02:08:30,0.08257300,4.13900000
2018-03-01 02:08:30,0.08257400,4.14500000
2018-03-01 02:08:30,0.08247600,0.21800000
2018-03-01 02:08:30,0.08247700,0.01500000
2018-03-01 02:08:30,0.08247600,0.02700000
2018-03-01 02:08:31,0.08256700,0.01500000
2018-03-01 02:08:31,0.08257400,0.04500000
2018-03-01 02:08:32,0.08257400,2.39900000
2018-03-01 02:08:32,0.08257300,0.13300000
2018-03-01 02:08:32,0.08248200,0.00700000
2018-03-01 02:08:32,0.08248200,0.00500000
2018-03-01 02:08:32,0.08248200,0.00500000
2018-03-01 02:08:33,0.08257300,0.13900000
2018-03-01 02:08:33,0.08257300,0.02800000
2018-03-01 02:08:33,0.08257300,0.03100000
2018-03-01 02:08:34,0.08248300,0.60600000
2018-03-01 02:08:35,0.08248400,0.05000000
2018-03-01 02:08:36,0.08257100,0.12300000
2018-03-01 02:08:36,0.08257100,0.30300000
2018-03-01 02:08:36,0.08248500,0.02400000
2018-03-01 02:08:36,0.08257100,0.04800000
2018-03-01 02:08:36,0.08257100,0.13200000
2018-03-01 02:08:36,0.08257300,0.01700000
2018-03-01 02:08:36,0.08257400,0.17600000
2018-03-01 02:08:36,0.08248500,0.13200000
2018-03-01 02:08:37,0.08248600,0.13100000
2018-03-01 02:08:37,0.08248600,0.00100000
2018-03-01 02:08:37,0.08248500,0.04500000
2018-03-01 02:08:37,0.08257000,0.03700000
2018-03-01 02:08:37,0.08248500,0.21400000
2018-03-01 02:08:37,0.08255500,2.24900000
2018-03-01 02:08:37,0.08256900,2.28000000
2018-03-01 02:08:37,0.08248600,0.02500000
2018-03-01 02:08:37,0.08248500,0.00500000
2018-03-01 02:08:37,0.08256900,0.73300000
2018-03-01 02:08:38,0.08248500,0.33500000
2018-03-01 02:08:38,0.08256900,0.13000000
2018-03-01 02:08:38,0.08256900,0.07900000
2018-03-01 02:08:41,0.08248500,0.29700000
2018-03-01 02:08:41,0.08248500,0.06000000
2018-03-01 02:08:41,0.08248300,0.23700000
2018-03-01 02:08:42,0.08247800,0.08000000
2018-03-01 02:08:42,0.08248000,0.03800000
2018-03-01 02:08:43,0.08248300,0.23400000
2018-03-01 02:08:43,0.08248300,0.00100000
2018-03-01 02:08:43,0.08256700,0.03800000
2018-03-01 02:08:43,0.08256700,0.23300000
2018-03-01 02:08:43,0.08256700,0.01500000
2018-03-01 02:08:44,0.08256700,0.01200000
2018-03-01 02:08:44,0.08257000,0.00300000
2018-03-01 02:08:45,0.08248100,0.82700000
2018-03-01 02:08:46,0.08256900,0.60200000
2018-03-01 02:08:47,0.08256900,0.05200000
2018-03-01 02:08:47,0.08248300,0.03800000
2018-03-01 02:08:48,0.08248400,1.21300000
2018-03-01 02:08:48,0.08256900,0.09200000
2018-03-01 02:08:48,0.08256900,0.08000000
2018-03-01 02:08:48,0.08248400,0.07600000
2018-03-01 02:08:48,0.08248300,0.00100000
2018-03-01 02:08:48,0.08248100,0.24300000
2018-03-01 02:08:48,0.08248000,0.00100000
2018-03-01 02:08:48,0.08247800,0.10200000
2018-03-01 02:08:48,0.08247700,0.01500000
2018-03-01 02:08:48,0.08247400,1.55400000
2018-03-01 02:08:49,0.08247400,0.85700000
2018-03-01 02:08:49,0.08247400,1.21300000
2018-03-01 02:08:49,0.08247400,0.20500000
2018-03-01 02:08:49,0.08256500,0.03900000
2018-03-01 02:08:49,0.08256700,0.01500000
2018-03-01 02:08:49,0.08256800,0.03900000
2018-03-01 02:08:49,0.08256900,0.00100000
2018-03-01 02:08:49,0.08257000,0.01000000
2018-03-01 02:08:49,0.08257100,0.13200000
2018-03-01 02:08:49,0.08257200,0.06300000
2018-03-01 02:08:49,0.08248000,0.04900000
2018-03-01 02:08:49,0.08248000,0.32000000
2018-03-01 02:08:50,0.08248200,0.03800000
2018-03-01 02:08:50,0.08256400,0.07500000
2018-03-01 02:08:50,0.08256400,0.89100000
2018-03-01 02:08:51,0.08248300,0.12700000
2018-03-01 02:08:52,0.08256000,0.37000000
2018-03-01 02:08:52,0.08256400,0.32300000
2018-03-01 02:08:52,0.08257200,4.93700000
2018-03-01 02:08:52,0.08257400,0.08000000
2018-03-01 02:08:53,0.08248300,0.01600000
2018-03-01 02:08:53,0.08248300,0.16600000
2018-03-01 02:08:53,0.08248200,0.00100000
2018-03-01 02:08:53,0.08247700,0.01400000
2018-03-01 02:08:54,0.08248600,0.13300000
2018-03-01 02:08:54,0.08248500,0.54400000
2018-03-01 02:08:54,0.08248500,0.13200000
2018-03-01 02:08:54,0.08248500,0.11900000
2018-03-01 02:08:55,0.08248500,0.04900000
2018-03-01 02:08:56,0.08257000,0.02500000
2018-03-01 02:08:56,0.08257000,0.01300000
2018-03-01 02:08:56,0.08256900,0.03500000
2018-03-01 02:08:56,0.08256900,0.18600000
2018-03-01 02:08:57,0.08256900,0.18500000
2018-03-01 02:09:00,0.08254400,0.02400000
2018-03-01 02:09:00,0.08254400,0.13400000
2018-03-01 02:09:00,0.08248700,0.02200000
2018-03-01 02:09:00,0.08248700,0.15700000
2018-03-01 02:09:00,0.08248700,0.10200000
2018-03-01 02:09:01,0.08257000,0.00100000
2018-03-01 02:09:01,0.08257400,1.31300000
2018-03-01 02:09:02,0.08248700,0.05300000
2018-03-01 02:09:02,0.08248700,0.14400000
2018-03-01 02:09:02,0.08248700,0.14400000
2018-03-01 02:09:02,0.08248700,0.14500000
2018-03-01 02:09:03,0.08248700,0.04400000
2018-03-01 02:09:03,0.08248700,0.08600000
2018-03-01 02:09:04,0.08248700,0.40900000
2018-03-01 02:09:04,0.08248700,0.38400000
2018-03-01 02:09:05,0.08248700,0.02600000
2018-03-01 02:09:05,0.08248700,0.00100000
2018-03-01 02:09:05,0.08256600,0.02500000
2018-03-01 02:09:07,0.08248700,0.07700000
2018-03-01 02:09:09,0.08248700,0.03700000
2018-03-01 02:09:10,0.08248700,0.03900000
2018-03-01 02:09:10,0.08248700,0.27300000
2018-03-01 02:09:10,0.08248700,0.80000000
2018-03-01 02:09:10,0.08248700,0.04100000
2018-03-01 02:09:10,0.08248700,0.08600000
2018-03-01 02:09:10,0.08248700,0.11200000
2018-03-01 02:09:10,0.08248400,0.04100000
2018-03-01 02:09:10,0.08248700,0.10000000
2018-03-01 02:09:11,0.08248700,0.08700000
2018-03-01 02:09:12,0.08248700,0.04700000
2018-03-01 02:09:13,0.08248400,0.00100000
2018-03-01 02:09:13,0.08248300,0.02200000
2018-03-01 02:09:14,0.08248300,0.07500000
2018-03-01 02:09:14,0.08248700,0.00200000
2018-03-01 02:09:14,0.08256800,0.03900000
2018-03-01 02:09:14,0.08257100,0.01200000
2018-03-01 02:09:15,0.08248400,0.07500000
2018-03-01 02:09:16,0.08257000,0.04700000
2018-03-01 02:09:16,0.08257000,3.68100000
2018-03-01 02:09:16,0.08257000,0.13100000
2018-03-01 02:09:17,0.08248700,0.02400000
2018-03-01 02:09:18,0.08248700,0.00100000
2018-03-01 02:09:18,0.08248300,0.07000000
2018-03-01 02:09:18,0.08248300,0.69600000
2018-03-01 02:09:18,0.08248300,1.36800000
2018-03-01 02:09:18,0.08248300,0.67000000
2018-03-01 02:09:18,0.08248300,0.32600000
2018-03-01 02:09:18,0.08248300,0.18300000
2018-03-01 02:09:18,0.08248300,0.32600000
2018-03-01 02:09:20,0.08248400,0.30300000
2018-03-01 02:09:20,0.08248400,1.22300000
2018-03-01 02:09:20,0.08248300,0.91100000
2018-03-01 02:09:21,0.08256600,0.14000000
2018-03-01 02:09:23,0.08256600,0.29700000
2018-03-01 02:09:25,0.08248300,0.14500000
2018-03-01 02:09:25,0.08248300,0.14600000
2018-03-01 02:09:26,0.08248300,0.10000000
2018-03-01 02:09:29,0.08248300,0.10800000
2018-03-01 02:09:31,0.08248300,0.79000000
2018-03-01 02:09:33,0.08248300,0.00100000
2018-03-01 02:09:33,0.08248300,0.04200000
2018-03-01 02:09:33,0.08247900,0.18000000
2018-03-01 02:09:33,0.08248300,0.02600000
2018-03-01 02:09:34,0.08248300,0.02000000
2018-03-01 02:09:34,0.08248300,0.18100000
2018-03-01 02:09:34,0.08248300,0.12800000
2018-03-01 02:09:37,0.08248300,0.00100000
2018-03-01 02:09:38,0.08248300,0.03400000
2018-03-01 02:09:38,0.08248300,0.00100000
2018-03-01 02:09:38,0.08247700,0.00100000
2018-03-01 02:09:38,0.08247500,0.02800000
2018-03-01 02:09:38,0.08246800,0.57800000
2018-03-01 02:09:39,0.08246600,0.13700000
2018-03-01 02:09:39,0.08246600,0.66500000
2018-03-01 02:09:40,0.08247000,0.11500000
2018-03-01 02:09:41,0.08247900,0.04800000
2018-03-01 02:09:41,0.08256000,0.03000000
2018-03-01 02:09:42,0.08247900,0.17300000
2018-03-01 02:09:42,0.08247900,0.17400000
2018-03-01 02:09:43,0.08247900,0.14700000
2018-03-01 02:09:43,0.08247900,0.02400000
2018-03-01 02:09:43,0.08247900,0.07700000
2018-03-01 02:09:47,0.08247900,0.08000000
2018-03-01 02:09:47,0.08248700,0.09600000
2018-03-01 02:09:47,0.08248700,0.57800000
2018-03-01 02:09:47,0.08248700,0.07500000
2018-03-01 02:09:47,0.08256000,0.08000000
2018-03-01 02:09:47,0.08256100,0.07100000
2018-03-01 02:09:47,0.08247900,0.09900000
2018-03-01 02:09:47,0.08247900,0.05100000
2018-03-01 02:09:47,0.08247900,0.08300000
2018-03-01 02:09:48,0.08247900,0.38200000
2018-03-01 02:09:48,0.08247900,0.38200000
2018-03-01 02:09:49,0.08247900,0.42400000
2018-03-01 02:09:50,0.08247900,0.49800000
2018-03-01 02:09:50,0.08247900,0.89900000
2018-03-01 02:09:51,0.08247900,0.02600000
2018-03-01 02:09:51,0.08247900,0.04900000
2018-03-01 02:09:55,0.08247900,0.27500000
2018-03-01 02:09:56,0.08247900,0.02600000
2018-03-01 02:09:59,0.08247900,0.02800000
2018-03-01 02:09:59,0.08247900,0.09500000
2018-03-01 02:10:00,0.08247900,0.04800000
2018-03-01 02:10:00,0.08247900,0.09500000
2018-03-01 02:10:00,0.08247900,0.10600000
2018-03-01 02:10:01,0.08247900,0.02200000
2018-03-01 02:10:01,0.08250400,0.07000000
2018-03-01 02:10:01,0.08247900,0.02600000
2018-03-01 02:10:01,0.08250400,0.03800000
2018-03-01 02:10:01,0.08250400,0.00500000
2018-03-01 02:10:01,0.08255900,0.03300000
2018-03-01 02:10:03,0.08248700,0.01800000
2018-03-01 02:10:03,0.08248700,0.00100000
2018-03-01 02:10:03,0.08255900,0.01800000
2018-03-01 02:10:04,0.08247900,0.73300000
2018-03-01 02:10:04,0.08247900,0.00100000
2018-03-01 02:10:04,0.08245500,2.39300000
2018-03-01 02:10:04,0.08245500,0.66500000
2018-03-01 02:10:04,0.08255900,0.74000000
2018-03-01 02:10:04,0.08256100,0.46800000
2018-03-01 02:10:04,0.08245500,0.49100000
2018-03-01 02:10:05,0.08247900,0.04400000
2018-03-01 02:10:05,0.08256100,1.08300000
2018-03-01 02:10:05,0.08247900,0.03500000
2018-03-01 02:10:05,0.08247900,0.16600000
2018-03-01 02:10:05,0.08246000,0.36000000
2018-03-01 02:10:05,0.08245600,0.21100000
2018-03-01 02:10:06,0.08245700,0.21000000
2018-03-01 02:10:06,0.08245600,2.35900000
2018-03-01 02:10:06,0.08245700,0.06000000
2018-03-01 02:10:06,0.08245600,0.34000000
2018-03-01 02:10:07,0.08255900,0.14400000
2018-03-01 02:10:07,0.08245700,0.04000000
2018-03-01 02:10:08,0.08245800,0.03800000
2018-03-01 02:10:08,0.08255800,0.14400000
2018-03-01 02:10:09,0.08255700,0.10300000
2018-03-01 02:10:09,0.08255700,0.32300000
2018-03-01 02:10:09,0.08256600,0.21500000
2018-03-01 02:10:09,0.08248000,0.50000000
2018-03-01 02:10:09,0.08256000,0.05200000
2018-03-01 02:10:10,0.08256000,0.24500000
2018-03-01 02:10:10,0.08256000,0.05700000
2018-03-01 02:10:10,0.08256000,0.00600000
2018-03-01 02:10:10,0.08256600,0.05500000
2018-03-01 02:10:10,0.08256600,0.02700000
2018-03-01 02:10:10,0.08256700,0.00800000
2018-03-01 02:10:10,0.08256700,0.00700000
2018-03-01 02:10:10,0.08257000,0.01200000
2018-03-01 02:10:10,0.08255900,0.07800000
2018-03-01 02:10:10,0.08248000,0.18600000
2018-03-01 02:10:10,0.08255900,0.03600000
2018-03-01 02:10:10,0.08248000,0.28500000
2018-03-01 02:10:11,0.08255900,0.03800000
2018-03-01 02:10:11,0.08248000,0.18600000
2018-03-01 02:10:11,0.08248000,0.04000000
2018-03-01 02:10:13,0.08255500,0.13400000
2018-03-01 02:10:14,0.08255400,0.29700000
2018-03-01 02:10:14,0.08255400,4.80200000
2018-03-01 02:10:15,0.08255300,0.06000000
2018-03-01 02:10:15,0.08255300,0.03300000
2018-03-01 02:10:15,0.08248300,0.14900000
2018-03-01 02:10:16,0.08255300,0.22200000
2018-03-01 02:10:16,0.08255300,0.01700000
2018-03-01 02:10:16,0.08255300,1.32200000
2018-03-01 02:10:18,0.08255300,3.33600000
2018-03-01 02:10:18,0.08255500,0.84600000
2018-03-01 02:10:18,0.08255900,1.52400000
2018-03-01 02:10:18,0.08248300,0.00300000
2018-03-01 02:10:18,0.08247900,0.63900000
2018-03-01 02:10:18,0.08247900,0.27700000
2018-03-01 02:10:18,0.08247900,0.56300000
2018-03-01 02:10:18,0.08255900,0.05700000
2018-03-01 02:10:18,0.08255300,0.03600000
2018-03-01 02:10:18,0.08253300,0.04000000
2018-03-01 02:10:18,0.08253800,0.00400000
2018-03-01 02:10:18,0.08255900,0.04700000
2018-03-01 02:10:19,0.08255900,0.11500000
2018-03-01 02:10:19,0.08247900,0.47400000
2018-03-01 02:10:20,0.08255800,0.01900000
2018-03-01 02:10:20,0.08255800,0.08100000
2018-03-01 02:10:20,0.08255900,0.04400000
2018-03-01 02:10:20,0.08255900,0.10700000
2018-03-01 02:10:21,0.08247900,1.45600000
2018-03-01 02:10:23,0.08255800,0.05900000
2018-03-01 02:10:23,0.08247900,0.59000000
2018-03-01 02:10:23,0.08255800,0.01600000
2018-03-01 02:10:24,0.08255800,0.04400000
2018-03-01 02:10:25,0.08255400,0.07800000
2018-03-01 02:10:25,0.08247900,0.03900000
2018-03-01 02:10:26,0.08247900,0.02400000
2018-03-01 02:10:27,0.08255400,0.00100000
2018-03-01 02:10:27,0.08255900,0.21000000
2018-03-01 02:10:27,0.08255900,1.21000000
2018-03-01 02:10:27,0.08255900,1.30100000
2018-03-01 02:10:27,0.08247900,0.01100000
2018-03-01 02:10:27,0.08255900,0.04400000
2018-03-01 02:10:27,0.08255900,0.12700000
2018-03-01 02:10:27,0.08247900,0.87500000
2018-03-01 02:10:27,0.08255900,0.06100000
2018-03-01 02:10:27,0.08247900,0.18300000
2018-03-01 02:10:29,0.08247900,0.10300000
2018-03-01 02:10:29,0.08247900,0.10900000
2018-03-01 02:10:29,0.08247900,0.34000000
2018-03-01 02:10:29,0.08247700,0.01000000
2018-03-01 02:10:30,0.08247700,0.00500000
2018-03-01 02:10:30,0.08246100,3.98700000
2018-03-01 02:10:30,0.08246000,0.27400000
2018-03-01 02:10:30,0.08245600,0.10800000
2018-03-01 02:10:30,0.08245500,0.06000000
2018-03-01 02:10:30,0.08245400,0.12300000
2018-03-01 02:10:30,0.08245100,0.38800000
2018-03-01 02:10:30,0.08245500,0.06000000
2018-03-01 02:10:30,0.08245100,0.46900000
2018-03-01 02:10:30,0.08245000,0.92600000
2018-03-01 02:10:31,0.08245500,0.06000000
2018-03-01 02:10:32,0.08255700,0.01800000
2018-03-01 02:10:37,0.08255100,0.15500000
2018-03-01 02:10:37,0.08247900,0.35000000
2018-03-01 02:10:37,0.08247900,0.22800000
2018-03-01 02:10:38,0.08255000,0.03800000
2018-03-01 02:10:38,0.08255000,0.74600000
2018-03-01 02:10:38,0.08255000,0.18500000
2018-03-01 02:10:38,0.08254900,0.05900000
2018-03-01 02:10:39,0.08254900,0.03000000
2018-03-01 02:10:39,0.08248000,0.03900000
2018-03-01 02:10:39,0.08248000,0.04600000
2018-03-01 02:10:39,0.08248000,0.06400000
2018-03-01 02:10:40,0.08254200,0.26700000
2018-03-01 02:10:41,0.08247900,0.00100000
2018-03-01 02:10:41,0.08246200,0.01500000
2018-03-01 02:10:42,0.08246200,0.19900000
2018-03-01 02:10:42,0.08246200,0.27700000
2018-03-01 02:10:42,0.08246200,0.05800000
2018-03-01 02:10:45,0.08254000,0.12100000
2018-03-01 02:10:45,0.08246200,4.45100000
2018-03-01 02:10:46,0.08244300,0.49000000
2018-03-01 02:10:46,0.08244400,0.16500000
2018-03-01 02:10:48,0.08253700,0.27900000
2018-03-01 02:10:48,0.08253700,0.06000000
2018-03-01 02:10:49,0.08244200,0.04000000
2018-03-01 02:10:49,0.08253000,0.75300000
2018-03-01 02:10:50,0.08252100,0.00800000
2018-03-01 02:10:51,0.08244500,0.03800000
2018-03-01 02:10:51,0.08252100,0.03400000
2018-03-01 02:10:51,0.08252100,0.00100000
2018-03-01 02:10:51,0.08252900,0.01600000
2018-03-01 02:10:51,0.08252900,0.06000000
2018-03-01 02:10:51,0.08244500,0.00100000
2018-03-01 02:10:51,0.08244200,0.04000000
2018-03-01 02:10:51,0.08244200,0.66300000
2018-03-01 02:10:51,0.08244200,0.00100000
2018-03-01 02:10:51,0.08244500,0.09600000
2018-03-01 02:10:51,0.08252800,0.03900000
2018-03-01 02:10:51,0.08252900,0.03200000
2018-03-01 02:10:52,0.08244100,0.18100000
2018-03-01 02:10:52,0.08252800,0.05900000
2018-03-01 02:10:52,0.08244200,0.36300000
2018-03-01 02:10:53,0.08252700,0.06000000
2018-03-01 02:10:53,0.08252800,1.18700000
2018-03-01 02:10:53,0.08252900,0.67100000
2018-03-01 02:10:53,0.08252900,1.91000000
2018-03-01 02:10:54,0.08244100,0.00100000
2018-03-01 02:10:54,0.08243700,0.00600000
2018-03-01 02:10:54,0.08243700,0.03200000
2018-03-01 02:10:54,0.08252700,0.02500000
2018-03-01 02:10:54,0.08243700,0.03600000
2018-03-01 02:10:55,0.08243900,0.03800000
2018-03-01 02:10:55,0.08252700,0.03400000
2018-03-01 02:10:56,0.08252600,0.33700000
2018-03-01 02:10:56,0.08244000,0.05800000
2018-03-01 02:10:57,0.08244000,0.27700000
2018-03-01 02:10:58,0.08244100,0.02400000
2018-03-01 02:10:58,0.08252600,0.03000000
2018-03-01 02:10:58,0.08244100,0.13600000
2018-03-01 02:10:58,0.08244100,0.16900000
2018-03-01 02:10:58,0.08252500,0.33500000
2018-03-01 02:10:58,0.08252900,1.33100000
2018-03-01 02:10:58,0.08253000,0.17200000
2018-03-01 02:10:58,0.08253400,0.03000000
2018-03-01 02:10:58,0.08253700,0.61800000
2018-03-01 02:10:58,0.08255700,0.08800000
2018-03-01 02:10:58,0.08256000,1.27400000
2018-03-01 02:10:58,0.08256700,0.01500000
2018-03-01 02:10:58,0.08257100,0.12100000
2018-03-01 02:10:58,0.08258700,0.04400000
2018-03-01 02:10:58,0.08260500,0.40000000
2018-03-01 02:10:58,0.08260800,1.29000000
2018-03-01 02:10:58,0.08261800,0.16300000
2018-03-01 02:10:58,0.08262500,0.17500000
2018-03-01 02:10:58,0.08262500,0.02500000
2018-03-01 02:10:58,0.08263800,0.05300000
2018-03-01 02:10:58,0.08265000,0.01500000
2018-03-01 02:10:58,0.08265200,0.24100000
2018-03-01 02:10:58,0.08258700,1.49300000
2018-03-01 02:10:58,0.08258700,0.61800000
2018-03-01 02:10:58,0.08258700,1.49300000
2018-03-01 02:10:58,0.08258700,0.10000000
2018-03-01 02:10:58,0.08258700,0.03500000
2018-03-01 02:10:58,0.08258700,0.25800000
2018-03-01 02:10:58,0.08247700,0.01500000
2018-03-01 02:10:58,0.08244100,0.24300000
2018-03-01 02:10:58,0.08244100,0.14600000
2018-03-01 02:10:58,0.08244100,0.02500000
2018-03-01 02:10:58,0.08244100,0.11100000
2018-03-01 02:10:59,0.08247900,0.08200000
2018-03-01 02:10:59,0.08248000,0.03900000
2018-03-01 02:10:59,0.08247900,0.04600000
2018-03-01 02:10:59,0.08256600,0.41600000
2018-03-01 02:10:59,0.08247900,0.06200000
2018-03-01 02:10:59,0.08248100,1.04200000
2018-03-01 02:10:59,0.08248100,0.09900000
2018-03-01 02:10:59,0.08248100,0.02400000
2018-03-01 02:10:59,0.08248100,0.02900000
2018-03-01 02:10:59,0.08248100,0.34500000
2018-03-01 02:11:00,0.08248100,0.74500000
2018-03-01 02:11:00,0.08248100,0.09000000
2018-03-01 02:11:00,0.08248200,0.06000000
2018-03-01 02:11:00,0.08248100,0.29000000
2018-03-01 02:11:01,0.08252200,0.19200000
2018-03-01 02:11:01,0.08252200,0.30100000
2018-03-01 02:11:01,0.08246700,0.15800000
2018-03-01 02:11:02,0.08252100,0.03800000
2018-03-01 02:11:02,0.08252200,0.07000000
2018-03-01 02:11:03,0.08252200,0.31800000
2018-03-01 02:11:03,0.08248500,0.01400000
2018-03-01 02:11:03,0.08248500,0.00100000
2018-03-01 02:11:03,0.08245100,0.01300000
2018-03-01 02:11:05,0.08252200,0.02200000
2018-03-01 02:11:05,0.08256700,0.01500000
2018-03-01 02:11:05,0.08257900,0.11700000
2018-03-01 02:11:05,0.08245400,0.02000000
2018-03-01 02:11:06,0.08247700,0.01400000
2018-03-01 02:11:07,0.08247700,0.03900000
2018-03-01 02:11:08,0.08247700,0.01600000
2018-03-01 02:11:09,0.08255200,0.98400000
2018-03-01 02:11:10,0.08247700,0.09600000
2018-03-01 02:11:10,0.08245400,0.40400000
2018-03-01 02:11:10,0.08252200,0.14900000
2018-03-01 02:11:10,0.08252200,0.05000000
2018-03-01 02:11:10,0.08252200,0.01500000
2018-03-01 02:11:11,0.08252200,0.33500000
2018-03-01 02:11:11,0.08245400,1.16100000
2018-03-01 02:11:11,0.08252200,0.80100000
2018-03-01 02:11:12,0.08252200,0.98400000
2018-03-01 02:11:12,0.08252200,0.62300000
2018-03-01 02:11:12,0.08252200,0.33400000
2018-03-01 02:11:12,0.08252200,0.29200000
2018-03-01 02:11:12,0.08252200,1.41600000
2018-03-01 02:11:12,0.08252200,0.00100000
2018-03-01 02:11:12,0.08253600,0.04200000
2018-03-01 02:11:13,0.08252100,0.03800000
2018-03-01 02:11:13,0.08252100,0.00100000
2018-03-01 02:11:13,0.08253500,0.03700000
2018-03-01 02:11:13,0.08245500,0.11700000
2018-03-01 02:11:13,0.08253400,0.02300000
2018-03-01 02:11:13,0.08245000,0.26900000
2018-03-01 02:11:13,0.08253400,0.03700000
2018-03-01 02:11:13,0.08253400,0.03000000
2018-03-01 02:11:13,0.08253400,0.03000000
2018-03-01 02:11:14,0.08253400,0.00200000
2018-03-01 02:11:14,0.08244100,0.02700000
2018-03-01 02:11:15,0.08247700,0.04300000
2018-03-01 02:11:15,0.08253400,0.02300000
2018-03-01 02:11:16,0.08253400,1.82000000
2018-03-01 02:11:16,0.08247700,0.00100000
2018-03-01 02:11:16,0.08244100,0.00900000
2018-03-01 02:11:18,0.08244200,0.02400000
2018-03-01 02:11:18,0.08244300,1.09800000
2018-03-01 02:11:18,0.08244200,0.11700000
2018-03-01 02:11:18,0.08244200,0.55800000
2018-03-01 02:11:18,0.08244100,0.02200000
2018-03-01 02:11:18,0.08242100,0.41000000
2018-03-01 02:11:19,0.08244000,0.25100000
2018-03-01 02:11:20,0.08244000,0.10300000
2018-03-01 02:11:20,0.08244000,0.00600000
2018-03-01 02:11:20,0.08242200,0.09700000
2018-03-01 02:11:20,0.08242200,0.02000000
2018-03-01 02:11:20,0.08242100,0.43800000
2018-03-01 02:11:21,0.08246700,0.05700000
2018-03-01 02:11:21,0.08246700,0.00100000
2018-03-01 02:11:21,0.08246700,0.02100000
2018-03-01 02:11:21,0.08242200,0.04300000
2018-03-01 02:11:21,0.08242200,0.04300000
2018-03-01 02:11:21,0.08246700,0.05900000
2018-03-01 02:11:22,0.08247000,0.05800000
2018-03-01 02:11:22,0.08247000,0.05100000
2018-03-01 02:11:22,0.08247000,0.00100000
2018-03-01 02:11:22,0.08252600,0.01600000
2018-03-01 02:11:22,0.08252700,0.03400000
2018-03-01 02:11:22,0.08247000,0.25000000
2018-03-01 02:11:22,0.08242200,0.05900000
2018-03-01 02:11:23,0.08242300,0.01500000
2018-03-01 02:11:23,0.08251100,0.02800000
2018-03-01 02:11:23,0.08250900,0.12100000
2018-03-01 02:11:24,0.08242300,0.00100000
2018-03-01 02:11:24,0.08242100,0.05900000
2018-03-01 02:11:24,0.08242100,0.09100000
2018-03-01 02:11:24,0.08242100,0.02700000
2018-03-01 02:11:25,0.08250900,0.24500000
2018-03-01 02:11:25,0.08250900,0.12300000
2018-03-01 02:11:25,0.08250900,0.02900000
2018-03-01 02:11:26,0.08242200,0.27600000
2018-03-01 02:11:27,0.08242200,0.03600000
2018-03-01 02:11:28,0.08250600,0.43700000
2018-03-01 02:11:29,0.08242100,0.04600000
2018-03-01 02:11:29,0.08250700,0.27500000
2018-03-01 02:11:29,0.08242200,0.36100000
2018-03-01 02:11:29,0.08242100,3.63800000
2018-03-01 02:11:29,0.08242100,0.12600000
2018-03-01 02:11:29,0.08242100,0.12600000
2018-03-01 02:11:30,0.08250300,0.04000000
2018-03-01 02:11:31,0.08250300,0.05000000
2018-03-01 02:11:31,0.08250300,0.03800000
2018-03-01 02:11:31,0.08250600,0.09200000
2018-03-01 02:11:31,0.08250600,0.20600000
2018-03-01 02:11:31,0.08242100,0.04500000
2018-03-01 02:11:31,0.08250600,0.34900000
2018-03-01 02:11:33,0.08242100,0.05800000
2018-03-01 02:11:34,0.08242100,0.78400000
2018-03-01 02:11:34,0.08241500,0.14800000
2018-03-01 02:11:34,0.08241200,0.27900000
2018-03-01 02:11:34,0.08242200,0.03600000
2018-03-01 02:11:34,0.08241200,0.04900000
2018-03-01 02:11:34,0.08241100,0.06000000
2018-03-01 02:11:34,0.08240400,0.84500000
2018-03-01 02:11:34,0.08240400,0.38500000
2018-03-01 02:11:34,0.08240300,1.01500000
2018-03-01 02:11:34,0.08238100,0.01500000
2018-03-01 02:11:34,0.08236200,1.13200000
2018-03-01 02:11:34,0.08235800,0.18300000
2018-03-01 02:11:34,0.08238300,0.06000000
2018-03-01 02:11:34,0.08237800,0.00700000
2018-03-01 02:11:35,0.08247100,0.01400000
2018-03-01 02:11:35,0.08247100,0.00100000
2018-03-01 02:11:35,0.08250200,0.01300000
2018-03-01 02:11:35,0.08250200,0.38200000
2018-03-01 02:11:36,0.08247000,0.03500000
2018-03-01 02:11:36,0.08247000,0.00100000
2018-03-01 02:11:36,0.08250000,0.03400000
2018-03-01 02:11:36,0.08250000,0.03500000
2018-03-01 02:11:36,0.08250000,0.06200000
2018-03-01 02:11:36,0.08238600,0.05800000
2018-03-01 02:11:36,0.08238600,0.00500000
2018-03-01 02:11:37,0.08249800,0.21000000
2018-03-01 02:11:37,0.08249800,0.06100000
2018-03-01 02:11:37,0.08249900,0.08300000
2018-03-01 02:11:38,0.08249600,0.72700000
2018-03-01 02:11:38,0.08242000,0.02700000
2018-03-01 02:11:38,0.08249500,0.01700000
2018-03-01 02:11:39,0.08242100,0.15000000
2018-03-01 02:11:39,0.08242000,0.24700000
2018-03-01 02:11:39,0.08239000,0.03000000
2018-03-01 02:11:39,0.08239000,0.00800000
2018-03-01 02:11:40,0.08247100,1.92300000
2018-03-01 02:11:41,0.08239200,0.60000000
2018-03-01 02:11:41,0.08239100,0.96200000
2018-03-01 02:11:41,0.08239100,0.29800000
2018-03-01 02:11:41,0.08247000,0.05900000
2018-03-01 02:11:42,0.08247000,0.10400000
2018-03-01 02:11:42,0.08238400,0.02300000
2018-03-01 02:11:42,0.08247000,0.86400000
2018-03-01 02:11:43,0.08246900,0.79200000
2018-03-01 02:11:44,0.08238400,0.06100000
2018-03-01 02:11:45,0.08246900,0.10400000
2018-03-01 02:11:47,0.08246900,0.64700000
2018-03-01 02:11:47,0.08247100,3.07600000
2018-03-01 02:11:47,0.08246900,0.02100000
2018-03-01 02:11:47,0.08246900,0.01500000
2018-03-01 02:11:47,0.08238200,0.01900000
2018-03-01 02:11:50,0.08238500,0.97400000
2018-03-01 02:11:50,0.08238400,3.79100000
2018-03-01 02:11:50,0.08238300,0.59800000
2018-03-01 02:11:50,0.08238100,0.01500000
2018-03-01 02:11:50,0.08235900,1.04500000
2018-03-01 02:11:50,0.08235800,0.74400000
2018-03-01 02:11:50,0.08238600,0.03900000
2018-03-01 02:11:50,0.08235800,0.55200000
2018-03-01 02:11:50,0.08234000,0.07600000
2018-03-01 02:11:50,0.08232800,2.21400000
2018-03-01 02:11:50,0.08232700,0.05600000
2018-03-01 02:11:50,0.08232600,0.34600000
2018-03-01 02:11:50,0.08232600,0.67600000
2018-03-01 02:11:50,0.08232600,0.03000000
2018-03-01 02:11:50,0.08232600,0.03000000
2018-03-01 02:11:50,0.08232600,1.16300000
2018-03-01 02:11:50,0.08232600,0.58100000
2018-03-01 02:11:50,0.08232600,0.11600000
2018-03-01 02:11:50,0.08232600,1.28200000
2018-03-01 02:11:50,0.08246900,0.03900000
2018-03-01 02:11:50,0.08247000,3.13900000
2018-03-01 02:11:51,0.08246900,0.04800000
2018-03-01 02:11:51,0.08247000,0.08800000
2018-03-01 02:11:52,0.08247000,0.06000000
2018-03-01 02:11:52,0.08236300,0.08700000
2018-03-01 02:11:52,0.08247000,0.03000000
2018-03-01 02:11:52,0.08247000,0.03000000
2018-03-01 02:11:53,0.08246900,1.21300000
2018-03-01 02:11:53,0.08246900,0.73300000
2018-03-01 02:11:53,0.08247000,0.08700000
2018-03-01 02:11:53,0.08247100,0.01600000
2018-03-01 02:11:53,0.08248900,0.07800000
2018-03-01 02:11:53,0.08238100,0.01400000
2018-03-01 02:11:54,0.08246800,0.01400000
2018-03-01 02:11:54,0.08248800,1.21300000
2018-03-01 02:11:54,0.08248800,3.43100000
2018-03-01 02:11:54,0.08238200,0.03500000
2018-03-01 02:11:55,0.08238300,0.06000000
2018-03-01 02:11:56,0.08238600,0.29300000
2018-03-01 02:11:56,0.08238600,0.29500000
2018-03-01 02:11:56,0.08238700,0.06000000
2018-03-01 02:11:56,0.08238600,0.23400000
2018-03-01 02:11:57,0.08248600,0.85700000
2018-03-01 02:11:57,0.08248700,0.17300000
2018-03-01 02:11:58,0.08248400,1.21300000
2018-03-01 02:11:58,0.08239200,0.02500000
2018-03-01 02:11:58,0.08248400,0.52400000
2018-03-01 02:11:58,0.08248300,0.62400000
2018-03-01 02:11:58,0.08248300,0.15300000
2018-03-01 02:11:58,0.08248300,0.08100000
2018-03-01 02:11:58,0.08248400,0.07100000
2018-03-01 02:11:58,0.08248400,0.15300000
2018-03-01 02:11:59,0.08246800,0.09800000
2018-03-01 02:11:59,0.08239300,0.15500000
2018-03-01 02:11:59,0.08241100,0.01400000
2018-03-01 02:11:59,0.08241100,0.08900000
2018-03-01 02:12:01,0.08246800,0.13200000
2018-03-01 02:12:03,0.08246800,0.03000000
2018-03-01 02:12:03,0.08239300,0.13400000
2018-03-01 02:12:04,0.08239300,0.12300000
2018-03-01 02:12:04,0.08238900,0.03900000
2018-03-01 02:12:04,0.08238100,0.00100000
2018-03-01 02:12:04,0.08237500,0.06000000
2018-03-01 02:12:04,0.08235600,0.00400000
2018-03-01 02:12:04,0.08237500,0.06000000
2018-03-01 02:12:09,0.08237500,0.04200000
2018-03-01 02:12:10,0.08246800,0.05100000
2018-03-01 02:12:10,0.08238000,0.06600000
2018-03-01 02:12:11,0.08246600,0.01300000
2018-03-01 02:12:11,0.08246600,0.01800000
2018-03-01 02:12:12,0.08237600,1.21700000
2018-03-01 02:12:12,0.08246000,0.06000000
2018-03-01 02:12:12,0.08237600,0.31400000
2018-03-01 02:12:12,0.08237600,0.00100000
2018-03-01 02:12:12,0.08237500,0.12300000
2018-03-01 02:12:13,0.08238000,0.18100000
2018-03-01 02:12:14,0.08246000,0.06700000
2018-03-01 02:12:14,0.08246000,0.00300000
2018-03-01 02:12:14,0.08246600,0.01500000
2018-03-01 02:12:15,0.08246500,0.09500000
2018-03-01 02:12:16,0.08246500,1.21200000
2018-03-01 02:12:16,0.08246500,0.22400000
2018-03-01 02:12:16,0.08238000,0.00100000
2018-03-01 02:12:16,0.08237500,0.06700000
2018-03-01 02:12:17,0.08246300,0.08800000
2018-03-01 02:12:17,0.08237500,0.06600000
2018-03-01 02:12:17,0.08237500,0.04200000
2018-03-01 02:12:17,0.08237600,0.36800000
2018-03-01 02:12:17,0.08237600,0.36800000
2018-03-01 02:12:18,0.08246100,0.04900000
2018-03-01 02:12:18,0.08246100,0.00100000
2018-03-01 02:12:18,0.08246300,0.00100000
2018-03-01 02:12:18,0.08246400,0.04600000
2018-03-01 02:12:18,0.08237600,0.07500000
2018-03-01 02:12:19,0.08246300,0.05900000
2018-03-01 02:12:20,0.08237600,0.53400000
2018-03-01 02:12:20,0.08237600,0.07900000
2018-03-01 02:12:20,0.08246100,0.29000000
2018-03-01 02:12:20,0.08246200,0.52100000
2018-03-01 02:12:20,0.08246200,0.14400000
2018-03-01 02:12:20,0.08246200,0.14600000
2018-03-01 02:12:21,0.08237800,0.02100000
2018-03-01 02:12:22,0.08246200,0.00100000
2018-03-01 02:12:22,0.08246400,0.01500000
2018-03-01 02:12:23,0.08246400,0.25200000
2018-03-01 02:12:23,0.08246400,0.54800000
2018-03-01 02:12:23,0.08246400,0.01700000
2018-03-01 02:12:23,0.08246400,0.06600000
2018-03-01 02:12:23,0.08246400,0.01700000
2018-03-01 02:12:24,0.08246300,0.11500000
2018-03-01 02:12:24,0.08237900,0.36300000
2018-03-01 02:12:24,0.08246300,0.06000000
2018-03-01 02:12:24,0.08246300,0.15000000
2018-03-01 02:12:24,0.08237900,0.45000000
2018-03-01 02:12:24,0.08246300,0.28800000
2018-03-01 02:12:24,0.08246400,0.03800000
2018-03-01 02:12:24,0.08237900,0.10900000
