DATE,PRICE,VOLUME
2018-02-24 09:00:01,0.08368500,0.48300000
2018-02-24 09:00:03,0.08368600,0.05500000
2018-02-24 09:00:04,0.08368600,0.18600000
2018-02-24 09:00:04,0.08368600,0.00100000
2018-02-24 09:00:04,0.08368500,3.68200000
2018-02-24 09:00:04,0.08376900,0.08400000
2018-02-24 09:00:05,0.08376800,0.05600000
2018-02-24 09:00:05,0.08368500,0.18000000
2018-02-24 09:00:05,0.08376800,0.18600000
2018-02-24 09:00:05,0.08376900,0.19000000
2018-02-24 09:00:05,0.08377000,2.12400000
2018-02-24 09:00:07,0.08368500,0.15000000
2018-02-24 09:00:09,0.08377000,0.04400000
2018-02-24 09:00:13,0.08376500,0.02900000
2018-02-24 09:00:13,0.08368500,0.03500000
2018-02-24 09:00:15,0.08368500,0.02700000
2018-02-24 09:00:15,0.08368500,0.15300000
2018-02-24 09:00:15,0.08376500,0.01600000
2018-02-24 09:00:16,0.08376500,0.03500000
2018-02-24 09:00:16,0.08376500,0.02100000
2018-02-24 09:00:17,0.08368600,0.27000000
2018-02-24 09:00:18,0.08368600,0.00100000
2018-02-24 09:00:18,0.08376500,0.01100000
2018-02-24 09:00:18,0.08376500,0.06300000
2018-02-24 09:00:18,0.08368500,0.31100000
2018-02-24 09:00:18,0.08376500,0.02400000
2018-02-24 09:00:18,0.08368500,0.29900000
2018-02-24 09:00:19,0.08368500,0.12900000
2018-02-24 09:00:19,0.08368500,0.07800000
2018-02-24 09:00:22,0.08368600,0.95800000
2018-02-24 09:00:22,0.08368600,1.17600000
2018-02-24 09:00:23,0.08376400,0.39900000
2018-02-24 09:00:23,0.08376400,0.02800000
2018-02-24 09:00:25,0.08376400,0.03400000
2018-02-24 09:00:27,0.08368600,0.01100000
2018-02-24 09:00:27,0.08368600,0.03700000
2018-02-24 09:00:27,0.08376300,0.23800000
2018-02-24 09:00:27,0.08376400,3.16200000
2018-02-24 09:00:28,0.08376400,1.19300000
2018-02-24 09:00:28,0.08376300,0.23700000
2018-02-24 09:00:28,0.08376300,0.00100000
2018-02-24 09:00:28,0.08370900,0.09100000
2018-02-24 09:00:28,0.08370900,0.23600000
2018-02-24 09:00:28,0.08370900,0.19100000
2018-02-24 09:00:28,0.08368600,0.00800000
2018-02-24 09:00:28,0.08368600,0.23500000
2018-02-24 09:00:28,0.08368600,0.01400000
2018-02-24 09:00:28,0.08376400,0.71600000
2018-02-24 09:00:28,0.08376400,0.04400000
2018-02-24 09:00:28,0.08376400,0.12300000
2018-02-24 09:00:29,0.08376400,0.02600000
2018-02-24 09:00:30,0.08368600,0.05400000
2018-02-24 09:00:32,0.08376400,0.13100000
2018-02-24 09:00:32,0.08376400,0.23500000
2018-02-24 09:00:32,0.08368600,0.05000000
2018-02-24 09:00:32,0.08376400,0.02100000
2018-02-24 09:00:32,0.08376400,0.04500000
2018-02-24 09:00:33,0.08376500,0.21800000
2018-02-24 09:00:33,0.08376400,0.06900000
2018-02-24 09:00:33,0.08376400,0.00100000
2018-02-24 09:00:33,0.08368700,0.01200000
2018-02-24 09:00:34,0.08376500,0.30500000
2018-02-24 09:00:34,0.08376900,0.05900000
2018-02-24 09:00:34,0.08377000,2.14700000
2018-02-24 09:00:34,0.08369500,0.04000000
2018-02-24 09:00:36,0.08369500,0.34200000
2018-02-24 09:00:38,0.08369600,0.27700000
2018-02-24 09:00:38,0.08369600,0.00100000
2018-02-24 09:00:38,0.08369500,0.00100000
2018-02-24 09:00:38,0.08368600,0.01800000
2018-02-24 09:00:39,0.08377000,0.20000000
2018-02-24 09:00:39,0.08377000,0.70600000
2018-02-24 09:00:39,0.08377000,0.06500000
2018-02-24 09:00:39,0.08368600,0.18400000
2018-02-24 09:00:40,0.08369600,0.04700000
2018-02-24 09:00:40,0.08369600,0.02100000
2018-02-24 09:00:40,0.08377000,0.01400000
2018-02-24 09:00:40,0.08377000,0.06700000
2018-02-24 09:00:40,0.08377000,0.06700000
2018-02-24 09:00:40,0.08368600,0.05100000
2018-02-24 09:00:43,0.08377000,0.04400000
2018-02-24 09:00:43,0.08368600,0.01900000
2018-02-24 09:00:44,0.08368600,0.01900000
2018-02-24 09:00:45,0.08369600,0.01600000
2018-02-24 09:00:45,0.08369600,0.00100000
2018-02-24 09:00:45,0.08377000,0.01500000
2018-02-24 09:00:45,0.08368600,0.01800000
2018-02-24 09:00:45,0.08377000,0.17400000
2018-02-24 09:00:45,0.08368600,0.01500000
2018-02-24 09:00:46,0.08368600,0.01500000
2018-02-24 09:00:48,0.08368600,0.01200000
2018-02-24 09:00:49,0.08368600,0.01200000
2018-02-24 09:00:50,0.08377000,0.59700000
2018-02-24 09:00:52,0.08376400,0.35200000
2018-02-24 09:00:52,0.08376400,0.64800000
2018-02-24 09:00:52,0.08368700,0.24200000
2018-02-24 09:00:52,0.08368600,0.10900000
2018-02-24 09:00:52,0.08368600,0.02600000
2018-02-24 09:00:52,0.08377000,0.01900000
2018-02-24 09:00:52,0.08368600,0.50700000
2018-02-24 09:00:52,0.08368600,0.99900000
2018-02-24 09:00:54,0.08376800,0.40000000
2018-02-24 09:00:55,0.08376800,0.06000000
2018-02-24 09:00:56,0.08369400,0.04000000
2018-02-24 09:00:57,0.08369400,0.00100000
2018-02-24 09:00:57,0.08368700,0.12300000
2018-02-24 09:01:00,0.08368700,0.26000000
2018-02-24 09:01:00,0.08368700,0.01200000
2018-02-24 09:01:00,0.08368700,0.01600000
2018-02-24 09:01:01,0.08368700,0.08400000
2018-02-24 09:01:05,0.08376700,0.16500000
2018-02-24 09:01:07,0.08376800,0.11900000
2018-02-24 09:01:08,0.08376700,0.10900000
2018-02-24 09:01:08,0.08376700,4.98800000
2018-02-24 09:01:09,0.08376700,0.40000000
2018-02-24 09:01:10,0.08376900,0.13400000
2018-02-24 09:01:13,0.08368800,0.16500000
2018-02-24 09:01:13,0.08368700,0.03500000
2018-02-24 09:01:14,0.08376600,0.12700000
2018-02-24 09:01:15,0.08368800,0.07600000
2018-02-24 09:01:19,0.08369900,0.01800000
2018-02-24 09:01:20,0.08369900,0.10500000
2018-02-24 09:01:20,0.08376600,0.01600000
2018-02-24 09:01:21,0.08369900,0.01900000
2018-02-24 09:01:21,0.08369900,0.55800000
2018-02-24 09:01:22,0.08369900,0.03500000
2018-02-24 09:01:23,0.08373300,0.04600000
2018-02-24 09:01:23,0.08376600,0.07000000
2018-02-24 09:01:23,0.08373300,0.00100000
2018-02-24 09:01:23,0.08369900,0.04500000
2018-02-24 09:01:24,0.08369900,0.01500000
2018-02-24 09:01:26,0.08369900,0.04600000
2018-02-24 09:01:28,0.08376600,0.08900000
2018-02-24 09:01:28,0.08376600,0.33000000
2018-02-24 09:01:28,0.08369900,0.00100000
2018-02-24 09:01:29,0.08376600,0.11900000
2018-02-24 09:01:30,0.08369900,0.50000000
2018-02-24 09:01:30,0.08369900,0.20300000
2018-02-24 09:01:30,0.08368700,0.46600000
2018-02-24 09:01:30,0.08368600,0.03400000
2018-02-24 09:01:32,0.08368600,0.03200000
2018-02-24 09:01:32,0.08376600,0.00100000
2018-02-24 09:01:33,0.08376500,0.16000000
2018-02-24 09:01:33,0.08376500,1.91400000
2018-02-24 09:01:38,0.08368600,0.00100000
2018-02-24 09:01:39,0.08368600,0.02000000
2018-02-24 09:01:41,0.08368600,0.16400000
2018-02-24 09:01:46,0.08368700,0.02000000
2018-02-24 09:01:46,0.08368600,0.03300000
2018-02-24 09:01:47,0.08375000,0.05500000
2018-02-24 09:01:47,0.08375000,0.04500000
2018-02-24 09:01:48,0.08368600,0.09900000
2018-02-24 09:01:48,0.08374200,0.04000000
2018-02-24 09:01:52,0.08368600,0.20000000
2018-02-24 09:01:54,0.08368600,0.13000000
2018-02-24 09:01:55,0.08368600,0.59800000
2018-02-24 09:01:55,0.08368600,0.34300000
2018-02-24 09:01:56,0.08368500,1.19300000
2018-02-24 09:01:56,0.08368500,1.11600000
2018-02-24 09:01:56,0.08375000,0.01500000
2018-02-24 09:01:56,0.08375000,0.33900000
2018-02-24 09:01:56,0.08368500,0.59100000
2018-02-24 09:01:57,0.08375000,0.24400000
2018-02-24 09:01:58,0.08375000,0.04100000
2018-02-24 09:01:58,0.08375000,0.03900000
2018-02-24 09:01:58,0.08375000,0.15000000
2018-02-24 09:01:58,0.08368500,0.13100000
2018-02-24 09:01:58,0.08368500,0.07000000
2018-02-24 09:01:58,0.08375000,0.04500000
2018-02-24 09:01:59,0.08368600,0.10000000
2018-02-24 09:01:59,0.08375000,0.12700000
2018-02-24 09:01:59,0.08368500,0.24000000
2018-02-24 09:01:59,0.08368500,0.70400000
2018-02-24 09:02:01,0.08368500,0.17800000
2018-02-24 09:02:01,0.08368500,0.01400000
2018-02-24 09:02:02,0.08368500,0.02900000
2018-02-24 09:02:02,0.08368500,1.12000000
2018-02-24 09:02:02,0.08368200,0.81600000
2018-02-24 09:02:03,0.08368500,0.03900000
2018-02-24 09:02:04,0.08368500,0.25400000
2018-02-24 09:02:04,0.08368500,0.11500000
2018-02-24 09:02:04,0.08368500,0.26500000
2018-02-24 09:02:04,0.08368500,0.00600000
2018-02-24 09:02:04,0.08375000,0.00800000
2018-02-24 09:02:05,0.08368200,0.00100000
2018-02-24 09:02:05,0.08367800,0.11900000
2018-02-24 09:02:05,0.08367700,1.86200000
2018-02-24 09:02:05,0.08367400,0.10900000
2018-02-24 09:02:05,0.08367300,0.07900000
2018-02-24 09:02:06,0.08367300,0.11800000
2018-02-24 09:02:07,0.08367900,0.13900000
2018-02-24 09:02:07,0.08367300,1.05600000
2018-02-24 09:02:07,0.08367300,0.30600000
2018-02-24 09:02:07,0.08375000,0.13600000
2018-02-24 09:02:07,0.08367300,0.20000000
2018-02-24 09:02:08,0.08367300,0.07200000
2018-02-24 09:02:08,0.08367100,0.01700000
2018-02-24 09:02:08,0.08366000,0.26200000
2018-02-24 09:02:08,0.08366000,0.02000000
2018-02-24 09:02:08,0.08366000,0.19900000
2018-02-24 09:02:08,0.08366000,0.03200000
2018-02-24 09:02:08,0.08365900,0.06400000
2018-02-24 09:02:08,0.08366000,0.01100000
2018-02-24 09:02:08,0.08367300,0.16900000
2018-02-24 09:02:09,0.08367300,0.03000000
2018-02-24 09:02:09,0.08366600,0.04700000
2018-02-24 09:02:10,0.08366600,0.04700000
2018-02-24 09:02:10,0.08366000,0.00900000
2018-02-24 09:02:10,0.08365900,0.32200000
2018-02-24 09:02:11,0.08366600,0.04700000
2018-02-24 09:02:11,0.08366000,0.02000000
2018-02-24 09:02:12,0.08366000,0.02000000
2018-02-24 09:02:12,0.08366000,0.02000000
2018-02-24 09:02:12,0.08367300,0.06100000
2018-02-24 09:02:13,0.08367300,0.17600000
2018-02-24 09:02:13,0.08367300,0.06100000
2018-02-24 09:02:13,0.08366000,0.87300000
2018-02-24 09:02:13,0.08367300,0.53100000
2018-02-24 09:02:13,0.08367300,0.07200000
2018-02-24 09:02:13,0.08366000,0.02100000
2018-02-24 09:02:13,0.08367300,1.82300000
2018-02-24 09:02:13,0.08365900,0.27300000
2018-02-24 09:02:14,0.08367300,0.05100000
2018-02-24 09:02:14,0.08366600,0.04700000
2018-02-24 09:02:14,0.08367300,1.19400000
2018-02-24 09:02:14,0.08365900,0.04700000
2018-02-24 09:02:14,0.08367300,0.65400000
2018-02-24 09:02:14,0.08365900,1.30000000
2018-02-24 09:02:14,0.08367300,0.08100000
2018-02-24 09:02:14,0.08365900,0.38800000
2018-02-24 09:02:14,0.08365900,0.00100000
2018-02-24 09:02:14,0.08365900,0.03100000
2018-02-24 09:02:14,0.08367300,0.25700000
2018-02-24 09:02:15,0.08365900,1.55000000
2018-02-24 09:02:15,0.08365900,0.00100000
2018-02-24 09:02:15,0.08365900,0.03700000
2018-02-24 09:02:15,0.08365900,0.03900000
2018-02-24 09:02:15,0.08367300,0.36100000
2018-02-24 09:02:15,0.08365500,0.03500000
2018-02-24 09:02:16,0.08365500,0.30400000
2018-02-24 09:02:17,0.08367300,0.29500000
2018-02-24 09:02:17,0.08366000,0.09400000
2018-02-24 09:02:18,0.08366000,0.02900000
2018-02-24 09:02:18,0.08367300,0.24500000
2018-02-24 09:02:19,0.08367300,0.05500000
2018-02-24 09:02:19,0.08367300,0.38000000
2018-02-24 09:02:19,0.08366000,0.27700000
2018-02-24 09:02:19,0.08365500,0.12300000
2018-02-24 09:02:20,0.08365500,0.12800000
2018-02-24 09:02:24,0.08365500,0.08700000
2018-02-24 09:02:24,0.08367300,0.01900000
2018-02-24 09:02:26,0.08365500,0.20500000
2018-02-24 09:02:26,0.08365500,0.59800000
2018-02-24 09:02:26,0.08365500,0.05000000
2018-02-24 09:02:26,0.08365500,0.00200000
2018-02-24 09:02:26,0.08365500,0.32500000
2018-02-24 09:02:26,0.08365100,0.02900000
2018-02-24 09:02:26,0.08362100,0.22700000
2018-02-24 09:02:26,0.08361900,0.00700000
2018-02-24 09:02:27,0.08367300,0.44500000
2018-02-24 09:02:28,0.08367300,0.12100000
2018-02-24 09:02:28,0.08367300,0.05600000
2018-02-24 09:02:29,0.08367300,0.40000000
2018-02-24 09:02:29,0.08367300,0.40000000
2018-02-24 09:02:30,0.08367300,0.59800000
2018-02-24 09:02:30,0.08361900,0.11900000
2018-02-24 09:02:30,0.08367300,0.07500000
2018-02-24 09:02:30,0.08367300,0.30000000
2018-02-24 09:02:31,0.08367300,0.01500000
2018-02-24 09:02:31,0.08367300,0.62200000
2018-02-24 09:02:31,0.08367300,0.44600000
2018-02-24 09:02:31,0.08367300,0.07500000
2018-02-24 09:02:31,0.08367300,0.46800000
2018-02-24 09:02:33,0.08367300,0.01300000
2018-02-24 09:02:33,0.08361900,0.16100000
2018-02-24 09:02:33,0.08361300,0.39600000
2018-02-24 09:02:33,0.08361200,0.15000000
2018-02-24 09:02:33,0.08360800,0.01900000
2018-02-24 09:02:33,0.08360400,0.14500000
2018-02-24 09:02:33,0.08367300,0.55300000
2018-02-24 09:02:34,0.08360400,0.20300000
2018-02-24 09:02:34,0.08367300,0.11900000
2018-02-24 09:02:34,0.08367300,0.40000000
2018-02-24 09:02:35,0.08360200,0.26200000
2018-02-24 09:02:35,0.08360000,0.30200000
2018-02-24 09:02:35,0.08359900,0.32800000
2018-02-24 09:02:35,0.08358500,1.16200000
2018-02-24 09:02:36,0.08360200,0.08000000
2018-02-24 09:02:36,0.08358600,0.32000000
2018-02-24 09:02:37,0.08367300,0.01600000
2018-02-24 09:02:38,0.08367300,0.12600000
2018-02-24 09:02:38,0.08367300,0.11400000
2018-02-24 09:02:38,0.08358200,0.25600000
2018-02-24 09:02:38,0.08358000,0.02300000
2018-02-24 09:02:39,0.08367300,0.12000000
2018-02-24 09:02:39,0.08374300,0.07900000
2018-02-24 09:02:41,0.08358400,0.09900000
2018-02-24 09:02:41,0.08358000,0.27200000
2018-02-24 09:02:41,0.08357900,0.02000000
2018-02-24 09:02:41,0.08357600,0.03000000
2018-02-24 09:02:41,0.08357100,0.05700000
2018-02-24 09:02:43,0.08358600,0.17900000
2018-02-24 09:02:43,0.08358500,0.02100000
2018-02-24 09:02:44,0.08367200,0.03700000
2018-02-24 09:02:45,0.08358700,0.10000000
2018-02-24 09:02:46,0.08366200,0.04100000
2018-02-24 09:02:48,0.08366200,0.32400000
2018-02-24 09:02:49,0.08365900,0.03400000
2018-02-24 09:02:50,0.08365800,0.04700000
2018-02-24 09:02:50,0.08365700,0.02700000
2018-02-24 09:02:50,0.08365700,0.07200000
2018-02-24 09:02:51,0.08365700,0.01200000
2018-02-24 09:02:51,0.08365700,0.00100000
2018-02-24 09:02:51,0.08357300,0.01100000
2018-02-24 09:02:51,0.08365800,0.13600000
2018-02-24 09:02:53,0.08365800,0.05600000
2018-02-24 09:02:54,0.08365800,0.00100000
2018-02-24 09:02:54,0.08365900,0.00700000
2018-02-24 09:02:54,0.08373500,1.00200000
2018-02-24 09:02:54,0.08358600,0.02300000
2018-02-24 09:02:57,0.08373000,0.04600000
2018-02-24 09:02:58,0.08360700,1.19300000
2018-02-24 09:02:58,0.08360700,0.02500000
2018-02-24 09:02:58,0.08361000,0.34900000
2018-02-24 09:02:58,0.08361000,0.18100000
2018-02-24 09:02:58,0.08360800,0.34900000
2018-02-24 09:02:58,0.08360700,0.02400000
2018-02-24 09:02:58,0.08360200,1.36500000
2018-02-24 09:02:58,0.08359600,0.41300000
2018-02-24 09:02:58,0.08360700,0.02000000
2018-02-24 09:02:58,0.08360700,0.69300000
2018-02-24 09:02:58,0.08360800,0.50000000
2018-02-24 09:02:58,0.08360800,0.59300000
2018-02-24 09:02:58,0.08360800,0.14300000
2018-02-24 09:02:58,0.08359600,0.18100000
2018-02-24 09:02:58,0.08359600,0.00100000
2018-02-24 09:02:58,0.08359400,0.04100000
2018-02-24 09:02:58,0.08358600,0.01600000
2018-02-24 09:02:59,0.08358600,0.03100000
2018-02-24 09:02:59,0.08357800,0.13700000
2018-02-24 09:02:59,0.08357800,0.51700000
2018-02-24 09:02:59,0.08357800,3.89200000
2018-02-24 09:02:59,0.08357800,1.08200000
2018-02-24 09:02:59,0.08357800,1.13700000
2018-02-24 09:02:59,0.08357800,0.50000000
2018-02-24 09:02:59,0.08357800,0.03500000
2018-02-24 09:02:59,0.08357800,0.90000000
2018-02-24 09:03:00,0.08357900,0.24200000
2018-02-24 09:03:00,0.08357800,0.27400000
2018-02-24 09:03:00,0.08357800,0.59400000
2018-02-24 09:03:01,0.08360300,0.03300000
2018-02-24 09:03:01,0.08357800,1.01500000
2018-02-24 09:03:01,0.08356900,0.12800000
2018-02-24 09:03:01,0.08356500,0.01700000
2018-02-24 09:03:01,0.08357400,0.12100000
2018-02-24 09:03:01,0.08356900,0.08600000
2018-02-24 09:03:01,0.08354600,0.11900000
2018-02-24 09:03:01,0.08356900,0.02200000
2018-02-24 09:03:01,0.08356900,0.02000000
2018-02-24 09:03:01,0.08357400,0.00100000
2018-02-24 09:03:01,0.08357500,0.00100000
2018-02-24 09:03:01,0.08360800,0.10500000
2018-02-24 09:03:01,0.08360800,0.04000000
2018-02-24 09:03:01,0.08356400,0.02300000
2018-02-24 09:03:01,0.08356400,0.03800000
2018-02-24 09:03:01,0.08356400,0.03700000
2018-02-24 09:03:01,0.08356400,0.05000000
2018-02-24 09:03:01,0.08354600,0.00100000
2018-02-24 09:03:01,0.08350600,0.06500000
2018-02-24 09:03:01,0.08356400,0.02100000
2018-02-24 09:03:01,0.08356400,0.98300000
2018-02-24 09:03:01,0.08356400,0.00900000
2018-02-24 09:03:01,0.08357000,0.00400000
2018-02-24 09:03:02,0.08350600,0.03900000
2018-02-24 09:03:02,0.08356300,0.52400000
2018-02-24 09:03:02,0.08356300,0.17000000
2018-02-24 09:03:02,0.08356300,0.02900000
2018-02-24 09:03:02,0.08356300,0.52500000
2018-02-24 09:03:02,0.08350700,0.08900000
2018-02-24 09:03:02,0.08356300,3.72900000
2018-02-24 09:03:02,0.08356300,0.05800000
2018-02-24 09:03:02,0.08356300,0.10600000
2018-02-24 09:03:02,0.08350700,1.19700000
2018-02-24 09:03:02,0.08356300,0.02700000
2018-02-24 09:03:02,0.08356300,0.01400000
2018-02-24 09:03:02,0.08350700,2.41500000
2018-02-24 09:03:02,0.08356300,0.08100000
2018-02-24 09:03:02,0.08356300,0.04700000
2018-02-24 09:03:02,0.08356300,0.71400000
2018-02-24 09:03:03,0.08356300,0.05400000
2018-02-24 09:03:03,0.08356300,0.07100000
2018-02-24 09:03:03,0.08356300,0.07100000
2018-02-24 09:03:03,0.08356300,0.07100000
2018-02-24 09:03:03,0.08356300,0.65800000
2018-02-24 09:03:03,0.08357000,0.34700000
2018-02-24 09:03:03,0.08357000,0.17900000
2018-02-24 09:03:03,0.08360800,0.04100000
2018-02-24 09:03:03,0.08356200,0.59200000
2018-02-24 09:03:04,0.08356200,0.21000000
2018-02-24 09:03:04,0.08356200,0.05400000
2018-02-24 09:03:04,0.08356200,0.10000000
2018-02-24 09:03:04,0.08356200,0.62600000
2018-02-24 09:03:06,0.08350800,0.08800000
2018-02-24 09:03:06,0.08356200,0.05000000
2018-02-24 09:03:06,0.08360700,0.05600000
2018-02-24 09:03:06,0.08360700,0.04300000
2018-02-24 09:03:09,0.08360300,0.08700000
2018-02-24 09:03:10,0.08360200,0.05800000
2018-02-24 09:03:14,0.08360200,0.01400000
2018-02-24 09:03:14,0.08360100,0.26200000
2018-02-24 09:03:14,0.08360300,0.00100000
2018-02-24 09:03:15,0.08360000,0.43000000
2018-02-24 09:03:19,0.08356100,0.05900000
2018-02-24 09:03:21,0.08356100,0.10400000
2018-02-24 09:03:22,0.08351400,0.09800000
2018-02-24 09:03:22,0.08350700,0.20800000
2018-02-24 09:03:22,0.08350600,0.37500000
2018-02-24 09:03:22,0.08350100,0.35700000
2018-02-24 09:03:22,0.08350000,0.14400000
2018-02-24 09:03:22,0.08356100,0.07400000
2018-02-24 09:03:22,0.08356100,0.01500000
2018-02-24 09:03:22,0.08359900,0.05900000
2018-02-24 09:03:23,0.08357600,0.02500000
2018-02-24 09:03:23,0.08357600,0.04400000
2018-02-24 09:03:23,0.08357600,0.00100000
2018-02-24 09:03:23,0.08351500,0.02300000
2018-02-24 09:03:24,0.08350800,0.03700000
2018-02-24 09:03:25,0.08350000,0.57200000
2018-02-24 09:03:25,0.08356100,0.01500000
2018-02-24 09:03:25,0.08350000,0.00100000
2018-02-24 09:03:25,0.08349100,0.35600000
2018-02-24 09:03:25,0.08348800,0.00200000
2018-02-24 09:03:26,0.08348700,0.01500000
2018-02-24 09:03:26,0.08348500,0.08400000
2018-02-24 09:03:26,0.08347400,0.10000000
2018-02-24 09:03:26,0.08356000,0.01300000
2018-02-24 09:03:27,0.08347600,0.02200000
2018-02-24 09:03:27,0.08347600,0.00100000
2018-02-24 09:03:29,0.08355600,0.11900000
2018-02-24 09:03:30,0.08347600,0.04700000
2018-02-24 09:03:30,0.08347500,0.02300000
2018-02-24 09:03:31,0.08355500,0.15100000
2018-02-24 09:03:31,0.08347500,0.05300000
2018-02-24 09:03:31,0.08355500,0.10700000
2018-02-24 09:03:32,0.08355200,0.04100000
2018-02-24 09:03:32,0.08355500,0.15000000
2018-02-24 09:03:32,0.08347500,0.02200000
2018-02-24 09:03:32,0.08347400,0.05000000
2018-02-24 09:03:32,0.08355500,0.17100000
2018-02-24 09:03:32,0.08347500,0.06000000
2018-02-24 09:03:32,0.08347500,0.00600000
2018-02-24 09:03:32,0.08355500,0.02400000
2018-02-24 09:03:32,0.08355500,0.01700000
2018-02-24 09:03:32,0.08356100,0.00100000
2018-02-24 09:03:32,0.08356200,0.03700000
2018-02-24 09:03:32,0.08355500,0.02500000
2018-02-24 09:03:32,0.08355500,0.03700000
2018-02-24 09:03:32,0.08355500,0.05900000
2018-02-24 09:03:33,0.08355500,0.00100000
2018-02-24 09:03:34,0.08355500,0.01900000
2018-02-24 09:03:34,0.08347500,0.07200000
2018-02-24 09:03:38,0.08348100,0.52400000
2018-02-24 09:03:40,0.08356300,0.02800000
2018-02-24 09:03:42,0.08356300,0.07000000
2018-02-24 09:03:42,0.08356400,0.20800000
2018-02-24 09:03:43,0.08356300,0.05000000
2018-02-24 09:03:43,0.08356400,0.13600000
2018-02-24 09:03:43,0.08356300,0.18400000
2018-02-24 09:03:43,0.08356300,0.16800000
2018-02-24 09:03:43,0.08356300,0.52800000
2018-02-24 09:03:43,0.08348200,0.01200000
2018-02-24 09:03:43,0.08348200,0.24800000
2018-02-24 09:03:43,0.08348100,0.07100000
2018-02-24 09:03:43,0.08348100,0.13500000
2018-02-24 09:03:43,0.08348200,0.02000000
2018-02-24 09:03:43,0.08348100,0.11500000
2018-02-24 09:03:43,0.08348200,0.02000000
2018-02-24 09:03:43,0.08348100,0.38000000
2018-02-24 09:03:45,0.08348100,0.22800000
2018-02-24 09:03:45,0.08348100,0.17600000
2018-02-24 09:03:46,0.08356300,0.04400000
2018-02-24 09:03:48,0.08348100,0.14600000
2018-02-24 09:03:57,0.08348400,0.04000000
2018-02-24 09:03:57,0.08348400,0.00100000
2018-02-24 09:03:57,0.08347600,0.02000000
2018-02-24 09:03:57,0.08347500,1.02100000
2018-02-24 09:03:59,0.08348400,0.00200000
2018-02-24 09:04:00,0.08347700,0.09900000
2018-02-24 09:04:01,0.08356000,0.24200000
2018-02-24 09:04:03,0.08348900,0.11200000
2018-02-24 09:04:03,0.08355900,0.09500000
2018-02-24 09:04:04,0.08356400,0.33500000
2018-02-24 09:04:04,0.08356800,0.02000000
2018-02-24 09:04:07,0.08356900,0.02000000
2018-02-24 09:04:07,0.08357600,1.49800000
2018-02-24 09:04:07,0.08358400,0.53000000
2018-02-24 09:04:09,0.08348900,0.60700000
2018-02-24 09:04:12,0.08357400,0.13000000
2018-02-24 09:04:13,0.08357000,0.01900000
2018-02-24 09:04:14,0.08357000,0.02200000
2018-02-24 09:04:14,0.08357300,0.02000000
2018-02-24 09:04:14,0.08357400,0.26200000
2018-02-24 09:04:14,0.08349200,0.80000000
2018-02-24 09:04:16,0.08357300,0.03000000
2018-02-24 09:04:18,0.08349300,0.10300000
2018-02-24 09:04:20,0.08355800,0.12300000
2018-02-24 09:04:21,0.08349300,0.05000000
2018-02-24 09:04:22,0.08349300,0.11900000
2018-02-24 09:04:22,0.08355700,0.02000000
2018-02-24 09:04:22,0.08349300,0.06000000
2018-02-24 09:04:22,0.08355700,0.31600000
2018-02-24 09:04:25,0.08355700,0.06300000
2018-02-24 09:04:25,0.08349300,0.10000000
2018-02-24 09:04:26,0.08349300,0.04100000
2018-02-24 09:04:26,0.08355700,0.03400000
2018-02-24 09:04:26,0.08349200,0.38000000
2018-02-24 09:04:26,0.08349200,0.38000000
2018-02-24 09:04:26,0.08349200,0.07900000
2018-02-24 09:04:26,0.08347500,0.07800000
2018-02-24 09:04:26,0.08349200,0.03400000
2018-02-24 09:04:26,0.08349200,0.05000000
2018-02-24 09:04:26,0.08349200,0.10200000
2018-02-24 09:04:27,0.08347500,0.44300000
2018-02-24 09:04:27,0.08349200,0.02200000
2018-02-24 09:04:27,0.08349200,0.05600000
2018-02-24 09:04:27,0.08349200,0.02300000
2018-02-24 09:04:27,0.08349200,0.09400000
2018-02-24 09:04:27,0.08355700,0.02100000
2018-02-24 09:04:27,0.08355700,0.04900000
2018-02-24 09:04:27,0.08355700,0.01000000
2018-02-24 09:04:27,0.08355700,0.02600000
2018-02-24 09:04:28,0.08355600,0.16300000
2018-02-24 09:04:30,0.08347500,0.58000000
2018-02-24 09:04:32,0.08355500,0.02000000
2018-02-24 09:04:33,0.08355400,0.01600000
2018-02-24 09:04:34,0.08348300,0.04100000
2018-02-24 09:04:34,0.08355400,0.11900000
2018-02-24 09:04:34,0.08347500,0.50500000
2018-02-24 09:04:34,0.08347500,0.09100000
2018-02-24 09:04:34,0.08347500,0.03900000
2018-02-24 09:04:35,0.08347500,0.14200000
2018-02-24 09:04:35,0.08347500,0.14400000
2018-02-24 09:04:35,0.08347500,0.08100000
2018-02-24 09:04:36,0.08355100,0.02600000
2018-02-24 09:04:36,0.08355000,0.04100000
2018-02-24 09:04:37,0.08355000,0.01700000
2018-02-24 09:04:37,0.08347400,0.01800000
2018-02-24 09:04:37,0.08347400,0.00100000
2018-02-24 09:04:37,0.08346400,0.01700000
2018-02-24 09:04:37,0.08355000,0.10900000
2018-02-24 09:04:38,0.08346400,0.22800000
2018-02-24 09:04:38,0.08342900,0.11900000
2018-02-24 09:04:39,0.08352300,0.01300000
2018-02-24 09:04:40,0.08343300,0.08000000
2018-02-24 09:04:40,0.08351800,0.02700000
2018-02-24 09:04:40,0.08343300,0.08000000
2018-02-24 09:04:41,0.08343300,0.10600000
2018-02-24 09:04:41,0.08351200,0.09000000
2018-02-24 09:04:41,0.08343300,0.05300000
2018-02-24 09:04:41,0.08343200,0.89300000
2018-02-24 09:04:41,0.08351100,0.03400000
2018-02-24 09:04:42,0.08351100,0.19000000
2018-02-24 09:04:42,0.08351100,0.03700000
2018-02-24 09:04:42,0.08351100,0.00100000
2018-02-24 09:04:42,0.08351700,0.03600000
2018-02-24 09:04:42,0.08351100,0.01900000
2018-02-24 09:04:42,0.08349300,0.08700000
2018-02-24 09:04:43,0.08351000,0.09700000
2018-02-24 09:04:43,0.08351000,0.03100000
2018-02-24 09:04:43,0.08351000,1.32800000
2018-02-24 09:04:44,0.08350200,0.04000000
2018-02-24 09:04:44,0.08350200,0.00100000
2018-02-24 09:04:46,0.08349300,0.00100000
2018-02-24 09:04:46,0.08343300,0.00900000
2018-02-24 09:04:47,0.08343300,0.25300000
2018-02-24 09:04:47,0.08343200,0.02000000
2018-02-24 09:04:47,0.08343300,0.25200000
2018-02-24 09:04:47,0.08343300,0.00100000
2018-02-24 09:04:47,0.08351100,0.00100000
2018-02-24 09:04:47,0.08352200,0.03300000
2018-02-24 09:04:47,0.08352200,0.25200000
2018-02-24 09:04:47,0.08352200,0.09300000
2018-02-24 09:04:47,0.08352200,0.04700000
2018-02-24 09:04:47,0.08352400,0.07000000
2018-02-24 09:04:47,0.08352400,0.04000000
2018-02-24 09:04:47,0.08352400,0.03700000
2018-02-24 09:04:47,0.08352400,0.11700000
2018-02-24 09:04:47,0.08352400,0.25200000
2018-02-24 09:04:47,0.08352400,0.02600000
2018-02-24 09:04:47,0.08352400,0.11900000
2018-02-24 09:04:47,0.08352400,0.00800000
2018-02-24 09:04:47,0.08355000,0.05300000
2018-02-24 09:04:47,0.08355400,0.07100000
2018-02-24 09:04:47,0.08355500,0.04800000
2018-02-24 09:04:47,0.08355500,0.09300000
2018-02-24 09:04:47,0.08355700,0.15900000
2018-02-24 09:04:47,0.08351100,0.02000000
2018-02-24 09:04:47,0.08355700,0.11900000
2018-02-24 09:04:47,0.08349300,0.02300000
2018-02-24 09:04:48,0.08343300,0.10000000
2018-02-24 09:04:48,0.08343300,0.08000000
2018-02-24 09:04:48,0.08343300,0.02000000
2018-02-24 09:04:48,0.08343300,0.05700000
2018-02-24 09:04:49,0.08343200,0.02000000
2018-02-24 09:04:49,0.08343200,0.02000000
2018-02-24 09:04:50,0.08342900,0.02000000
2018-02-24 09:04:50,0.08342900,0.02000000
2018-02-24 09:04:50,0.08342600,0.03900000
2018-02-24 09:04:51,0.08342600,0.19000000
2018-02-24 09:04:51,0.08342600,0.11900000
2018-02-24 09:04:52,0.08342600,0.02100000
2018-02-24 09:04:52,0.08342600,0.11900000
2018-02-24 09:04:53,0.08342200,0.01200000
2018-02-24 09:04:54,0.08342200,0.02100000
2018-02-24 09:04:55,0.08342600,0.03600000
2018-02-24 09:04:56,0.08342600,0.01200000
2018-02-24 09:04:57,0.08349300,0.01800000
2018-02-24 09:04:57,0.08349300,0.00700000
2018-02-24 09:04:57,0.08350300,0.01600000
2018-02-24 09:04:57,0.08349300,0.02000000
2018-02-24 09:04:57,0.08350300,0.05500000
2018-02-24 09:04:57,0.08349300,0.02000000
2018-02-24 09:04:57,0.08350300,0.28000000
2018-02-24 09:04:57,0.08350300,0.01900000
2018-02-24 09:04:57,0.08349300,0.01300000
2018-02-24 09:04:58,0.08342600,0.00800000
2018-02-24 09:04:58,0.08340900,0.07600000
2018-02-24 09:04:58,0.08340500,0.13600000
2018-02-24 09:04:58,0.08340400,0.01500000
2018-02-24 09:04:58,0.08340000,0.89700000
2018-02-24 09:04:58,0.08350400,0.22100000
2018-02-24 09:04:59,0.08340900,0.02000000
2018-02-24 09:04:59,0.08340900,0.20500000
2018-02-24 09:04:59,0.08350400,0.02000000
2018-02-24 09:04:59,0.08350400,0.00100000
2018-02-24 09:04:59,0.08350500,0.01900000
2018-02-24 09:04:59,0.08350500,0.10200000
2018-02-24 09:04:59,0.08350500,0.00200000
2018-02-24 09:04:59,0.08351500,0.02000000
2018-02-24 09:04:59,0.08355000,0.08100000
2018-02-24 09:05:00,0.08350400,0.89200000
2018-02-24 09:05:00,0.08345500,0.98100000
2018-02-24 09:05:01,0.08345500,0.02000000
2018-02-24 09:05:01,0.08345500,0.33100000
2018-02-24 09:05:01,0.08345500,0.59900000
2018-02-24 09:05:01,0.08345500,0.16300000
2018-02-24 09:05:01,0.08345500,0.11900000
2018-02-24 09:05:01,0.08345500,0.71700000
2018-02-24 09:05:01,0.08345500,1.06900000
2018-02-24 09:05:01,0.08345500,0.00100000
2018-02-24 09:05:01,0.08350300,0.02500000
2018-02-24 09:05:01,0.08350300,0.07400000
2018-02-24 09:05:02,0.08341300,0.52700000
2018-02-24 09:05:02,0.08341300,0.65300000
2018-02-24 09:05:03,0.08341300,0.11900000
2018-02-24 09:05:03,0.08341300,0.10100000
2018-02-24 09:05:03,0.08341400,0.02800000
2018-02-24 09:05:04,0.08341400,0.09000000
2018-02-24 09:05:04,0.08350300,0.13000000
2018-02-24 09:05:04,0.08350300,0.39700000
2018-02-24 09:05:04,0.08350400,0.00100000
2018-02-24 09:05:04,0.08351200,0.12600000
2018-02-24 09:05:04,0.08341400,0.00100000
2018-02-24 09:05:04,0.08341300,0.02200000
2018-02-24 09:05:04,0.08351200,0.38800000
2018-02-24 09:05:04,0.08351100,0.19700000
2018-02-24 09:05:04,0.08351100,0.10200000
2018-02-24 09:05:05,0.08341500,0.53100000
2018-02-24 09:05:05,0.08341300,0.26200000
2018-02-24 09:05:05,0.08341500,0.01800000
2018-02-24 09:05:05,0.08351000,0.04700000
2018-02-24 09:05:05,0.08351100,0.13000000
2018-02-24 09:05:05,0.08351000,0.51100000
2018-02-24 09:05:06,0.08350900,0.09700000
2018-02-24 09:05:06,0.08341600,0.09900000
2018-02-24 09:05:06,0.08351000,0.24300000
2018-02-24 09:05:06,0.08341700,0.26200000
2018-02-24 09:05:06,0.08351000,0.13600000
2018-02-24 09:05:06,0.08341700,0.26900000
2018-02-24 09:05:06,0.08341600,0.02000000
2018-02-24 09:05:06,0.08341500,0.02200000
2018-02-24 09:05:06,0.08341300,0.08000000
2018-02-24 09:05:06,0.08341200,0.02000000
2018-02-24 09:05:06,0.08340900,0.02000000
2018-02-24 09:05:06,0.08340500,0.02000000
2018-02-24 09:05:06,0.08340400,0.02000000
2018-02-24 09:05:06,0.08340300,0.00800000
2018-02-24 09:05:07,0.08351000,0.12400000
2018-02-24 09:05:07,0.08351000,0.02700000
2018-02-24 09:05:07,0.08350900,0.12900000
2018-02-24 09:05:08,0.08350900,0.04000000
2018-02-24 09:05:08,0.08350900,0.18200000
2018-02-24 09:05:08,0.08350900,0.25800000
2018-02-24 09:05:08,0.08351000,0.36700000
2018-02-24 09:05:09,0.08350900,0.02000000
2018-02-24 09:05:09,0.08351000,0.39900000
2018-02-24 09:05:09,0.08350900,0.01300000
2018-02-24 09:05:12,0.08342200,0.40000000
2018-02-24 09:05:12,0.08342200,0.00100000
2018-02-24 09:05:12,0.08350800,2.46600000
2018-02-24 09:05:13,0.08350800,2.13900000
2018-02-24 09:05:13,0.08350800,0.11100000
2018-02-24 09:05:13,0.08350800,0.47600000
2018-02-24 09:05:13,0.08350800,0.08800000
2018-02-24 09:05:14,0.08350800,0.02400000
2018-02-24 09:05:14,0.08350800,0.02300000
2018-02-24 09:05:14,0.08350800,0.13100000
2018-02-24 09:05:14,0.08350800,0.09900000
2018-02-24 09:05:14,0.08350800,1.90700000
2018-02-24 09:05:14,0.08350800,0.21800000
2018-02-24 09:05:14,0.08350700,0.01300000
2018-02-24 09:05:15,0.08342400,0.01300000
2018-02-24 09:05:16,0.08350800,0.39500000
2018-02-24 09:05:18,0.08350800,0.00100000
2018-02-24 09:05:18,0.08350500,0.10900000
2018-02-24 09:05:20,0.08342800,0.00700000
2018-02-24 09:05:20,0.08350400,3.58300000
2018-02-24 09:05:21,0.08342800,0.04500000
2018-02-24 09:05:21,0.08342800,0.60000000
2018-02-24 09:05:21,0.08350400,0.00100000
2018-02-24 09:05:21,0.08350500,0.00200000
2018-02-24 09:05:21,0.08350800,0.00500000
2018-02-24 09:05:21,0.08351000,0.03300000
2018-02-24 09:05:21,0.08351000,0.35800000
2018-02-24 09:05:21,0.08351000,0.35800000
2018-02-24 09:05:21,0.08351000,0.02900000
2018-02-24 09:05:22,0.08342800,0.07700000
2018-02-24 09:05:22,0.08350200,0.03400000
2018-02-24 09:05:22,0.08350200,0.00300000
2018-02-24 09:05:22,0.08351000,0.04600000
2018-02-24 09:05:23,0.08351000,0.03400000
2018-02-24 09:05:24,0.08350200,0.03600000
2018-02-24 09:05:24,0.08350200,0.00100000
2018-02-24 09:05:24,0.08351000,0.03300000
2018-02-24 09:05:24,0.08351000,0.10900000
2018-02-24 09:05:24,0.08351100,0.35800000
2018-02-24 09:05:24,0.08351100,0.35000000
2018-02-24 09:05:24,0.08351100,0.12200000
2018-02-24 09:05:24,0.08351100,0.12200000
2018-02-24 09:05:26,0.08351100,0.26300000
2018-02-24 09:05:26,0.08343000,0.01400000
2018-02-24 09:05:26,0.08343000,0.09300000
2018-02-24 09:05:27,0.08351100,0.06700000
2018-02-24 09:05:27,0.08351100,0.08400000
2018-02-24 09:05:29,0.08353300,0.10200000
2018-02-24 09:05:29,0.08343400,0.17000000
2018-02-24 09:05:30,0.08343400,0.40000000
2018-02-24 09:05:30,0.08353600,0.02000000
2018-02-24 09:05:30,0.08354500,0.02900000
2018-02-24 09:05:31,0.08353600,0.02000000
2018-02-24 09:05:31,0.08353600,0.02000000
2018-02-24 09:05:31,0.08353600,0.02000000
2018-02-24 09:05:31,0.08354500,0.06000000
2018-02-24 09:05:31,0.08353600,0.08400000
2018-02-24 09:05:31,0.08353600,0.48400000
2018-02-24 09:05:31,0.08343600,0.08300000
2018-02-24 09:05:31,0.08343600,0.03600000
2018-02-24 09:05:32,0.08353600,0.02000000
2018-02-24 09:05:32,0.08354500,0.15100000
2018-02-24 09:05:32,0.08355500,0.99900000
2018-02-24 09:05:32,0.08355600,0.70400000
2018-02-24 09:05:32,0.08355700,0.42400000
2018-02-24 09:05:35,0.08344300,0.06100000
2018-02-24 09:05:35,0.08344300,0.10000000
2018-02-24 09:05:36,0.08354300,0.16200000
2018-02-24 09:05:36,0.08354300,0.08800000
2018-02-24 09:05:36,0.08354400,0.03100000
2018-02-24 09:05:37,0.08354400,0.52900000
2018-02-24 09:05:38,0.08351100,0.06100000
2018-02-24 09:05:38,0.08351200,0.09900000
2018-02-24 09:05:39,0.08351100,0.16800000
2018-02-24 09:05:41,0.08348300,0.25000000
2018-02-24 09:05:42,0.08348200,0.36900000
2018-02-24 09:05:43,0.08354200,0.02800000
2018-02-24 09:05:44,0.08354200,0.10000000
2018-02-24 09:05:46,0.08344600,0.03000000
2018-02-24 09:05:46,0.08344600,0.33100000
2018-02-24 09:05:46,0.08344500,0.02900000
2018-02-24 09:05:46,0.08354100,0.03800000
2018-02-24 09:05:49,0.08344900,0.02000000
2018-02-24 09:05:49,0.08344600,0.08000000
2018-02-24 09:05:53,0.08344900,0.04000000
2018-02-24 09:05:53,0.08344600,0.06000000
2018-02-24 09:05:56,0.08352200,0.05600000
2018-02-24 09:05:56,0.08352300,0.07600000
2018-02-24 09:05:56,0.08352300,0.05600000
2018-02-24 09:05:56,0.08352300,0.07500000
2018-02-24 09:05:56,0.08352300,1.14500000
2018-02-24 09:05:56,0.08352300,0.14000000
2018-02-24 09:05:56,0.08352400,0.24200000
2018-02-24 09:05:56,0.08352600,0.01800000
2018-02-24 09:05:58,0.08345000,0.72600000
2018-02-24 09:05:58,0.08345000,0.02100000
2018-02-24 09:05:58,0.08344900,0.02000000
2018-02-24 09:05:58,0.08344700,0.02000000
2018-02-24 09:05:58,0.08344700,0.02000000
2018-02-24 09:05:58,0.08344700,0.09900000
2018-02-24 09:05:58,0.08344700,0.02000000
2018-02-24 09:05:58,0.08344700,0.52900000
2018-02-24 09:05:58,0.08353700,0.06700000
2018-02-24 09:05:59,0.08351100,0.02300000
2018-02-24 09:05:59,0.08351100,0.05700000
2018-02-24 09:05:59,0.08351100,0.35200000
2018-02-24 09:05:59,0.08345200,0.02000000
2018-02-24 09:05:59,0.08345100,0.69700000
2018-02-24 09:06:00,0.08351100,0.04900000
2018-02-24 09:06:00,0.08353700,0.03800000
2018-02-24 09:06:00,0.08353800,0.02000000
2018-02-24 09:06:00,0.08354100,0.05500000
2018-02-24 09:06:00,0.08354200,0.03300000
2018-02-24 09:06:00,0.08354300,0.20500000
2018-02-24 09:06:01,0.08354000,0.09200000
2018-02-24 09:06:01,0.08353900,0.01600000
2018-02-24 09:06:04,0.08345700,0.05800000
2018-02-24 09:06:05,0.08353900,0.04100000
2018-02-24 09:06:05,0.08353900,0.04200000
2018-02-24 09:06:05,0.08354000,0.04000000
2018-02-24 09:06:05,0.08345700,0.09200000
2018-02-24 09:06:08,0.08353200,0.03700000
2018-02-24 09:06:08,0.08353200,0.00100000
2018-02-24 09:06:08,0.08354000,0.39900000
2018-02-24 09:06:09,0.08345800,0.11900000
2018-02-24 09:06:09,0.08345700,0.60000000
2018-02-24 09:06:09,0.08345600,0.11900000
2018-02-24 09:06:09,0.08345800,0.02000000
2018-02-24 09:06:09,0.08345600,0.08300000
2018-02-24 09:06:14,0.08353900,0.00500000
2018-02-24 09:06:14,0.08345900,0.00200000
2018-02-24 09:06:14,0.08353900,0.02700000
2018-02-24 09:06:16,0.08353100,0.03600000
2018-02-24 09:06:18,0.08350900,0.01900000
2018-02-24 09:06:18,0.08350900,0.00100000
2018-02-24 09:06:18,0.08353100,0.00100000
2018-02-24 09:06:18,0.08354000,0.01600000
2018-02-24 09:06:19,0.08354000,0.21500000
2018-02-24 09:06:19,0.08346100,0.01200000
2018-02-24 09:06:19,0.08354000,0.05900000
2018-02-24 09:06:19,0.08354000,0.40500000
2018-02-24 09:06:19,0.08354400,0.27500000
2018-02-24 09:06:20,0.08354400,0.19500000
2018-02-24 09:06:20,0.08354300,0.21000000
2018-02-24 09:06:20,0.08354400,0.08900000
2018-02-24 09:06:21,0.08353600,0.03600000
2018-02-24 09:06:22,0.08353500,0.19700000
2018-02-24 09:06:22,0.08353500,0.03100000
2018-02-24 09:06:24,0.08353600,0.00100000
2018-02-24 09:06:24,0.08353600,0.11600000
2018-02-24 09:06:25,0.08353700,0.54900000
2018-02-24 09:06:25,0.08353700,0.38000000
2018-02-24 09:06:26,0.08353700,0.18100000
2018-02-24 09:06:26,0.08353700,0.01300000
2018-02-24 09:06:26,0.08353700,0.06200000
2018-02-24 09:06:26,0.08353700,0.07700000
2018-02-24 09:06:26,0.08353700,0.24200000
2018-02-24 09:06:27,0.08353700,0.38000000
2018-02-24 09:06:27,0.08353700,0.38000000
2018-02-24 09:06:28,0.08353700,0.03500000
2018-02-24 09:06:28,0.08354400,0.03800000
2018-02-24 09:06:28,0.08354400,0.59800000
2018-02-24 09:06:28,0.08354400,0.12500000
2018-02-24 09:06:29,0.08353700,0.27200000
2018-02-24 09:06:29,0.08353700,0.38000000
2018-02-24 09:06:29,0.08353700,0.38000000
2018-02-24 09:06:29,0.08354400,0.59800000
2018-02-24 09:06:30,0.08354400,0.03800000
2018-02-24 09:06:31,0.08353700,0.09900000
2018-02-24 09:06:31,0.08354400,0.21400000
2018-02-24 09:06:31,0.08353700,0.26400000
2018-02-24 09:06:32,0.08353700,0.04500000
2018-02-24 09:06:32,0.08353700,0.00100000
2018-02-24 09:06:32,0.08353600,0.00300000
2018-02-24 09:06:32,0.08353100,0.04600000
2018-02-24 09:06:32,0.08353100,0.16300000
2018-02-24 09:06:32,0.08353100,0.03200000
2018-02-24 09:06:35,0.08354200,0.05600000
2018-02-24 09:06:36,0.08353100,0.00100000
2018-02-24 09:06:36,0.08346600,1.08500000
2018-02-24 09:06:36,0.08346600,0.83000000
2018-02-24 09:06:36,0.08354200,1.12700000
2018-02-24 09:06:36,0.08346700,0.47900000
2018-02-24 09:06:36,0.08354200,0.00100000
2018-02-24 09:06:36,0.08354400,0.00100000
2018-02-24 09:06:36,0.08354500,0.71000000
2018-02-24 09:06:36,0.08355000,0.41500000
2018-02-24 09:06:37,0.08354200,0.14900000
2018-02-24 09:06:37,0.08354200,0.02300000
2018-02-24 09:06:37,0.08354200,0.02900000
2018-02-24 09:06:37,0.08354200,0.07000000
2018-02-24 09:06:37,0.08354200,0.32800000
2018-02-24 09:06:37,0.08346800,0.06900000
2018-02-24 09:06:37,0.08346800,0.39700000
2018-02-24 09:06:37,0.08355000,0.59800000
2018-02-24 09:06:37,0.08355000,0.59900000
2018-02-24 09:06:37,0.08346800,0.37000000
2018-02-24 09:06:38,0.08346800,0.37200000
2018-02-24 09:06:38,0.08346800,0.37200000
2018-02-24 09:06:39,0.08346900,0.04900000
2018-02-24 09:06:41,0.08346900,1.31500000
2018-02-24 09:06:41,0.08346900,0.06000000
2018-02-24 09:06:41,0.08346900,1.27900000
2018-02-24 09:06:42,0.08354200,0.06300000
2018-02-24 09:06:42,0.08354500,0.36600000
2018-02-24 09:06:44,0.08354800,0.02400000
2018-02-24 09:06:45,0.08354500,0.00100000
2018-02-24 09:06:45,0.08347000,0.02600000
2018-02-24 09:06:46,0.08347800,0.03800000
2018-02-24 09:06:46,0.08346500,0.41100000
2018-02-24 09:06:46,0.08354700,0.02000000
2018-02-24 09:06:46,0.08355000,0.02800000
2018-02-24 09:06:46,0.08354700,0.02000000
2018-02-24 09:06:47,0.08354700,0.02000000
2018-02-24 09:06:47,0.08354700,0.10500000
2018-02-24 09:06:47,0.08354700,0.00100000
2018-02-24 09:06:47,0.08346500,0.10500000
2018-02-24 09:06:47,0.08354700,0.01800000
2018-02-24 09:06:47,0.08346600,0.03900000
2018-02-24 09:06:47,0.08346600,0.01900000
2018-02-24 09:06:47,0.08346600,0.01100000
2018-02-24 09:06:48,0.08346600,0.01500000
2018-02-24 09:06:52,0.08354700,0.02100000
2018-02-24 09:06:54,0.08347700,0.03800000
2018-02-24 09:06:55,0.08347500,0.00100000
2018-02-24 09:06:55,0.08347500,0.06000000
2018-02-24 09:06:56,0.08354700,0.02500000
2018-02-24 09:06:56,0.08354700,0.03800000
2018-02-24 09:06:57,0.08354700,0.04900000
2018-02-24 09:06:58,0.08347700,0.60800000
2018-02-24 09:07:01,0.08354900,0.00100000
2018-02-24 09:07:01,0.08354900,0.01800000
2018-02-24 09:07:03,0.08355000,0.12700000
2018-02-24 09:07:03,0.08355000,0.33200000
2018-02-24 09:07:03,0.08355000,0.40000000
2018-02-24 09:07:03,0.08355000,0.33100000
2018-02-24 09:07:03,0.08355000,0.45600000
2018-02-24 09:07:04,0.08355000,0.25100000
2018-02-24 09:07:04,0.08355000,0.01600000
2018-02-24 09:07:04,0.08355000,0.06500000
2018-02-24 09:07:04,0.08347700,0.01500000
2018-02-24 09:07:04,0.08347700,0.01800000
2018-02-24 09:07:04,0.08347700,0.08000000
2018-02-24 09:07:04,0.08355100,0.08100000
2018-02-24 09:07:05,0.08355000,0.02000000
2018-02-24 09:07:05,0.08355100,0.03000000
2018-02-24 09:07:05,0.08347700,0.35000000
2018-02-24 09:07:06,0.08346900,0.03700000
2018-02-24 09:07:06,0.08346900,0.00100000
2018-02-24 09:07:06,0.08347700,0.00100000
2018-02-24 09:07:06,0.08355000,0.03500000
2018-02-24 09:07:06,0.08355000,0.03700000
2018-02-24 09:07:06,0.08355000,0.03700000
2018-02-24 09:07:06,0.08354900,0.00400000
2018-02-24 09:07:08,0.08346500,0.10900000
2018-02-24 09:07:08,0.08346500,0.00100000
2018-02-24 09:07:10,0.08354700,0.40000000
2018-02-24 09:07:10,0.08354700,0.02900000
2018-02-24 09:07:10,0.08354700,0.09900000
2018-02-24 09:07:11,0.08354700,0.72700000
2018-02-24 09:07:11,0.08354700,0.35600000
2018-02-24 09:07:12,0.08346600,0.24200000
2018-02-24 09:07:12,0.08346500,0.11900000
2018-02-24 09:07:12,0.08354700,0.02900000
2018-02-24 09:07:12,0.08354700,0.20000000
2018-02-24 09:07:13,0.08354700,0.55400000
2018-02-24 09:07:13,0.08346500,0.00800000
2018-02-24 09:07:15,0.08354600,0.24200000
2018-02-24 09:07:15,0.08354700,0.35600000
2018-02-24 09:07:16,0.08348200,0.41100000
2018-02-24 09:07:17,0.08353900,0.03800000
2018-02-24 09:07:17,0.08354700,0.36200000
2018-02-24 09:07:18,0.08354700,0.52700000
2018-02-24 09:07:18,0.08354700,0.07500000
2018-02-24 09:07:19,0.08354700,0.05000000
2018-02-24 09:07:20,0.08354700,0.75400000
2018-02-24 09:07:21,0.08354700,0.00100000
2018-02-24 09:07:21,0.08354800,0.15900000
2018-02-24 09:07:22,0.08348200,0.41100000
2018-02-24 09:07:22,0.08348200,0.00100000
2018-02-24 09:07:22,0.08346500,0.21100000
2018-02-24 09:07:23,0.08346600,0.28100000
2018-02-24 09:07:23,0.08346500,0.02000000
2018-02-24 09:07:23,0.08346400,0.24200000
2018-02-24 09:07:23,0.08346300,0.01800000
2018-02-24 09:07:23,0.08346500,0.02000000
2018-02-24 09:07:23,0.08346300,3.70000000
2018-02-24 09:07:23,0.08354800,0.24200000
2018-02-24 09:07:23,0.08354900,0.11500000
2018-02-24 09:07:23,0.08354900,0.35800000
2018-02-24 09:07:23,0.08354900,0.11500000
2018-02-24 09:07:23,0.08354900,0.24300000
2018-02-24 09:07:24,0.08346300,0.02000000
2018-02-24 09:07:24,0.08345800,0.04000000
2018-02-24 09:07:24,0.08345700,0.02000000
2018-02-24 09:07:24,0.08345600,0.02000000
2018-02-24 09:07:24,0.08345800,0.05000000
2018-02-24 09:07:25,0.08348200,0.40000000
2018-02-24 09:07:25,0.08345900,1.92500000
2018-02-24 09:07:25,0.08348200,0.12700000
2018-02-24 09:07:25,0.08348200,0.23500000
2018-02-24 09:07:25,0.08348200,0.03800000
2018-02-24 09:07:25,0.08354100,0.14600000
2018-02-24 09:07:25,0.08354500,0.09900000
2018-02-24 09:07:25,0.08354600,0.11600000
2018-02-24 09:07:25,0.08354600,0.14100000
2018-02-24 09:07:25,0.08345800,0.23100000
2018-02-24 09:07:27,0.08346600,0.03700000
2018-02-24 09:07:28,0.08346600,0.00100000
2018-02-24 09:07:28,0.08345800,0.00100000
2018-02-24 09:07:28,0.08345700,0.01700000
2018-02-24 09:07:29,0.08345700,0.02200000
2018-02-24 09:07:29,0.08345700,0.00100000
2018-02-24 09:07:29,0.08345600,0.02100000
2018-02-24 09:07:29,0.08345600,0.01800000
2018-02-24 09:07:29,0.08353700,0.05100000
2018-02-24 09:07:30,0.08353600,1.19600000
2018-02-24 09:07:30,0.08353600,2.21700000
2018-02-24 09:07:30,0.08353600,0.62700000
2018-02-24 09:07:31,0.08353500,0.19900000
2018-02-24 09:07:31,0.08353500,0.04800000
2018-02-24 09:07:32,0.08352700,0.02100000
2018-02-24 09:07:32,0.08352700,0.01700000
2018-02-24 09:07:32,0.08353600,0.02000000
2018-02-24 09:07:32,0.08345600,0.02000000
2018-02-24 09:07:32,0.08345600,0.00100000
2018-02-24 09:07:32,0.08344400,0.19900000
2018-02-24 09:07:34,0.08344600,0.29900000
2018-02-24 09:07:36,0.08344600,0.02000000
2018-02-24 09:07:36,0.08344400,0.02000000
2018-02-24 09:07:36,0.08344300,0.32100000
2018-02-24 09:07:37,0.08347700,0.53200000
2018-02-24 09:07:38,0.08345600,0.14200000
2018-02-24 09:07:39,0.08346400,0.03700000
2018-02-24 09:07:39,0.08346400,0.00100000
2018-02-24 09:07:39,0.08345600,0.03600000
2018-02-24 09:07:39,0.08345600,0.24100000
2018-02-24 09:07:39,0.08347700,0.00600000
2018-02-24 09:07:39,0.08352600,0.01400000
2018-02-24 09:07:40,0.08345600,0.00100000
2018-02-24 09:07:40,0.08344400,0.01800000
2018-02-24 09:07:42,0.08352400,0.08400000
2018-02-24 09:07:43,0.08352500,0.40300000
2018-02-24 09:07:43,0.08352500,0.03800000
2018-02-24 09:07:47,0.08344500,0.04800000
2018-02-24 09:07:48,0.08352500,0.10000000
2018-02-24 09:07:50,0.08352500,0.17600000
2018-02-24 09:07:50,0.08352800,0.00500000
2018-02-24 09:07:53,0.08344500,0.10200000
2018-02-24 09:07:53,0.08352300,0.13900000
2018-02-24 09:07:54,0.08352300,0.75000000
2018-02-24 09:07:55,0.08344500,0.21600000
2018-02-24 09:07:55,0.08344500,2.01600000
2018-02-24 09:07:55,0.08352100,0.00800000
2018-02-24 09:07:56,0.08352100,0.40000000
2018-02-24 09:07:57,0.08352100,0.12000000
2018-02-24 09:07:57,0.08352100,0.02000000
2018-02-24 09:07:57,0.08352100,0.09700000
2018-02-24 09:07:59,0.08344400,0.02900000
2018-02-24 09:07:59,0.08344400,0.18700000
2018-02-24 09:07:59,0.08344300,0.02800000
2018-02-24 09:07:59,0.08344300,0.05400000
2018-02-24 09:08:00,0.08344400,0.02000000
2018-02-24 09:08:00,0.08344300,0.09000000
2018-02-24 09:08:00,0.08351900,0.05400000
2018-02-24 09:08:00,0.08351900,0.01700000
2018-02-24 09:08:01,0.08351900,0.02800000
2018-02-24 09:08:01,0.08351900,0.19800000
2018-02-24 09:08:02,0.08351800,0.16900000
2018-02-24 09:08:02,0.08351800,0.04700000
2018-02-24 09:08:02,0.08351800,0.02000000
2018-02-24 09:08:03,0.08351800,0.12200000
2018-02-24 09:08:04,0.08351800,0.04000000
2018-02-24 09:08:05,0.08351800,0.01800000
2018-02-24 09:08:05,0.08344400,0.41900000
2018-02-24 09:08:07,0.08344400,0.02100000
2018-02-24 09:08:07,0.08344300,0.07900000
2018-02-24 09:08:08,0.08344300,0.02900000
2018-02-24 09:08:08,0.08342800,0.22600000
2018-02-24 09:08:08,0.08342800,0.02000000
2018-02-24 09:08:08,0.08341600,0.08000000
2018-02-24 09:08:09,0.08344300,0.11900000
2018-02-24 09:08:09,0.08351700,0.06600000
2018-02-24 09:08:09,0.08344300,0.02000000
2018-02-24 09:08:10,0.08344300,0.00100000
2018-02-24 09:08:10,0.08342100,0.16200000
2018-02-24 09:08:10,0.08341600,0.02000000
2018-02-24 09:08:10,0.08341500,0.02000000
2018-02-24 09:08:10,0.08340600,0.18000000
2018-02-24 09:08:10,0.08340000,0.01700000
2018-02-24 09:08:11,0.08342100,0.02000000
2018-02-24 09:08:11,0.08341600,0.34800000
2018-02-24 09:08:11,0.08341500,0.02000000
2018-02-24 09:08:11,0.08340600,0.08000000
2018-02-24 09:08:12,0.08342100,0.02000000
2018-02-24 09:08:13,0.08341900,0.02000000
2018-02-24 09:08:13,0.08341800,0.08000000
2018-02-24 09:08:14,0.08342100,0.02000000
2018-02-24 09:08:14,0.08341900,0.02000000
2018-02-24 09:08:15,0.08342100,0.02000000
2018-02-24 09:08:15,0.08341900,0.02000000
2018-02-24 09:08:15,0.08341800,0.02000000
2018-02-24 09:08:15,0.08341700,0.06600000
2018-02-24 09:08:15,0.08341600,0.01400000
2018-02-24 09:08:16,0.08342100,0.02000000
2018-02-24 09:08:16,0.08348200,0.68800000
2018-02-24 09:08:16,0.08348200,0.13500000
2018-02-24 09:08:16,0.08350700,0.04000000
2018-02-24 09:08:16,0.08350700,0.56000000
2018-02-24 09:08:16,0.08350800,0.17600000
2018-02-24 09:08:16,0.08350900,0.08000000
2018-02-24 09:08:16,0.08341900,0.02000000
2018-02-24 09:08:16,0.08350700,0.06600000
2018-02-24 09:08:16,0.08350800,0.12000000
2018-02-24 09:08:16,0.08350900,0.02000000
2018-02-24 09:08:16,0.08351100,0.06000000
2018-02-24 09:08:16,0.08351400,0.08000000
2018-02-24 09:08:16,0.08351900,0.00500000
2018-02-24 09:08:16,0.08352000,3.60000000
2018-02-24 09:08:16,0.08352100,0.26300000
2018-02-24 09:08:16,0.08352700,0.15300000
2018-02-24 09:08:16,0.08352900,0.35900000
2018-02-24 09:08:16,0.08354900,0.24300000
2018-02-24 09:08:16,0.08355100,0.54000000
2018-02-24 09:08:16,0.08355700,0.19100000
2018-02-24 09:08:16,0.08342100,0.02000000
2018-02-24 09:08:16,0.08342000,0.08000000
2018-02-24 09:08:17,0.08342200,0.19000000
2018-02-24 09:08:17,0.08350700,0.17500000
2018-02-24 09:08:18,0.08342200,0.05800000
2018-02-24 09:08:18,0.08342200,0.02200000
2018-02-24 09:08:18,0.08342100,0.01600000
2018-02-24 09:08:19,0.08342200,0.09900000
2018-02-24 09:08:19,0.08342100,0.00100000
2018-02-24 09:08:20,0.08346400,0.03900000
2018-02-24 09:08:20,0.08342300,0.41200000
2018-02-24 09:08:20,0.08342300,0.10000000
2018-02-24 09:08:21,0.08349100,0.40000000
2018-02-24 09:08:22,0.08342300,0.02000000
2018-02-24 09:08:23,0.08342300,0.01600000
2018-02-24 09:08:23,0.08342300,0.00200000
2018-02-24 09:08:23,0.08349000,0.01500000
2018-02-24 09:08:23,0.08349000,0.01700000
2018-02-24 09:08:23,0.08349000,0.01700000
2018-02-24 09:08:23,0.08349000,0.01700000
2018-02-24 09:08:23,0.08349000,0.06100000
2018-02-24 09:08:23,0.08342200,0.02000000
2018-02-24 09:08:23,0.08342100,0.04300000
2018-02-24 09:08:23,0.08342000,0.01700000
2018-02-24 09:08:24,0.08342200,0.02000000
2018-02-24 09:08:24,0.08342100,0.02000000
2018-02-24 09:08:24,0.08342000,0.02300000
2018-02-24 09:08:24,0.08341900,0.02000000
2018-02-24 09:08:24,0.08341800,0.01700000
2018-02-24 09:08:25,0.08348900,0.23900000
2018-02-24 09:08:26,0.08342200,0.02000000
2018-02-24 09:08:26,0.08342100,0.02000000
2018-02-24 09:08:26,0.08342200,0.01800000
2018-02-24 09:08:27,0.08342200,0.02000000
2018-02-24 09:08:27,0.08348900,0.00300000
2018-02-24 09:08:27,0.08349000,0.00600000
2018-02-24 09:08:27,0.08349100,0.50500000
2018-02-24 09:08:27,0.08342300,0.23800000
2018-02-24 09:08:28,0.08342300,0.02100000
2018-02-24 09:08:28,0.08342200,0.00200000
2018-02-24 09:08:28,0.08342100,0.02000000
2018-02-24 09:08:28,0.08342000,0.02000000
2018-02-24 09:08:28,0.08341900,0.02000000
2018-02-24 09:08:28,0.08341800,0.02300000
2018-02-24 09:08:28,0.08341700,0.01500000
2018-02-24 09:08:29,0.08342200,0.02000000
2018-02-24 09:08:29,0.08342100,0.49000000
2018-02-24 09:08:29,0.08342200,0.02000000
2018-02-24 09:08:29,0.08342100,0.02100000
2018-02-24 09:08:29,0.08342000,0.02000000
2018-02-24 09:08:30,0.08349100,0.00300000
2018-02-24 09:08:30,0.08350500,0.03900000
2018-02-24 09:08:30,0.08350600,0.11900000
2018-02-24 09:08:32,0.08342200,0.02000000
2018-02-24 09:08:32,0.08342100,0.02000000
2018-02-24 09:08:32,0.08342000,0.02000000
2018-02-24 09:08:32,0.08341900,0.02000000
2018-02-24 09:08:32,0.08341800,0.02000000
2018-02-24 09:08:32,0.08341700,0.02500000
2018-02-24 09:08:32,0.08341600,0.01500000
2018-02-24 09:08:32,0.08342200,0.02000000
2018-02-24 09:08:32,0.08341600,0.03200000
2018-02-24 09:08:32,0.08341600,0.02100000
2018-02-24 09:08:33,0.08342200,0.02000000
2018-02-24 09:08:33,0.08342100,0.02000000
2018-02-24 09:08:33,0.08342000,0.02000000
2018-02-24 09:08:33,0.08341900,0.02000000
2018-02-24 09:08:33,0.08341800,0.02000000
2018-02-24 09:08:33,0.08350400,0.02500000
2018-02-24 09:08:33,0.08342200,0.02000000
2018-02-24 09:08:33,0.08342200,0.95700000
2018-02-24 09:08:33,0.08342200,0.23300000
2018-02-24 09:08:33,0.08342200,0.41800000
2018-02-24 09:08:33,0.08342200,0.02000000
2018-02-24 09:08:33,0.08342200,0.08000000
2018-02-24 09:08:34,0.08342200,0.31100000
2018-02-24 09:08:34,0.08342100,0.02000000
2018-02-24 09:08:34,0.08342000,0.01800000
2018-02-24 09:08:34,0.08342200,0.16400000
2018-02-24 09:08:34,0.08342200,0.04100000
2018-02-24 09:08:34,0.08342200,1.19700000
2018-02-24 09:08:34,0.08342200,0.35500000
2018-02-24 09:08:34,0.08350400,0.09500000
2018-02-24 09:08:34,0.08350500,0.03500000
2018-02-24 09:08:34,0.08350700,1.06600000
2018-02-24 09:08:36,0.08342200,0.02000000
2018-02-24 09:08:36,0.08342100,0.02000000
2018-02-24 09:08:36,0.08342000,0.02200000
2018-02-24 09:08:36,0.08341900,0.02000000
2018-02-24 09:08:36,0.08341800,0.01800000
2018-02-24 09:08:36,0.08350600,0.69400000
2018-02-24 09:08:37,0.08342300,0.10000000
2018-02-24 09:08:38,0.08342400,0.20200000
2018-02-24 09:08:38,0.08342400,1.19700000
2018-02-24 09:08:38,0.08342400,1.32000000
2018-02-24 09:08:39,0.08350600,0.63000000
2018-02-24 09:08:39,0.08342400,0.02100000
2018-02-24 09:08:39,0.08342300,0.02000000
2018-02-24 09:08:39,0.08342300,0.01900000
2018-02-24 09:08:39,0.08342300,0.00100000
2018-02-24 09:08:39,0.08342200,0.09900000
2018-02-24 09:08:40,0.08342200,0.16300000
2018-02-24 09:08:40,0.08342100,0.02000000
2018-02-24 09:08:41,0.08342100,0.22000000
2018-02-24 09:08:41,0.08342100,0.14000000
2018-02-24 09:08:41,0.08342100,0.10000000
2018-02-24 09:08:42,0.08342300,0.36200000
2018-02-24 09:08:42,0.08342300,0.03000000
2018-02-24 09:08:42,0.08342300,0.12500000
2018-02-24 09:08:43,0.08342300,0.04000000
2018-02-24 09:08:43,0.08342300,0.02000000
2018-02-24 09:08:44,0.08342300,0.02000000
2018-02-24 09:08:44,0.08342300,0.02000000
2018-02-24 09:08:44,0.08342200,0.08000000
2018-02-24 09:08:45,0.08342300,0.11700000
2018-02-24 09:08:45,0.08342300,0.03800000
2018-02-24 09:08:46,0.08342300,0.02000000
2018-02-24 09:08:46,0.08342200,1.99300000
2018-02-24 09:08:46,0.08342200,0.02000000
2018-02-24 09:08:46,0.08342100,0.58000000
2018-02-24 09:08:46,0.08342100,0.10700000
2018-02-24 09:08:47,0.08350200,1.07200000
2018-02-24 09:08:47,0.08342200,0.02000000
2018-02-24 09:08:47,0.08342100,0.08000000
2018-02-24 09:08:49,0.08342200,0.01900000
2018-02-24 09:08:49,0.08342200,0.00100000
2018-02-24 09:08:49,0.08342100,0.99900000
2018-02-24 09:08:55,0.08342200,0.11900000
2018-02-24 09:08:55,0.08342200,0.03700000
2018-02-24 09:08:55,0.08342200,0.26900000
2018-02-24 09:08:56,0.08342300,1.16300000
2018-02-24 09:08:56,0.08342300,0.00100000
2018-02-24 09:08:56,0.08350600,0.04900000
2018-02-24 09:08:56,0.08350600,0.19300000
2018-02-24 09:08:56,0.08350700,0.21100000
2018-02-24 09:08:56,0.08350700,0.29500000
2018-02-24 09:08:56,0.08350700,0.13000000
2018-02-24 09:08:56,0.08342300,0.02000000
2018-02-24 09:08:56,0.08342200,0.42700000
2018-02-24 09:08:57,0.08342200,0.06700000
2018-02-24 09:08:59,0.08342300,0.42200000
2018-02-24 09:09:02,0.08350700,0.01600000
2018-02-24 09:09:03,0.08342400,0.17900000
2018-02-24 09:09:06,0.08350700,0.21600000
2018-02-24 09:09:08,0.08342400,0.02000000
2018-02-24 09:09:08,0.08342300,0.00200000
2018-02-24 09:09:08,0.08342300,1.61000000
2018-02-24 09:09:08,0.08342300,0.08400000
2018-02-24 09:09:08,0.08342300,0.12400000
2018-02-24 09:09:08,0.08349900,0.08300000
2018-02-24 09:09:08,0.08350000,0.03600000
2018-02-24 09:09:09,0.08350000,0.93800000
2018-02-24 09:09:10,0.08350000,0.00100000
2018-02-24 09:09:10,0.08350600,0.24200000
2018-02-24 09:09:10,0.08350700,0.15700000
2018-02-24 09:09:13,0.08350700,0.16100000
2018-02-24 09:09:13,0.08351500,0.03700000
2018-02-24 09:09:14,0.08355500,0.20000000
2018-02-24 09:09:15,0.08351500,0.00100000
2018-02-24 09:09:15,0.08350000,0.01700000
2018-02-24 09:09:15,0.08355500,0.20000000
2018-02-24 09:09:15,0.08355600,0.16700000
2018-02-24 09:09:16,0.08343200,0.02500000
2018-02-24 09:09:17,0.08355400,0.03600000
2018-02-24 09:09:17,0.08355400,0.05800000
2018-02-24 09:09:17,0.08355400,0.05900000
2018-02-24 09:09:17,0.08355400,0.27600000
2018-02-24 09:09:17,0.08344000,0.04700000
2018-02-24 09:09:17,0.08355400,0.08000000
2018-02-24 09:09:18,0.08344200,0.10300000
2018-02-24 09:09:21,0.08355000,0.07000000
2018-02-24 09:09:21,0.08344900,0.10000000
2018-02-24 09:09:22,0.08355000,0.02000000
2018-02-24 09:09:22,0.08355100,0.10000000
2018-02-24 09:09:22,0.08355300,0.03000000
2018-02-24 09:09:22,0.08355400,0.02000000
2018-02-24 09:09:22,0.08355600,0.83300000
2018-02-24 09:09:22,0.08355700,0.12700000
2018-02-24 09:09:22,0.08355000,0.02000000
2018-02-24 09:09:22,0.08355100,0.10000000
2018-02-24 09:09:22,0.08355300,0.06000000
2018-02-24 09:09:22,0.08355700,0.42500000
2018-02-24 09:09:22,0.08355300,0.03000000
2018-02-24 09:09:22,0.08355600,0.10000000
2018-02-24 09:09:22,0.08355700,2.02600000
2018-02-24 09:09:22,0.08355400,0.02000000
2018-02-24 09:09:22,0.08355700,0.07900000
2018-02-24 09:09:23,0.08355600,0.16400000
2018-02-24 09:09:23,0.08355600,0.02100000
2018-02-24 09:09:23,0.08355700,0.76800000
2018-02-24 09:09:23,0.08355100,0.09900000
2018-02-24 09:09:23,0.08355100,0.00100000
2018-02-24 09:09:23,0.08345600,0.09400000
2018-02-24 09:09:23,0.08345600,0.09900000
2018-02-24 09:09:24,0.08355500,0.09900000
2018-02-24 09:09:25,0.08355400,0.21300000
2018-02-24 09:09:25,0.08355700,1.91700000
2018-02-24 09:09:26,0.08355700,0.07100000
2018-02-24 09:09:30,0.08355500,0.51100000
2018-02-24 09:09:30,0.08355700,3.16000000
2018-02-24 09:09:30,0.08356000,0.33400000
2018-02-24 09:09:31,0.08357100,0.01400000
2018-02-24 09:09:33,0.08357100,0.00100000
2018-02-24 09:09:33,0.08357300,0.00100000
2018-02-24 09:09:33,0.08357300,2.21600000
2018-02-24 09:09:33,0.08347600,0.01000000
2018-02-24 09:09:34,0.08360600,0.05600000
2018-02-24 09:09:34,0.08360800,0.05500000
2018-02-24 09:09:34,0.08362900,0.36200000
2018-02-24 09:09:34,0.08364500,0.15900000
2018-02-24 09:09:34,0.08367300,0.04400000
2018-02-24 09:09:34,0.08367700,0.21300000
2018-02-24 09:09:34,0.08355700,0.46400000
2018-02-24 09:09:34,0.08367700,0.13000000
2018-02-24 09:09:34,0.08355700,0.50500000
2018-02-24 09:09:34,0.08355700,0.03400000
2018-02-24 09:09:34,0.08355700,0.02400000
2018-02-24 09:09:34,0.08356200,0.03400000
2018-02-24 09:09:35,0.08356300,0.02600000
2018-02-24 09:09:35,0.08356300,0.03400000
2018-02-24 09:09:35,0.08356200,1.12600000
2018-02-24 09:09:35,0.08356200,0.03600000
2018-02-24 09:09:35,0.08355700,0.03200000
2018-02-24 09:09:35,0.08356300,0.03000000
2018-02-24 09:09:35,0.08356300,0.03300000
2018-02-24 09:09:35,0.08356300,0.01700000
2018-02-24 09:09:35,0.08356300,0.01000000
2018-02-24 09:09:35,0.08355700,0.01100000
2018-02-24 09:09:35,0.08356400,0.02600000
2018-02-24 09:09:35,0.08356400,0.56300000
2018-02-24 09:09:35,0.08356300,0.06000000
2018-02-24 09:09:35,0.08355700,1.73800000
2018-02-24 09:09:35,0.08356300,0.06000000
2018-02-24 09:09:35,0.08355700,0.56100000
2018-02-24 09:09:35,0.08356500,0.02000000
2018-02-24 09:09:35,0.08356500,0.20700000
2018-02-24 09:09:35,0.08356500,0.01500000
2018-02-24 09:09:35,0.08356300,0.03000000
2018-02-24 09:09:35,0.08356000,0.05500000
2018-02-24 09:09:35,0.08356300,0.03000000
2018-02-24 09:09:35,0.08356000,0.07000000
2018-02-24 09:09:35,0.08356400,0.10000000
2018-02-24 09:09:35,0.08356400,0.03000000
2018-02-24 09:09:35,0.08356400,0.51200000
2018-02-24 09:09:36,0.08356500,0.03000000
2018-02-24 09:09:36,0.08356400,0.08600000
2018-02-24 09:09:36,0.08356500,0.02000000
2018-02-24 09:09:36,0.08356400,1.07600000
2018-02-24 09:09:36,0.08356500,0.04000000
2018-02-24 09:09:36,0.08356500,0.02500000
2018-02-24 09:09:37,0.08356500,1.19500000
2018-02-24 09:09:37,0.08356500,0.14500000
2018-02-24 09:09:37,0.08356600,0.09800000
2018-02-24 09:09:37,0.08365200,0.40000000
2018-02-24 09:09:37,0.08355700,0.06200000
2018-02-24 09:09:38,0.08355300,0.51800000
2018-02-24 09:09:39,0.08349300,0.03700000
2018-02-24 09:09:40,0.08349300,0.02000000
2018-02-24 09:09:41,0.08349300,0.12000000
2018-02-24 09:09:41,0.08353800,0.01300000
2018-02-24 09:09:41,0.08353300,0.01000000
2018-02-24 09:09:42,0.08349300,0.04000000
2018-02-24 09:09:42,0.08349300,0.12000000
2018-02-24 09:09:42,0.08349300,0.06900000
2018-02-24 09:09:43,0.08349300,0.09100000
2018-02-24 09:09:43,0.08352600,0.09700000
2018-02-24 09:09:43,0.08349300,0.12000000
2018-02-24 09:09:43,0.08352100,0.25900000
2018-02-24 09:09:43,0.08349300,0.04000000
2018-02-24 09:09:43,0.08352100,0.01100000
2018-02-24 09:09:43,0.08353800,0.23700000
2018-02-24 09:09:43,0.08356400,0.06900000
2018-02-24 09:09:43,0.08365000,0.08300000
2018-02-24 09:09:44,0.08349300,0.12000000
2018-02-24 09:09:44,0.08353000,0.11900000
2018-02-24 09:09:45,0.08351900,0.07900000
2018-02-24 09:09:46,0.08352800,1.18300000
2018-02-24 09:09:46,0.08352800,0.00100000
2018-02-24 09:09:46,0.08353000,0.00100000
2018-02-24 09:09:46,0.08364100,0.15900000
2018-02-24 09:09:46,0.08364200,0.03800000
2018-02-24 09:09:46,0.08364900,0.03000000
2018-02-24 09:09:47,0.08352600,0.38900000
2018-02-24 09:09:47,0.08352600,0.10000000
2018-02-24 09:09:47,0.08352500,0.18200000
2018-02-24 09:09:47,0.08352600,0.01900000
2018-02-24 09:09:47,0.08352700,0.03800000
2018-02-24 09:09:49,0.08353300,0.03200000
2018-02-24 09:09:49,0.08353300,0.10800000
2018-02-24 09:09:49,0.08353200,0.03200000
2018-02-24 09:09:49,0.08353300,0.09900000
2018-02-24 09:09:50,0.08353300,0.00100000
2018-02-24 09:09:50,0.08353200,0.01200000
2018-02-24 09:09:50,0.08353200,0.10000000
2018-02-24 09:09:53,0.08361600,0.20100000
2018-02-24 09:09:54,0.08361100,0.18100000
2018-02-24 09:09:54,0.08361000,0.02000000
2018-02-24 09:09:55,0.08360200,0.03700000
2018-02-24 09:09:56,0.08360100,0.07900000
2018-02-24 09:09:56,0.08353400,0.08100000
2018-02-24 09:09:56,0.08360000,0.03700000
2018-02-24 09:09:57,0.08359900,0.03500000
2018-02-24 09:09:57,0.08359900,0.04600000
2018-02-24 09:09:57,0.08353400,0.05900000
2018-02-24 09:09:59,0.08360000,0.00100000
2018-02-24 09:09:59,0.08360200,0.00100000
2018-02-24 09:09:59,0.08353400,1.62300000
2018-02-24 09:10:00,0.08361900,0.09900000
2018-02-24 09:10:01,0.08362000,0.20000000
2018-02-24 09:10:01,0.08362200,0.41300000
2018-02-24 09:10:02,0.08362000,0.19900000
2018-02-24 09:10:03,0.08361900,0.29300000
2018-02-24 09:10:03,0.08361900,0.13200000
2018-02-24 09:10:03,0.08361900,0.89600000
2018-02-24 09:10:03,0.08361900,0.12800000
2018-02-24 09:10:03,0.08361900,0.04200000
2018-02-24 09:10:03,0.08361900,0.01700000
2018-02-24 09:10:03,0.08361900,0.10500000
2018-02-24 09:10:03,0.08353800,0.09900000
2018-02-24 09:10:03,0.08353700,0.06400000
2018-02-24 09:10:03,0.08360900,0.04000000
2018-02-24 09:10:04,0.08361900,0.10000000
2018-02-24 09:10:04,0.08361900,0.06000000
2018-02-24 09:10:05,0.08361900,0.14000000
2018-02-24 09:10:05,0.08362200,0.02900000
2018-02-24 09:10:05,0.08361900,0.07000000
2018-02-24 09:10:10,0.08354200,0.02000000
2018-02-24 09:10:11,0.08361900,0.03700000
2018-02-24 09:10:11,0.08361900,0.00100000
2018-02-24 09:10:11,0.08362200,0.99400000
2018-02-24 09:10:11,0.08354200,0.07100000
2018-02-24 09:10:12,0.08354300,0.03000000
2018-02-24 09:10:12,0.08354200,0.19900000
2018-02-24 09:10:12,0.08362200,0.03600000
2018-02-24 09:10:12,0.08354400,0.24100000
2018-02-24 09:10:12,0.08362200,0.33200000
2018-02-24 09:10:13,0.08363600,0.01900000
2018-02-24 09:10:13,0.08354500,0.07700000
2018-02-24 09:10:14,0.08363600,0.08100000
2018-02-24 09:10:14,0.08363700,0.01900000
2018-02-24 09:10:14,0.08354600,0.10000000
2018-02-24 09:10:15,0.08354700,0.02200000
2018-02-24 09:10:15,0.08354600,0.15800000
2018-02-24 09:10:15,0.08354700,0.03700000
2018-02-24 09:10:16,0.08363600,0.25700000
2018-02-24 09:10:16,0.08363600,0.00100000
2018-02-24 09:10:16,0.08363700,0.00100000
2018-02-24 09:10:17,0.08364000,0.01900000
2018-02-24 09:10:17,0.08364000,0.00100000
2018-02-24 09:10:17,0.08364500,0.01700000
2018-02-24 09:10:17,0.08364000,0.02000000
2018-02-24 09:10:17,0.08364500,0.32900000
2018-02-24 09:10:17,0.08364000,0.14000000
2018-02-24 09:10:17,0.08364000,0.02400000
2018-02-24 09:10:17,0.08355000,0.09900000
2018-02-24 09:10:17,0.08354900,0.04000000
2018-02-24 09:10:17,0.08354900,0.16300000
2018-02-24 09:10:17,0.08354900,0.07500000
2018-02-24 09:10:17,0.08354700,0.06000000
2018-02-24 09:10:17,0.08354400,0.00100000
2018-02-24 09:10:17,0.08354300,0.02700000
2018-02-24 09:10:17,0.08354300,0.09300000
2018-02-24 09:10:17,0.08354000,0.06200000
2018-02-24 09:10:17,0.08354000,0.16200000
2018-02-24 09:10:17,0.08354900,0.02000000
2018-02-24 09:10:17,0.08354700,0.05900000
2018-02-24 09:10:17,0.08354000,0.03400000
2018-02-24 09:10:18,0.08355100,0.06300000
2018-02-24 09:10:18,0.08364400,0.11800000
2018-02-24 09:10:18,0.08355200,0.02000000
2018-02-24 09:10:18,0.08355100,0.08000000
2018-02-24 09:10:18,0.08355200,0.02000000
2018-02-24 09:10:18,0.08355100,0.01600000
2018-02-24 09:10:18,0.08355100,0.03700000
2018-02-24 09:10:18,0.08364300,0.24500000
2018-02-24 09:10:18,0.08364300,0.01200000
2018-02-24 09:10:19,0.08355200,0.02000000
2018-02-24 09:10:19,0.08355100,0.05200000
2018-02-24 09:10:19,0.08355200,0.02000000
2018-02-24 09:10:19,0.08355100,0.06800000
2018-02-24 09:10:19,0.08355300,0.06700000
2018-02-24 09:10:20,0.08364200,0.02000000
2018-02-24 09:10:20,0.08364200,0.17900000
2018-02-24 09:10:21,0.08363800,0.09900000
2018-02-24 09:10:21,0.08363900,0.13500000
2018-02-24 09:10:21,0.08363900,0.02500000
2018-02-24 09:10:21,0.08355500,0.21600000
2018-02-24 09:10:21,0.08355500,0.02400000
2018-02-24 09:10:21,0.08355500,1.11500000
2018-02-24 09:10:22,0.08355500,0.09900000
2018-02-24 09:10:22,0.08355100,0.00100000
2018-02-24 09:10:22,0.08355100,0.32000000
2018-02-24 09:10:22,0.08354300,0.15000000
2018-02-24 09:10:22,0.08354000,0.64200000
2018-02-24 09:10:23,0.08364100,0.06800000
2018-02-24 09:10:23,0.08364000,0.24200000
2018-02-24 09:10:23,0.08364000,0.37700000
2018-02-24 09:10:24,0.08363900,0.30100000
2018-02-24 09:10:24,0.08363900,0.50000000
2018-02-24 09:10:25,0.08363800,0.09900000
2018-02-24 09:10:25,0.08363900,0.01400000
2018-02-24 09:10:25,0.08355400,0.09800000
2018-02-24 09:10:27,0.08363600,0.01900000
2018-02-24 09:10:27,0.08352400,0.10000000
2018-02-24 09:10:28,0.08363600,0.33000000
2018-02-24 09:10:29,0.08363500,1.19500000
2018-02-24 09:10:29,0.08363500,0.19200000
2018-02-24 09:10:31,0.08353600,0.10000000
2018-02-24 09:10:31,0.08354400,0.12000000
2018-02-24 09:10:32,0.08363200,0.08700000
2018-02-24 09:10:32,0.08363100,0.12000000
2018-02-24 09:10:32,0.08363200,0.04700000
2018-02-24 09:10:32,0.08363200,0.51900000
2018-02-24 09:10:33,0.08363100,0.01900000
2018-02-24 09:10:33,0.08353900,0.04200000
2018-02-24 09:10:34,0.08363200,0.22400000
2018-02-24 09:10:34,0.08362400,0.33600000
2018-02-24 09:10:34,0.08362400,0.00800000
2018-02-24 09:10:34,0.08362400,0.35800000
2018-02-24 09:10:35,0.08362400,0.03200000
2018-02-24 09:10:35,0.08363100,0.09100000
2018-02-24 09:10:35,0.08354100,0.10000000
2018-02-24 09:10:37,0.08363100,0.00100000
2018-02-24 09:10:37,0.08363200,0.22900000
2018-02-24 09:10:37,0.08364100,0.10300000
2018-02-24 09:10:37,0.08365400,0.01500000
2018-02-24 09:10:37,0.08368000,0.05100000
2018-02-24 09:10:37,0.08368000,0.09800000
2018-02-24 09:10:38,0.08368000,0.01500000
2018-02-24 09:10:38,0.08367900,0.01700000
2018-02-24 09:10:38,0.08355700,0.10000000
2018-02-24 09:10:39,0.08356000,0.01900000
2018-02-24 09:10:39,0.08367900,0.01100000
2018-02-24 09:10:40,0.08367500,0.03900000
2018-02-24 09:10:40,0.08367500,0.05600000
2018-02-24 09:10:40,0.08367400,0.05600000
2018-02-24 09:10:41,0.08367400,0.01700000
2018-02-24 09:10:42,0.08367000,0.02000000
2018-02-24 09:10:43,0.08357100,0.10000000
2018-02-24 09:10:43,0.08367400,0.04000000
2018-02-24 09:10:44,0.08357400,0.05500000
2018-02-24 09:10:45,0.08367300,0.10000000
2018-02-24 09:10:45,0.08369800,0.02000000
2018-02-24 09:10:45,0.08370400,0.07900000
2018-02-24 09:10:45,0.08367400,0.01200000
2018-02-24 09:10:45,0.08369800,0.02000000
2018-02-24 09:10:45,0.08370400,0.02000000
2018-02-24 09:10:45,0.08369800,0.02000000
2018-02-24 09:10:45,0.08370500,0.12400000
2018-02-24 09:10:45,0.08370500,0.02000000
2018-02-24 09:10:45,0.08370500,0.02000000
2018-02-24 09:10:45,0.08370500,0.02000000
2018-02-24 09:10:45,0.08370500,0.02000000
2018-02-24 09:10:45,0.08370500,0.02000000
2018-02-24 09:10:45,0.08370500,0.02400000
2018-02-24 09:10:45,0.08370500,1.54600000
2018-02-24 09:10:45,0.08370500,1.18800000
2018-02-24 09:10:45,0.08370500,2.31100000
2018-02-24 09:10:45,0.08357500,1.94800000
2018-02-24 09:10:45,0.08357400,0.69300000
2018-02-24 09:10:45,0.08357500,0.11900000
2018-02-24 09:10:45,0.08357500,0.00100000
2018-02-24 09:10:45,0.08357300,1.13900000
2018-02-24 09:10:45,0.08370600,0.02000000
2018-02-24 09:10:46,0.08358200,0.24200000
2018-02-24 09:10:46,0.08358100,0.20000000
2018-02-24 09:10:46,0.08357300,0.15500000
2018-02-24 09:10:46,0.08369100,0.14300000
2018-02-24 09:10:48,0.08368800,0.20200000
2018-02-24 09:10:50,0.08368500,0.05900000
2018-02-24 09:10:51,0.08368500,0.16300000
2018-02-24 09:10:51,0.08359100,0.73600000
2018-02-24 09:10:57,0.08364300,0.29900000
2018-02-24 09:10:58,0.08359600,0.46800000
2018-02-24 09:10:58,0.08359600,0.47000000
2018-02-24 09:10:58,0.08359700,0.24200000
2018-02-24 09:10:58,0.08359600,0.35900000
2018-02-24 09:10:59,0.08364300,0.23500000
2018-02-24 09:11:00,0.08359700,0.12200000
2018-02-24 09:11:00,0.08364300,0.07000000
2018-02-24 09:11:01,0.08359800,0.02000000
2018-02-24 09:11:01,0.08359700,0.18000000
2018-02-24 09:11:01,0.08364300,0.02300000
2018-02-24 09:11:02,0.08364300,0.19000000
2018-02-24 09:11:03,0.08364300,0.05800000
2018-02-24 09:11:06,0.08360100,0.01900000
2018-02-24 09:11:07,0.08364300,0.01200000
2018-02-24 09:11:08,0.08367700,0.02300000
2018-02-24 09:11:09,0.08360100,0.93800000
2018-02-24 09:11:09,0.08360100,0.00100000
2018-02-24 09:11:09,0.08360000,0.17600000
2018-02-24 09:11:10,0.08360000,0.20500000
2018-02-24 09:11:11,0.08360000,0.09500000
2018-02-24 09:11:11,0.08367700,0.06500000
2018-02-24 09:11:12,0.08360100,0.01600000
2018-02-24 09:11:12,0.08360000,0.18400000
2018-02-24 09:11:14,0.08360000,0.01800000
2018-02-24 09:11:16,0.08360000,0.02200000
2018-02-24 09:11:17,0.08360000,0.11100000
2018-02-24 09:11:17,0.08360000,0.40000000
2018-02-24 09:11:18,0.08367700,0.10400000
2018-02-24 09:11:18,0.08367700,0.57500000
2018-02-24 09:11:18,0.08367700,0.12900000
2018-02-24 09:11:18,0.08367700,0.21700000
2018-02-24 09:11:18,0.08367700,0.21700000
2018-02-24 09:11:19,0.08367700,0.06500000
2018-02-24 09:11:21,0.08360100,0.43200000
2018-02-24 09:11:21,0.08360100,0.35800000
2018-02-24 09:11:21,0.08367700,0.01900000
2018-02-24 09:11:21,0.08367700,0.01200000
2018-02-24 09:11:21,0.08368000,0.01800000
2018-02-24 09:11:21,0.08368000,0.11500000
2018-02-24 09:11:23,0.08360100,0.40000000
2018-02-24 09:11:23,0.08360100,0.20000000
2018-02-24 09:11:26,0.08360000,0.17900000
2018-02-24 09:11:26,0.08359300,0.04800000
2018-02-24 09:11:26,0.08355100,0.17300000
2018-02-24 09:11:30,0.08356100,0.25000000
2018-02-24 09:11:30,0.08356000,0.27900000
2018-02-24 09:11:30,0.08366400,0.11000000
2018-02-24 09:11:30,0.08366500,0.00900000
2018-02-24 09:11:33,0.08365500,0.02300000
2018-02-24 09:11:33,0.08356300,0.10700000
2018-02-24 09:11:34,0.08365300,0.21200000
2018-02-24 09:11:35,0.08364900,0.12000000
2018-02-24 09:11:36,0.08365000,0.32100000
2018-02-24 09:11:37,0.08364900,0.04700000
2018-02-24 09:11:37,0.08356700,0.03200000
2018-02-24 09:11:38,0.08365100,0.08500000
2018-02-24 09:11:38,0.08365100,0.26400000
2018-02-24 09:11:38,0.08355300,0.08100000
2018-02-24 09:11:38,0.08355300,0.40800000
2018-02-24 09:11:38,0.08355400,0.02000000
2018-02-24 09:11:38,0.08355300,0.38000000
2018-02-24 09:11:40,0.08357500,0.02900000
2018-02-24 09:11:45,0.08357500,0.01700000
2018-02-24 09:11:46,0.08357500,0.18100000
2018-02-24 09:11:46,0.08355200,0.49200000
2018-02-24 09:11:46,0.08353900,0.07600000
2018-02-24 09:11:46,0.08353600,0.02000000
2018-02-24 09:11:46,0.08352800,0.18000000
2018-02-24 09:11:46,0.08351900,0.00100000
2018-02-24 09:11:46,0.08351000,0.48800000
2018-02-24 09:11:46,0.08353600,0.02000000
2018-02-24 09:11:46,0.08352800,0.10900000
2018-02-24 09:11:46,0.08357500,0.06500000
2018-02-24 09:11:46,0.08352900,0.47700000
2018-02-24 09:11:47,0.08357500,0.01900000
2018-02-24 09:11:47,0.08357500,0.09700000
2018-02-24 09:11:47,0.08364500,0.01800000
2018-02-24 09:11:49,0.08357500,0.46800000
2018-02-24 09:11:49,0.08357500,0.42700000
2018-02-24 09:11:49,0.08364100,0.21500000
2018-02-24 09:11:49,0.08364200,0.08200000
2018-02-24 09:11:49,0.08364200,0.06600000
2018-02-24 09:11:53,0.08354000,0.25000000
2018-02-24 09:11:53,0.08353900,0.15000000
2018-02-24 09:11:55,0.08354100,0.03400000
2018-02-24 09:11:55,0.08354100,0.11400000
2018-02-24 09:11:55,0.08354100,0.03100000
2018-02-24 09:11:56,0.08354000,0.11900000
2018-02-24 09:12:03,0.08354100,0.00300000
2018-02-24 09:12:08,0.08357000,0.01300000
2018-02-24 09:12:09,0.08357000,0.00600000
2018-02-24 09:12:09,0.08356700,0.05700000
2018-02-24 09:12:09,0.08356700,0.02500000
2018-02-24 09:12:09,0.08356700,0.05400000
2018-02-24 09:12:10,0.08362300,0.04200000
2018-02-24 09:12:10,0.08362200,0.09900000
2018-02-24 09:12:11,0.08362200,0.24900000
2018-02-24 09:12:11,0.08356700,0.00600000
2018-02-24 09:12:11,0.08356600,0.04000000
2018-02-24 09:12:12,0.08362200,0.31400000
2018-02-24 09:12:13,0.08356600,0.00100000
2018-02-24 09:12:13,0.08356100,0.06000000
2018-02-24 09:12:13,0.08354200,0.00600000
2018-02-24 09:12:13,0.08362200,1.19700000
2018-02-24 09:12:13,0.08362200,0.29300000
2018-02-24 09:12:13,0.08354200,0.60900000
2018-02-24 09:12:13,0.08362100,0.07700000
2018-02-24 09:12:13,0.08362200,0.34800000
2018-02-24 09:12:13,0.08362200,0.40000000
2018-02-24 09:12:13,0.08354200,0.50600000
2018-02-24 09:12:13,0.08354200,0.09900000
2018-02-24 09:12:13,0.08354200,0.35800000
2018-02-24 09:12:13,0.08354200,0.22100000
2018-02-24 09:12:14,0.08362200,0.10800000
2018-02-24 09:12:14,0.08362200,0.01600000
2018-02-24 09:12:14,0.08354600,0.24200000
2018-02-24 09:12:14,0.08354500,0.22100000
2018-02-24 09:12:14,0.08354200,0.04400000
2018-02-24 09:12:14,0.08354000,0.28800000
2018-02-24 09:12:14,0.08353900,0.16900000
2018-02-24 09:12:14,0.08353600,0.08300000
2018-02-24 09:12:14,0.08351700,0.14400000
2018-02-24 09:12:14,0.08351700,0.04600000
2018-02-24 09:12:14,0.08351000,0.22600000
2018-02-24 09:12:14,0.08350600,0.02600000
2018-02-24 09:12:14,0.08362200,0.27500000
2018-02-24 09:12:14,0.08362200,0.35800000
2018-02-24 09:12:14,0.08354900,0.23900000
2018-02-24 09:12:14,0.08362200,0.20100000
2018-02-24 09:12:14,0.08362200,0.02000000
2018-02-24 09:12:14,0.08363700,0.33800000
2018-02-24 09:12:14,0.08362200,0.02000000
2018-02-24 09:12:14,0.08363600,0.19100000
2018-02-24 09:12:15,0.08362100,0.35800000
2018-02-24 09:12:15,0.08362100,0.14900000
2018-02-24 09:12:15,0.08362000,0.24200000
2018-02-24 09:12:15,0.08362100,0.11600000
2018-02-24 09:12:15,0.08362100,0.35800000
2018-02-24 09:12:16,0.08362000,0.09300000
2018-02-24 09:12:16,0.08362000,0.07300000
2018-02-24 09:12:16,0.08355300,0.05600000
2018-02-24 09:12:16,0.08354600,0.53300000
2018-02-24 09:12:17,0.08356800,0.03400000
2018-02-24 09:12:17,0.08362000,0.04000000
2018-02-24 09:12:17,0.08362000,0.12300000
2018-02-24 09:12:17,0.08362000,0.40000000
2018-02-24 09:12:17,0.08356800,0.36700000
2018-02-24 09:12:17,0.08356800,0.10000000
2018-02-24 09:12:17,0.08356800,0.00100000
2018-02-24 09:12:17,0.08361900,0.02000000
2018-02-24 09:12:17,0.08362000,0.07900000
2018-02-24 09:12:17,0.08355300,0.01300000
2018-02-24 09:12:18,0.08361900,0.02000000
2018-02-24 09:12:18,0.08361900,0.01700000
2018-02-24 09:12:18,0.08361900,0.16300000
2018-02-24 09:12:18,0.08362000,0.12700000
2018-02-24 09:12:18,0.08361900,0.02000000
2018-02-24 09:12:18,0.08362000,0.08100000
2018-02-24 09:12:19,0.08354900,0.05100000
2018-02-24 09:12:19,0.08361900,0.20000000
2018-02-24 09:12:19,0.08361900,0.03000000
2018-02-24 09:12:19,0.08363600,0.06500000
2018-02-24 09:12:19,0.08361900,0.08000000
2018-02-24 09:12:19,0.08363600,0.11200000
2018-02-24 09:12:19,0.08361900,0.05000000
2018-02-24 09:12:19,0.08362300,0.02000000
2018-02-24 09:12:20,0.08361900,0.05100000
2018-02-24 09:12:20,0.08361900,0.06900000
2018-02-24 09:12:20,0.08362400,0.02000000
2018-02-24 09:12:20,0.08363200,0.12000000
2018-02-24 09:12:20,0.08363600,0.26000000
2018-02-24 09:12:20,0.08362400,0.02000000
2018-02-24 09:12:20,0.08362400,0.02000000
2018-02-24 09:12:21,0.08362400,0.02000000
2018-02-24 09:12:21,0.08363200,0.11900000
2018-02-24 09:12:21,0.08363200,0.10100000
2018-02-24 09:12:21,0.08363200,0.02000000
2018-02-24 09:12:21,0.08355000,0.09600000
2018-02-24 09:12:21,0.08363200,0.10000000
2018-02-24 09:12:21,0.08363200,0.12000000
2018-02-24 09:12:21,0.08363200,0.10000000
2018-02-24 09:12:21,0.08363600,0.03300000
2018-02-24 09:12:22,0.08363600,0.10000000
2018-02-24 09:12:22,0.08363200,0.09900000
2018-02-24 09:12:22,0.08363200,0.00100000
2018-02-24 09:12:22,0.08362400,0.09500000
2018-02-24 09:12:22,0.08362400,0.09900000
2018-02-24 09:12:22,0.08362400,0.01100000
2018-02-24 09:12:22,0.08355000,0.08800000
2018-02-24 09:12:22,0.08355000,0.02400000
2018-02-24 09:12:22,0.08355000,0.03400000
2018-02-24 09:12:22,0.08354600,0.06500000
2018-02-24 09:12:22,0.08363700,0.21000000
2018-02-24 09:12:22,0.08354600,0.05000000
2018-02-24 09:12:22,0.08351200,0.05800000
2018-02-24 09:12:22,0.08363700,0.00100000
2018-02-24 09:12:22,0.08364100,0.02400000
2018-02-24 09:12:22,0.08363600,0.01500000
2018-02-24 09:12:22,0.08363600,0.04200000
2018-02-24 09:12:22,0.08364100,0.24400000
2018-02-24 09:12:22,0.08364200,0.09700000
2018-02-24 09:12:22,0.08363600,0.04200000
2018-02-24 09:12:23,0.08364200,0.35800000
2018-02-24 09:12:23,0.08364200,0.09200000
2018-02-24 09:12:23,0.08364200,0.00100000
2018-02-24 09:12:23,0.08365200,0.10000000
2018-02-24 09:12:23,0.08368000,0.22100000
2018-02-24 09:12:23,0.08369200,0.07800000
2018-02-24 09:12:24,0.08369100,0.00800000
2018-02-24 09:12:25,0.08369000,0.27300000
2018-02-24 09:12:27,0.08369100,0.05500000
2018-02-24 09:12:28,0.08369100,1.19500000
2018-02-24 09:12:28,0.08369100,0.50100000
2018-02-24 09:12:28,0.08369100,0.05200000
2018-02-24 09:12:28,0.08369100,0.15400000
2018-02-24 09:12:28,0.08369100,1.13000000
2018-02-24 09:12:28,0.08369100,0.46300000
2018-02-24 09:12:28,0.08369200,1.32700000
2018-02-24 09:12:28,0.08363600,0.00100000
2018-02-24 09:12:28,0.08360100,0.03800000
2018-02-24 09:12:28,0.08360100,0.05100000
2018-02-24 09:12:28,0.08369200,0.41400000
2018-02-24 09:12:29,0.08369100,0.09400000
2018-02-24 09:12:30,0.08369100,0.01300000
2018-02-24 09:12:31,0.08369100,0.03500000
2018-02-24 09:12:31,0.08369100,0.23400000
2018-02-24 09:12:31,0.08362600,0.02100000
2018-02-24 09:12:32,0.08362600,0.04800000
2018-02-24 09:12:32,0.08362600,0.03200000
2018-02-24 09:12:32,0.08369100,0.20400000
2018-02-24 09:12:32,0.08369100,0.00300000
2018-02-24 09:12:33,0.08369100,1.11000000
2018-02-24 09:12:34,0.08362600,0.02000000
2018-02-24 09:12:36,0.08369200,0.05000000
2018-02-24 09:12:36,0.08362700,0.00100000
2018-02-24 09:12:36,0.08362700,0.26000000
2018-02-24 09:12:38,0.08362700,0.00100000
2018-02-24 09:12:38,0.08360500,0.53900000
2018-02-24 09:12:38,0.08362700,0.01900000
2018-02-24 09:12:40,0.08362700,0.02700000
2018-02-24 09:12:40,0.08362700,0.00300000
2018-02-24 09:12:40,0.08360500,0.02600000
2018-02-24 09:12:40,0.08362700,0.02000000
2018-02-24 09:12:40,0.08362700,0.01000000
2018-02-24 09:12:41,0.08362700,0.05400000
2018-02-24 09:12:41,0.08362700,0.04200000
2018-02-24 09:12:41,0.08369200,0.00100000
2018-02-24 09:12:41,0.08373400,0.39900000
2018-02-24 09:12:42,0.08362700,0.17800000
2018-02-24 09:12:42,0.08362700,0.08100000
2018-02-24 09:12:42,0.08362000,0.09800000
2018-02-24 09:12:44,0.08364900,0.14700000
2018-02-24 09:12:44,0.08364900,0.67400000
2018-02-24 09:12:44,0.08363000,0.02000000
2018-02-24 09:12:44,0.08362700,0.10100000
2018-02-24 09:12:46,0.08363000,0.01900000
2018-02-24 09:12:48,0.08363000,0.00100000
2018-02-24 09:12:48,0.08363000,0.02000000
2018-02-24 09:12:48,0.08363000,0.02000000
2018-02-24 09:12:48,0.08363000,0.02200000
2018-02-24 09:12:51,0.08362700,0.17900000
2018-02-24 09:12:51,0.08362100,0.12200000
2018-02-24 09:12:52,0.08371000,0.24200000
2018-02-24 09:12:53,0.08362800,0.24100000
2018-02-24 09:12:53,0.08363000,0.01200000
2018-02-24 09:12:54,0.08370900,0.24100000
2018-02-24 09:12:56,0.08371100,0.01200000
2018-02-24 09:12:58,0.08363100,0.05100000
2018-02-24 09:12:59,0.08371100,0.11000000
2018-02-24 09:12:59,0.08371100,0.15000000
2018-02-24 09:13:00,0.08363200,0.15900000
2018-02-24 09:13:00,0.08363200,0.08100000
2018-02-24 09:13:00,0.08363100,0.09800000
2018-02-24 09:13:01,0.08371100,0.08500000
2018-02-24 09:13:02,0.08363300,0.21300000
2018-02-24 09:13:02,0.08363300,0.07700000
2018-02-24 09:13:02,0.08363300,0.04300000
2018-02-24 09:13:02,0.08363300,0.07700000
2018-02-24 09:13:03,0.08364300,0.02000000
2018-02-24 09:13:03,0.08364300,0.00100000
2018-02-24 09:13:03,0.08363300,0.01900000
2018-02-24 09:13:04,0.08363300,0.01700000
2018-02-24 09:13:04,0.08371100,0.00200000
2018-02-24 09:13:04,0.08371200,0.36300000
2018-02-24 09:13:04,0.08372600,0.03500000
2018-02-24 09:13:04,0.08363300,0.03800000
2018-02-24 09:13:04,0.08363400,0.01700000
2018-02-24 09:13:05,0.08363400,0.07700000
2018-02-24 09:13:07,0.08372200,0.36500000
2018-02-24 09:13:07,0.08363400,0.03500000
2018-02-24 09:13:12,0.08365000,0.58500000
2018-02-24 09:13:12,0.08365000,0.30900000
2018-02-24 09:13:12,0.08365000,0.05900000
2018-02-24 09:13:12,0.08365000,0.20600000
2018-02-24 09:13:12,0.08363300,0.05800000
2018-02-24 09:13:13,0.08363200,0.59800000
2018-02-24 09:13:15,0.08363200,0.10500000
2018-02-24 09:13:19,0.08371700,0.09900000
2018-02-24 09:13:21,0.08363600,0.33700000
2018-02-24 09:13:22,0.08371800,0.03800000
2018-02-24 09:13:22,0.08371800,0.05100000
2018-02-24 09:13:22,0.08363600,0.72300000
2018-02-24 09:13:23,0.08371800,0.02500000
2018-02-24 09:13:24,0.08363600,1.25300000
2018-02-24 09:13:24,0.08363600,0.59900000
2018-02-24 09:13:25,0.08363600,0.03900000
2018-02-24 09:13:26,0.08371800,1.90100000
2018-02-24 09:13:26,0.08372000,0.02500000
2018-02-24 09:13:26,0.08364000,0.05200000
2018-02-24 09:13:29,0.08364000,0.24900000
2018-02-24 09:13:29,0.08363600,0.82800000
2018-02-24 09:13:30,0.08364000,0.12000000
2018-02-24 09:13:32,0.08364300,0.10000000
2018-02-24 09:13:32,0.08364300,0.02000000
2018-02-24 09:13:32,0.08364200,0.04000000
2018-02-24 09:13:32,0.08364300,0.12000000
2018-02-24 09:13:33,0.08364300,0.06900000
2018-02-24 09:13:33,0.08364200,0.05000000
2018-02-24 09:13:33,0.08364200,0.95000000
2018-02-24 09:13:33,0.08364200,0.03500000
2018-02-24 09:13:36,0.08371900,0.00800000
2018-02-24 09:13:39,0.08364300,0.20000000
2018-02-24 09:13:40,0.08371900,0.08900000
2018-02-24 09:13:40,0.08364300,0.10500000
2018-02-24 09:13:42,0.08364400,0.02400000
2018-02-24 09:13:42,0.08364400,0.10800000
2018-02-24 09:13:42,0.08364300,1.20900000
2018-02-24 09:13:43,0.08364500,0.02000000
2018-02-24 09:13:43,0.08364500,0.09900000
2018-02-24 09:13:43,0.08364300,0.50000000
2018-02-24 09:13:43,0.08364300,0.07000000
2018-02-24 09:13:46,0.08371700,0.04800000
2018-02-24 09:13:46,0.08371700,0.04800000
2018-02-24 09:13:46,0.08371700,0.04800000
2018-02-24 09:13:47,0.08371700,0.10600000
2018-02-24 09:13:50,0.08363700,0.10600000
2018-02-24 09:13:51,0.08371500,0.11200000
2018-02-24 09:13:54,0.08363700,0.06700000
2018-02-24 09:13:54,0.08363700,0.04000000
2018-02-24 09:13:54,0.08363700,0.00500000
2018-02-24 09:13:54,0.08363600,0.52100000
2018-02-24 09:13:54,0.08362700,0.01300000
2018-02-24 09:13:54,0.08363600,0.04600000
2018-02-24 09:13:55,0.08363600,0.32200000
2018-02-24 09:13:55,0.08363600,0.10600000
2018-02-24 09:13:55,0.08370000,0.03200000
2018-02-24 09:13:55,0.08370000,0.01100000
2018-02-24 09:13:55,0.08370000,0.42700000
2018-02-24 09:13:55,0.08370000,0.02300000
2018-02-24 09:13:58,0.08369900,0.40000000
2018-02-24 09:14:00,0.08362700,0.10700000
2018-02-24 09:14:00,0.08362800,0.20000000
2018-02-24 09:14:02,0.08362900,0.03700000
2018-02-24 09:14:03,0.08362900,0.29400000
2018-02-24 09:14:03,0.08362800,0.18400000
2018-02-24 09:14:03,0.08362600,0.11900000
2018-02-24 09:14:03,0.08362600,0.30100000
2018-02-24 09:14:04,0.08363000,0.05900000
2018-02-24 09:14:04,0.08363000,0.10100000
2018-02-24 09:14:05,0.08363000,0.04500000
2018-02-24 09:14:06,0.08370000,0.18200000
2018-02-24 09:14:08,0.08363000,0.30000000
2018-02-24 09:14:08,0.08370000,0.37900000
2018-02-24 09:14:08,0.08370000,0.48000000
2018-02-24 09:14:08,0.08370000,0.05400000
2018-02-24 09:14:08,0.08370000,0.09500000
2018-02-24 09:14:08,0.08370000,0.08700000
2018-02-24 09:14:09,0.08363000,1.19500000
2018-02-24 09:14:09,0.08363000,0.45000000
2018-02-24 09:14:09,0.08363000,0.01500000
2018-02-24 09:14:09,0.08363000,0.00100000
2018-02-24 09:14:09,0.08370000,0.01400000
2018-02-24 09:14:09,0.08370000,0.01500000
2018-02-24 09:14:09,0.08370000,0.01500000
2018-02-24 09:14:09,0.08370000,0.01500000
2018-02-24 09:14:11,0.08364300,1.19400000
2018-02-24 09:14:11,0.08364300,0.21100000
2018-02-24 09:14:11,0.08369800,0.49200000
2018-02-24 09:14:11,0.08362600,0.46600000
2018-02-24 09:14:11,0.08369800,0.58100000
2018-02-24 09:14:11,0.08362600,0.01300000
2018-02-24 09:14:11,0.08362600,0.03200000
2018-02-24 09:14:11,0.08362100,0.16800000
2018-02-24 09:14:12,0.08362600,0.13700000
2018-02-24 09:14:12,0.08362600,0.00100000
2018-02-24 09:14:12,0.08369800,0.13600000
2018-02-24 09:14:14,0.08362600,0.09400000
2018-02-24 09:14:15,0.08368900,0.15800000
2018-02-24 09:14:16,0.08368900,0.10600000
2018-02-24 09:14:17,0.08362600,0.00100000
2018-02-24 09:14:17,0.08362100,0.03500000
2018-02-24 09:14:18,0.08362600,0.06300000
2018-02-24 09:14:19,0.08362100,0.04900000
2018-02-24 09:14:20,0.08368500,0.93800000
2018-02-24 09:14:21,0.08367700,0.50400000
2018-02-24 09:14:22,0.08362100,0.20000000
2018-02-24 09:14:22,0.08362100,0.40500000
2018-02-24 09:14:22,0.08362000,2.23000000
2018-02-24 09:14:23,0.08362000,0.02900000
2018-02-24 09:14:27,0.08362200,0.11900000
2018-02-24 09:14:28,0.08365500,0.03800000
2018-02-24 09:14:28,0.08367200,0.01200000
2018-02-24 09:14:29,0.08367200,1.19300000
2018-02-24 09:14:29,0.08367200,0.45000000
2018-02-24 09:14:29,0.08367300,0.00200000
2018-02-24 09:14:29,0.08367300,0.05000000
2018-02-24 09:14:32,0.08367300,1.55900000
2018-02-24 09:14:32,0.08367300,0.31100000
2018-02-24 09:14:32,0.08362300,0.05500000
2018-02-24 09:14:32,0.08362300,0.03500000
2018-02-24 09:14:32,0.08362300,0.05500000
2018-02-24 09:14:32,0.08367300,0.13800000
2018-02-24 09:14:32,0.08367700,0.24200000
2018-02-24 09:14:33,0.08362300,0.17700000
2018-02-24 09:14:33,0.08362200,0.02300000
2018-02-24 09:14:33,0.08367700,0.01700000
2018-02-24 09:14:34,0.08367700,0.75800000
2018-02-24 09:14:35,0.08367700,0.07500000
2018-02-24 09:14:35,0.08367700,0.77600000
2018-02-24 09:14:37,0.08362200,0.04000000
2018-02-24 09:14:37,0.08362200,0.00300000
2018-02-24 09:14:37,0.08362100,0.09000000
2018-02-24 09:14:38,0.08362200,0.10100000
2018-02-24 09:14:38,0.08362200,0.28400000
2018-02-24 09:14:39,0.08362200,0.03300000
2018-02-24 09:14:40,0.08362200,0.27300000
2018-02-24 09:14:42,0.08362200,0.00100000
2018-02-24 09:14:42,0.08362100,1.07800000
2018-02-24 09:14:42,0.08362100,0.01900000
2018-02-24 09:14:45,0.08367600,0.27500000
2018-02-24 09:14:50,0.08362100,0.10100000
2018-02-24 09:14:51,0.08362100,0.09900000
2018-02-24 09:14:53,0.08367600,0.01600000
2018-02-24 09:14:54,0.08362100,0.12000000
2018-02-24 09:14:55,0.08362100,0.04900000
2018-02-24 09:14:55,0.08362100,0.07000000
2018-02-24 09:14:57,0.08362100,0.14500000
2018-02-24 09:14:59,0.08362100,0.40000000
2018-02-24 09:14:59,0.08367500,0.28000000
2018-02-24 09:14:59,0.08367500,0.27200000
2018-02-24 09:14:59,0.08369700,0.27900000
2018-02-24 09:14:59,0.08369700,1.72400000
2018-02-24 09:15:00,0.08362100,1.19500000
2018-02-24 09:15:00,0.08362100,0.20000000
2018-02-24 09:15:03,0.08362100,0.29100000
2018-02-24 09:15:04,0.08362100,0.30800000
2018-02-24 09:15:07,0.08362100,0.40000000
2018-02-24 09:15:07,0.08362100,1.19700000
2018-02-24 09:15:07,0.08362100,0.47800000
2018-02-24 09:15:07,0.08362100,0.10000000
2018-02-24 09:15:08,0.08362200,0.01200000
2018-02-24 09:15:08,0.08362200,0.20300000
2018-02-24 09:15:11,0.08362200,0.37600000
2018-02-24 09:15:11,0.08362200,0.10000000
2018-02-24 09:15:11,0.08362200,0.51500000
2018-02-24 09:15:11,0.08369700,0.28000000
2018-02-24 09:15:12,0.08369700,1.19200000
2018-02-24 09:15:12,0.08369700,1.66100000
2018-02-24 09:15:14,0.08369600,0.33500000
2018-02-24 09:15:16,0.08362200,0.00100000
2018-02-24 09:15:16,0.08362100,1.07900000
2018-02-24 09:15:16,0.08362100,0.07700000
2018-02-24 09:15:17,0.08362100,0.17000000
2018-02-24 09:15:19,0.08362200,0.02400000
2018-02-24 09:15:19,0.08370000,0.00800000
2018-02-24 09:15:21,0.08362200,0.20000000
2018-02-24 09:15:22,0.08370000,0.36100000
2018-02-24 09:15:22,0.08370000,0.14500000
2018-02-24 09:15:23,0.08365000,0.05000000
2018-02-24 09:15:23,0.08362200,0.15500000
2018-02-24 09:15:24,0.08362200,0.40000000
2018-02-24 09:15:24,0.08362200,0.05000000
2018-02-24 09:15:25,0.08369900,0.83400000
2018-02-24 09:15:26,0.08369900,0.75100000
2018-02-24 09:15:28,0.08363200,0.01600000
2018-02-24 09:15:28,0.08369900,0.03600000
2018-02-24 09:15:28,0.08363200,0.05700000
2018-02-24 09:15:29,0.08369900,0.22000000
2018-02-24 09:15:30,0.08369900,0.21000000
2018-02-24 09:15:31,0.08363200,0.00100000
2018-02-24 09:15:31,0.08362300,0.47700000
2018-02-24 09:15:31,0.08369900,0.32000000
2018-02-24 09:15:33,0.08369900,0.02500000
2018-02-24 09:15:35,0.08362300,0.08400000
2018-02-24 09:15:36,0.08362300,0.02000000
2018-02-24 09:15:36,0.08362300,0.03900000
2018-02-24 09:15:37,0.08369900,0.27000000
2018-02-24 09:15:37,0.08370000,0.13000000
2018-02-24 09:15:41,0.08370000,1.19300000
2018-02-24 09:15:41,0.08370000,0.77500000
2018-02-24 09:15:42,0.08370000,0.47100000
2018-02-24 09:15:42,0.08362400,0.19900000
2018-02-24 09:15:42,0.08362400,0.20000000
2018-02-24 09:15:47,0.08362500,0.08700000
2018-02-24 09:15:49,0.08362600,0.05300000
2018-02-24 09:15:50,0.08362600,0.02600000
2018-02-24 09:15:53,0.08370000,0.12000000
2018-02-24 09:15:54,0.08362600,0.02300000
2018-02-24 09:15:56,0.08370000,0.02900000
2018-02-24 09:15:56,0.08362600,0.02400000
2018-02-24 09:15:57,0.08362600,0.09600000
2018-02-24 09:15:58,0.08370000,0.09900000
2018-02-24 09:15:58,0.08370000,1.46100000
2018-02-24 09:16:02,0.08370000,0.10100000
2018-02-24 09:16:03,0.08370000,1.15500000
2018-02-24 09:16:08,0.08370000,0.00100000
2018-02-24 09:16:08,0.08371000,0.02900000
2018-02-24 09:16:09,0.08371000,0.03800000
2018-02-24 09:16:15,0.08362700,0.20000000
2018-02-24 09:16:16,0.08362700,0.12200000
2018-02-24 09:16:20,0.08371000,0.00100000
2018-02-24 09:16:20,0.08371100,0.10300000
2018-02-24 09:16:20,0.08371700,0.24200000
2018-02-24 09:16:20,0.08371800,0.03500000
2018-02-24 09:16:20,0.08372000,0.03300000
2018-02-24 09:16:20,0.08373200,0.02000000
2018-02-24 09:16:20,0.08373800,0.01500000
2018-02-24 09:16:20,0.08374800,0.58000000
2018-02-24 09:16:20,0.08374900,0.77300000
2018-02-24 09:16:20,0.08375000,3.49700000
2018-02-24 09:16:20,0.08362900,0.03600000
2018-02-24 09:16:21,0.08372900,0.09400000
2018-02-24 09:16:21,0.08373000,0.20600000
2018-02-24 09:16:22,0.08372900,0.05100000
2018-02-24 09:16:23,0.08372900,0.25600000
2018-02-24 09:16:23,0.08373000,0.04400000
2018-02-24 09:16:24,0.08363900,0.03000000
2018-02-24 09:16:24,0.08364000,0.20000000
2018-02-24 09:16:25,0.08364000,0.39900000
2018-02-24 09:16:25,0.08372900,0.02000000
2018-02-24 09:16:25,0.08373000,0.28000000
2018-02-24 09:16:27,0.08372600,0.09900000
2018-02-24 09:16:27,0.08372600,0.40100000
2018-02-24 09:16:27,0.08372700,0.09900000
2018-02-24 09:16:27,0.08373000,0.20100000
2018-02-24 09:16:29,0.08373000,0.05100000
2018-02-24 09:16:30,0.08373000,0.30000000
2018-02-24 09:16:32,0.08370000,0.30000000
2018-02-24 09:16:32,0.08370000,1.00000000
2018-02-24 09:16:32,0.08370000,0.08400000
2018-02-24 09:16:33,0.08365300,0.21200000
2018-02-24 09:16:33,0.08365200,1.92300000
2018-02-24 09:16:33,0.08365300,0.00800000
2018-02-24 09:16:34,0.08370000,0.30000000
2018-02-24 09:16:36,0.08365500,0.34000000
2018-02-24 09:16:36,0.08365400,1.56900000
2018-02-24 09:16:37,0.08370000,0.30000000
2018-02-24 09:16:38,0.08370000,0.12500000
2018-02-24 09:16:38,0.08369200,0.03800000
2018-02-24 09:16:38,0.08370000,0.01200000
2018-02-24 09:16:38,0.08370000,0.13200000
2018-02-24 09:16:39,0.08370000,0.02900000
2018-02-24 09:16:39,0.08370000,0.23300000
2018-02-24 09:16:39,0.08370000,0.30000000
2018-02-24 09:16:40,0.08370000,1.12000000
2018-02-24 09:16:40,0.08370000,0.78100000
2018-02-24 09:16:42,0.08370000,0.22700000
2018-02-24 09:16:42,0.08370000,0.19300000
2018-02-24 09:16:42,0.08365400,0.01600000
2018-02-24 09:16:42,0.08370000,0.42900000
2018-02-24 09:16:42,0.08370000,0.30200000
2018-02-24 09:16:43,0.08370000,0.46600000
2018-02-24 09:16:43,0.08370000,0.03800000
2018-02-24 09:16:43,0.08372900,0.24200000
2018-02-24 09:16:43,0.08373000,0.02400000
2018-02-24 09:16:43,0.08365400,0.08400000
2018-02-24 09:16:43,0.08373000,0.80100000
2018-02-24 09:16:44,0.08365500,0.03900000
2018-02-24 09:16:44,0.08365500,0.03900000
2018-02-24 09:16:45,0.08365500,0.06000000
2018-02-24 09:16:45,0.08374300,0.00800000
2018-02-24 09:16:45,0.08365500,0.05800000
2018-02-24 09:16:45,0.08365700,0.11900000
2018-02-24 09:16:45,0.08365600,0.03300000
2018-02-24 09:16:45,0.08365600,0.10000000
2018-02-24 09:16:46,0.08365700,0.02000000
2018-02-24 09:16:46,0.08365600,0.01700000
2018-02-24 09:16:46,0.08365600,0.03100000
2018-02-24 09:16:47,0.08365600,0.03900000
2018-02-24 09:16:47,0.08374100,0.03800000
2018-02-24 09:16:47,0.08374100,0.03800000
2018-02-24 09:16:47,0.08374100,0.03800000
2018-02-24 09:16:48,0.08365700,0.04000000
2018-02-24 09:16:48,0.08365700,0.23700000
2018-02-24 09:16:48,0.08365700,0.09500000
2018-02-24 09:16:48,0.08365700,0.42400000
2018-02-24 09:16:48,0.08365700,0.36400000
2018-02-24 09:16:48,0.08365700,0.04000000
2018-02-24 09:16:48,0.08365700,0.05300000
2018-02-24 09:16:49,0.08365700,0.04500000
2018-02-24 09:16:49,0.08365700,0.36300000
2018-02-24 09:16:50,0.08373800,0.70000000
2018-02-24 09:16:53,0.08373600,0.00100000
2018-02-24 09:16:53,0.08373600,0.10000000
2018-02-24 09:16:54,0.08373600,0.51000000
2018-02-24 09:16:54,0.08373900,0.02000000
2018-02-24 09:16:54,0.08374200,0.45400000
2018-02-24 09:16:54,0.08374900,0.01600000
2018-02-24 09:16:55,0.08365800,0.09000000
2018-02-24 09:16:55,0.08365800,0.15200000
2018-02-24 09:16:55,0.08365700,0.06900000
2018-02-24 09:16:55,0.08365000,0.02000000
2018-02-24 09:16:55,0.08364400,0.13100000
2018-02-24 09:16:56,0.08373800,0.24900000
2018-02-24 09:16:56,0.08373900,0.15100000
2018-02-24 09:16:56,0.08373900,0.09100000
2018-02-24 09:16:56,0.08374100,0.02000000
2018-02-24 09:16:56,0.08374900,0.58900000
2018-02-24 09:17:00,0.08365800,0.01400000
2018-02-24 09:17:02,0.08365800,0.08500000
2018-02-24 09:17:02,0.08365700,0.10600000
2018-02-24 09:17:02,0.08374200,0.10600000
2018-02-24 09:17:02,0.08374300,0.02000000
2018-02-24 09:17:02,0.08374900,0.15200000
2018-02-24 09:17:02,0.08375000,0.42200000
2018-02-24 09:17:02,0.08374300,0.02000000
2018-02-24 09:17:03,0.08365800,0.16100000
2018-02-24 09:17:04,0.08374200,0.60500000
2018-02-24 09:17:04,0.08374200,0.17400000
2018-02-24 09:17:07,0.08365900,0.13000000
2018-02-24 09:17:08,0.08374300,0.06400000
2018-02-24 09:17:17,0.08366100,0.17600000
2018-02-24 09:17:17,0.08366000,0.71200000
2018-02-24 09:17:20,0.08366000,0.43600000
2018-02-24 09:17:21,0.08370000,0.12600000
2018-02-24 09:17:23,0.08370000,0.21400000
2018-02-24 09:17:24,0.08366000,0.00100000
2018-02-24 09:17:24,0.08365500,0.22400000
2018-02-24 09:17:25,0.08365500,0.04500000
2018-02-24 09:17:25,0.08365500,0.00100000
2018-02-24 09:17:25,0.08365000,0.55200000
2018-02-24 09:17:25,0.08362600,0.04900000
2018-02-24 09:17:25,0.08362500,1.41900000
2018-02-24 09:17:28,0.08362500,0.02000000
2018-02-24 09:17:28,0.08362500,0.27800000
2018-02-24 09:17:28,0.08370000,0.38000000
2018-02-24 09:17:29,0.08362400,0.01300000
2018-02-24 09:17:29,0.08362500,0.02000000
2018-02-24 09:17:29,0.08362400,0.24400000
2018-02-24 09:17:30,0.08362500,0.02000000
2018-02-24 09:17:30,0.08362400,0.34000000
2018-02-24 09:17:30,0.08366000,0.04100000
2018-02-24 09:17:30,0.08366000,0.39800000
2018-02-24 09:17:30,0.08366000,0.40000000
2018-02-24 09:17:31,0.08366000,0.77600000
2018-02-24 09:17:31,0.08366000,3.73300000
2018-02-24 09:17:32,0.08362400,0.11100000
2018-02-24 09:17:33,0.08366000,0.35800000
2018-02-24 09:17:33,0.08366000,0.13300000
2018-02-24 09:17:33,0.08362400,0.05900000
2018-02-24 09:17:33,0.08366000,0.15300000
2018-02-24 09:17:33,0.08362400,0.06300000
2018-02-24 09:17:34,0.08366000,0.18600000
2018-02-24 09:17:34,0.08362500,0.09300000
2018-02-24 09:17:35,0.08366000,0.14900000
2018-02-24 09:17:35,0.08366000,0.33600000
2018-02-24 09:17:37,0.08366000,1.02600000
2018-02-24 09:17:38,0.08362500,0.00700000
2018-02-24 09:17:38,0.08362400,0.02700000
2018-02-24 09:17:38,0.08362400,0.13200000
2018-02-24 09:17:38,0.08366000,0.40000000
2018-02-24 09:17:38,0.08362400,0.01100000
2018-02-24 09:17:38,0.08362200,0.00500000
2018-02-24 09:17:39,0.08362200,0.02300000
2018-02-24 09:17:42,0.08366000,0.14200000
2018-02-24 09:17:44,0.08366000,0.07500000
2018-02-24 09:17:45,0.08366000,0.61900000
2018-02-24 09:17:47,0.08362200,0.01700000
2018-02-24 09:17:47,0.08366000,0.01200000
2018-02-24 09:17:48,0.08362500,2.02700000
2018-02-24 09:17:48,0.08362700,0.03300000
2018-02-24 09:17:52,0.08369900,0.04200000
2018-02-24 09:17:53,0.08369900,0.71600000
2018-02-24 09:17:54,0.08369900,0.23400000
2018-02-24 09:17:56,0.08370000,0.14400000
2018-02-24 09:17:58,0.08370000,0.01500000
2018-02-24 09:17:59,0.08362500,0.02000000
2018-02-24 09:18:00,0.08362500,0.17900000
2018-02-24 09:18:00,0.08362500,0.02000000
2018-02-24 09:18:03,0.08370000,0.69100000
2018-02-24 09:18:04,0.08370000,0.34800000
2018-02-24 09:18:04,0.08370000,0.09700000
2018-02-24 09:18:04,0.08370000,0.15600000
2018-02-24 09:18:04,0.08370000,0.35400000
2018-02-24 09:18:04,0.08370000,1.19200000
2018-02-24 09:18:04,0.08370000,2.58000000
2018-02-24 09:18:04,0.08362400,1.79800000
2018-02-24 09:18:04,0.08362400,0.65900000
2018-02-24 09:18:05,0.08362400,0.09100000
2018-02-24 09:18:06,0.08362400,0.16500000
2018-02-24 09:18:07,0.08370400,0.03500000
2018-02-24 09:18:08,0.08362400,0.01600000
2018-02-24 09:18:09,0.08370400,0.40000000
2018-02-24 09:18:09,0.08362600,0.16200000
2018-02-24 09:18:14,0.08370400,0.11700000
2018-02-24 09:18:14,0.08362600,0.00100000
2018-02-24 09:18:14,0.08362500,0.06500000
2018-02-24 09:18:15,0.08370600,0.02900000
2018-02-24 09:18:16,0.08362500,0.56100000
2018-02-24 09:18:17,0.08362400,0.59900000
2018-02-24 09:18:17,0.08362400,0.59900000
2018-02-24 09:18:17,0.08362400,2.11200000
2018-02-24 09:18:17,0.08362500,0.00100000
2018-02-24 09:18:17,0.08362500,2.02700000
2018-02-24 09:18:17,0.08362400,2.06900000
2018-02-24 09:18:18,0.08370600,0.16300000
2018-02-24 09:18:18,0.08370900,0.15400000
2018-02-24 09:18:18,0.08362500,0.02900000
2018-02-24 09:18:19,0.08362500,0.04700000
2018-02-24 09:18:19,0.08362500,0.00100000
2018-02-24 09:18:19,0.08370900,0.04700000
2018-02-24 09:18:19,0.08370900,0.04700000
2018-02-24 09:18:19,0.08370900,0.04700000
2018-02-24 09:18:19,0.08362400,0.07700000
2018-02-24 09:18:19,0.08362400,0.61000000
2018-02-24 09:18:19,0.08362400,0.59800000
2018-02-24 09:18:19,0.08362400,0.07700000
2018-02-24 09:18:19,0.08362400,0.59800000
2018-02-24 09:18:19,0.08370900,0.14800000
2018-02-24 09:18:19,0.08362400,0.07700000
2018-02-24 09:18:19,0.08362400,0.54000000
2018-02-24 09:18:21,0.08362600,0.06900000
2018-02-24 09:18:22,0.08362600,0.19900000
2018-02-24 09:18:23,0.08370800,0.03300000
2018-02-24 09:18:25,0.08370000,0.00800000
2018-02-24 09:18:27,0.08370000,0.02900000
2018-02-24 09:18:31,0.08362900,0.08300000
2018-02-24 09:18:31,0.08370900,0.07500000
2018-02-24 09:18:31,0.08370900,0.07600000
2018-02-24 09:18:34,0.08370900,0.77700000
2018-02-24 09:18:34,0.08371000,0.17900000
2018-02-24 09:18:34,0.08374000,0.04600000
2018-02-24 09:18:34,0.08374300,0.02000000
2018-02-24 09:18:34,0.08374400,0.43200000
2018-02-24 09:18:34,0.08374900,0.85300000
2018-02-24 09:18:34,0.08375000,0.01100000
2018-02-24 09:18:36,0.08374100,0.44000000
2018-02-24 09:18:37,0.08364000,0.52900000
2018-02-24 09:18:37,0.08364100,0.22900000
2018-02-24 09:18:40,0.08364400,0.10000000
2018-02-24 09:18:42,0.08373700,0.33800000
2018-02-24 09:18:42,0.08364600,0.02000000
2018-02-24 09:18:43,0.08370600,0.48600000
2018-02-24 09:18:44,0.08364600,0.05000000
2018-02-24 09:18:44,0.08370600,0.05200000
2018-02-24 09:18:46,0.08370600,0.08400000
2018-02-24 09:18:51,0.08365000,0.19200000
2018-02-24 09:18:51,0.08364900,0.49100000
2018-02-24 09:18:53,0.08365000,0.60300000
2018-02-24 09:18:53,0.08365000,1.08200000
2018-02-24 09:18:54,0.08365000,0.23600000
2018-02-24 09:18:54,0.08365000,0.10500000
2018-02-24 09:18:54,0.08365000,0.00100000
2018-02-24 09:18:54,0.08363400,0.71300000
2018-02-24 09:18:55,0.08363400,0.20100000
2018-02-24 09:18:55,0.08362400,0.15600000
2018-02-24 09:18:57,0.08363400,0.05500000
2018-02-24 09:18:57,0.08362400,0.06300000
2018-02-24 09:18:58,0.08363000,0.14300000
2018-02-24 09:18:58,0.08363000,0.30700000
2018-02-24 09:18:58,0.08363000,0.08000000
2018-02-24 09:18:58,0.08363400,0.00700000
2018-02-24 09:18:58,0.08363400,0.00100000
2018-02-24 09:18:58,0.08367500,0.03900000
2018-02-24 09:18:58,0.08369900,0.04700000
2018-02-24 09:18:59,0.08369900,0.07000000
2018-02-24 09:19:00,0.08364500,1.28700000
2018-02-24 09:19:02,0.08369900,0.02900000
2018-02-24 09:19:02,0.08369900,1.85400000
2018-02-24 09:19:03,0.08370600,2.14800000
2018-02-24 09:19:03,0.08364500,0.28700000
2018-02-24 09:19:03,0.08370600,0.10900000
2018-02-24 09:19:03,0.08370600,0.11000000
2018-02-24 09:19:06,0.08364500,0.98300000
2018-02-24 09:19:07,0.08364500,0.00100000
2018-02-24 09:19:10,0.08364500,1.05200000
2018-02-24 09:19:10,0.08370600,0.09700000
2018-02-24 09:19:13,0.08370600,0.24300000
2018-02-24 09:19:14,0.08362500,0.15200000
2018-02-24 09:19:14,0.08370600,0.45800000
2018-02-24 09:19:15,0.08370600,0.02300000
2018-02-24 09:19:15,0.08362600,0.42000000
2018-02-24 09:19:16,0.08370600,0.03500000
2018-02-24 09:19:16,0.08370600,0.24300000
2018-02-24 09:19:17,0.08370600,0.04400000
