DATE,PRICE,VOLUME
2018-02-24 08:00:01,0.08363100,0.53100000
2018-02-24 08:00:01,0.08363100,0.18600000
2018-02-24 08:00:01,0.08369800,1.14500000
2018-02-24 08:00:02,0.08369800,0.11900000
2018-02-24 08:00:02,0.08363100,0.01300000
2018-02-24 08:00:02,0.08368000,0.06000000
2018-02-24 08:00:02,0.08368000,0.59800000
2018-02-24 08:00:02,0.08368000,1.34100000
2018-02-24 08:00:02,0.08368000,0.00100000
2018-02-24 08:00:02,0.08362600,0.29400000
2018-02-24 08:00:02,0.08362400,0.13300000
2018-02-24 08:00:02,0.08362400,0.26800000
2018-02-24 08:00:03,0.08363100,1.10000000
2018-02-24 08:00:04,0.08363200,0.32100000
2018-02-24 08:00:04,0.08363200,0.90200000
2018-02-24 08:00:04,0.08363200,0.02800000
2018-02-24 08:00:05,0.08363300,0.06700000
2018-02-24 08:00:05,0.08369600,0.02300000
2018-02-24 08:00:06,0.08363300,0.28500000
2018-02-24 08:00:06,0.08369600,0.05600000
2018-02-24 08:00:07,0.08362400,0.20000000
2018-02-24 08:00:07,0.08369500,0.24200000
2018-02-24 08:00:07,0.08369600,0.30400000
2018-02-24 08:00:08,0.08369800,0.09200000
2018-02-24 08:00:09,0.08362500,0.20800000
2018-02-24 08:00:10,0.08363100,0.06000000
2018-02-24 08:00:11,0.08369700,0.08600000
2018-02-24 08:00:11,0.08363100,0.07300000
2018-02-24 08:00:13,0.08363300,0.02800000
2018-02-24 08:00:14,0.08369700,0.20800000
2018-02-24 08:00:14,0.08369800,0.20000000
2018-02-24 08:00:14,0.08369800,0.24500000
2018-02-24 08:00:14,0.08369800,0.12700000
2018-02-24 08:00:14,0.08369800,0.50000000
2018-02-24 08:00:18,0.08369700,0.02800000
2018-02-24 08:00:18,0.08369800,0.16500000
2018-02-24 08:00:18,0.08369800,0.09900000
2018-02-24 08:00:19,0.08369800,1.51500000
2018-02-24 08:00:20,0.08369800,0.00100000
2018-02-24 08:00:20,0.08370100,0.79400000
2018-02-24 08:00:25,0.08364000,0.02400000
2018-02-24 08:00:25,0.08364000,0.54100000
2018-02-24 08:00:27,0.08363900,0.04900000
2018-02-24 08:00:27,0.08363900,0.04300000
2018-02-24 08:00:29,0.08363900,0.09000000
2018-02-24 08:00:29,0.08369500,0.15000000
2018-02-24 08:00:31,0.08369300,0.41500000
2018-02-24 08:00:31,0.08369300,0.59700000
2018-02-24 08:00:31,0.08369300,0.41400000
2018-02-24 08:00:31,0.08369300,1.30600000
2018-02-24 08:00:31,0.08369300,3.09300000
2018-02-24 08:00:31,0.08370200,0.44800000
2018-02-24 08:00:31,0.08370800,0.07200000
2018-02-24 08:00:31,0.08370900,0.15200000
2018-02-24 08:00:31,0.08370900,0.02000000
2018-02-24 08:00:32,0.08370600,0.18200000
2018-02-24 08:00:32,0.08370900,0.03700000
2018-02-24 08:00:32,0.08371000,0.41200000
2018-02-24 08:00:32,0.08371100,0.17000000
2018-02-24 08:00:33,0.08364200,0.00800000
2018-02-24 08:00:33,0.08370100,0.08900000
2018-02-24 08:00:33,0.08370100,0.00100000
2018-02-24 08:00:33,0.08364200,0.08700000
2018-02-24 08:00:33,0.08364200,0.02200000
2018-02-24 08:00:33,0.08364200,0.08900000
2018-02-24 08:00:33,0.08364200,0.08900000
2018-02-24 08:00:33,0.08364200,0.08900000
2018-02-24 08:00:33,0.08364200,0.08100000
2018-02-24 08:00:35,0.08371100,0.30800000
2018-02-24 08:00:35,0.08371200,0.19200000
2018-02-24 08:00:36,0.08364400,0.30100000
2018-02-24 08:00:38,0.08368600,0.02700000
2018-02-24 08:00:38,0.08364500,0.02100000
2018-02-24 08:00:38,0.08364500,0.23900000
2018-02-24 08:00:39,0.08368600,0.04100000
2018-02-24 08:00:39,0.08364500,1.51300000
2018-02-24 08:00:40,0.08364600,0.33900000
2018-02-24 08:00:40,0.08368600,0.02400000
2018-02-24 08:00:40,0.08363100,0.00100000
2018-02-24 08:00:40,0.08363000,1.00000000
2018-02-24 08:00:40,0.08362400,0.19500000
2018-02-24 08:00:41,0.08362400,0.10900000
2018-02-24 08:00:41,0.08362400,1.19600000
2018-02-24 08:00:41,0.08361700,0.10700000
2018-02-24 08:00:41,0.08361700,1.30400000
2018-02-24 08:00:41,0.08361700,0.00900000
2018-02-24 08:00:41,0.08361100,1.11200000
2018-02-24 08:00:41,0.08362400,0.26500000
2018-02-24 08:00:41,0.08361100,0.62500000
2018-02-24 08:00:41,0.08362400,0.61500000
2018-02-24 08:00:41,0.08361100,0.07700000
2018-02-24 08:00:42,0.08361700,0.13300000
2018-02-24 08:00:42,0.08361700,0.00200000
2018-02-24 08:00:42,0.08362400,0.13400000
2018-02-24 08:00:42,0.08362400,0.13400000
2018-02-24 08:00:42,0.08362400,1.08500000
2018-02-24 08:00:42,0.08364500,0.13300000
2018-02-24 08:00:42,0.08364500,0.44500000
2018-02-24 08:00:42,0.08364500,0.11500000
2018-02-24 08:00:42,0.08364500,0.00100000
2018-02-24 08:00:42,0.08368400,0.02600000
2018-02-24 08:00:42,0.08361000,0.01600000
2018-02-24 08:00:45,0.08361000,0.17700000
2018-02-24 08:00:46,0.08361800,0.15300000
2018-02-24 08:00:46,0.08368100,0.58100000
2018-02-24 08:00:46,0.08368200,3.65400000
2018-02-24 08:00:46,0.08368200,0.15100000
2018-02-24 08:00:46,0.08368200,0.15000000
2018-02-24 08:00:46,0.08368200,0.15200000
2018-02-24 08:00:46,0.08361000,0.03500000
2018-02-24 08:00:46,0.08361000,0.03400000
2018-02-24 08:00:46,0.08368200,0.33200000
2018-02-24 08:00:46,0.08361100,0.06000000
2018-02-24 08:00:46,0.08368200,0.58500000
2018-02-24 08:00:47,0.08361100,0.06600000
2018-02-24 08:00:47,0.08361100,0.11500000
2018-02-24 08:00:47,0.08361100,0.00100000
2018-02-24 08:00:47,0.08360800,0.06800000
2018-02-24 08:00:49,0.08360800,0.02000000
2018-02-24 08:00:49,0.08360800,0.06000000
2018-02-24 08:00:49,0.08368200,2.15400000
2018-02-24 08:00:49,0.08361100,0.03900000
2018-02-24 08:00:49,0.08361000,0.06900000
2018-02-24 08:00:49,0.08361100,0.05200000
2018-02-24 08:00:49,0.08361100,0.12900000
2018-02-24 08:00:49,0.08361100,0.34500000
2018-02-24 08:00:50,0.08361100,0.59800000
2018-02-24 08:00:50,0.08361100,0.08100000
2018-02-24 08:00:50,0.08361100,0.28700000
2018-02-24 08:00:50,0.08361100,0.01300000
2018-02-24 08:00:50,0.08361100,0.72800000
2018-02-24 08:00:50,0.08368200,0.00100000
2018-02-24 08:00:50,0.08368600,0.11300000
2018-02-24 08:00:50,0.08368600,0.02000000
2018-02-24 08:00:50,0.08368600,0.10900000
2018-02-24 08:00:50,0.08368600,0.16400000
2018-02-24 08:00:50,0.08369500,0.03700000
2018-02-24 08:00:50,0.08369500,0.08400000
2018-02-24 08:00:50,0.08369500,0.12200000
2018-02-24 08:00:52,0.08361100,0.01900000
2018-02-24 08:00:53,0.08361100,0.07100000
2018-02-24 08:00:54,0.08369500,0.10800000
2018-02-24 08:00:54,0.08361100,1.19700000
2018-02-24 08:00:54,0.08361100,0.48700000
2018-02-24 08:00:55,0.08361000,0.33000000
2018-02-24 08:00:57,0.08360800,0.56300000
2018-02-24 08:01:00,0.08369000,0.02000000
2018-02-24 08:01:00,0.08369100,0.11600000
2018-02-24 08:01:04,0.08361000,0.02000000
2018-02-24 08:01:04,0.08368900,1.14000000
2018-02-24 08:01:10,0.08368800,0.04800000
2018-02-24 08:01:10,0.08360900,0.22000000
2018-02-24 08:01:10,0.08360900,0.02200000
2018-02-24 08:01:10,0.08360800,0.04900000
2018-02-24 08:01:10,0.08360600,0.13900000
2018-02-24 08:01:11,0.08361000,0.24500000
2018-02-24 08:01:12,0.08368800,0.00100000
2018-02-24 08:01:12,0.08368900,0.10500000
2018-02-24 08:01:13,0.08368800,0.01900000
2018-02-24 08:01:16,0.08368500,0.24100000
2018-02-24 08:01:17,0.08368500,0.05700000
2018-02-24 08:01:17,0.08368500,0.59900000
2018-02-24 08:01:17,0.08369000,0.54100000
2018-02-24 08:01:19,0.08369000,0.01900000
2018-02-24 08:01:19,0.08369000,0.05000000
2018-02-24 08:01:23,0.08363600,0.07100000
2018-02-24 08:01:24,0.08363700,1.06300000
2018-02-24 08:01:28,0.08363900,0.22600000
2018-02-24 08:01:28,0.08369500,0.04400000
2018-02-24 08:01:28,0.08369500,0.10300000
2018-02-24 08:01:28,0.08369500,0.47800000
2018-02-24 08:01:28,0.08370800,0.35400000
2018-02-24 08:01:28,0.08371200,0.16500000
2018-02-24 08:01:28,0.08371600,0.14300000
2018-02-24 08:01:31,0.08364100,0.46800000
2018-02-24 08:01:32,0.08364200,0.07200000
2018-02-24 08:01:33,0.08364200,0.07400000
2018-02-24 08:01:34,0.08364200,0.04100000
2018-02-24 08:01:34,0.08364200,0.02700000
2018-02-24 08:01:36,0.08364200,0.02700000
2018-02-24 08:01:36,0.08367600,0.04700000
2018-02-24 08:01:37,0.08367600,0.11300000
2018-02-24 08:01:37,0.08364200,0.00100000
2018-02-24 08:01:37,0.08364100,0.10200000
2018-02-24 08:01:37,0.08364100,0.11200000
2018-02-24 08:01:37,0.08364100,0.03800000
2018-02-24 08:01:37,0.08364100,0.11200000
2018-02-24 08:01:37,0.08364100,0.24800000
2018-02-24 08:01:37,0.08367600,0.04700000
2018-02-24 08:01:37,0.08364100,0.01300000
2018-02-24 08:01:37,0.08364100,1.09100000
2018-02-24 08:01:38,0.08371000,0.05600000
2018-02-24 08:01:38,0.08371000,0.39300000
2018-02-24 08:01:38,0.08371000,0.05600000
2018-02-24 08:01:38,0.08371000,0.10800000
2018-02-24 08:01:40,0.08371000,0.23400000
2018-02-24 08:01:40,0.08371000,0.06800000
2018-02-24 08:01:40,0.08370300,0.07100000
2018-02-24 08:01:40,0.08371000,0.00200000
2018-02-24 08:01:40,0.08371000,0.02900000
2018-02-24 08:01:41,0.08371000,0.50500000
2018-02-24 08:01:41,0.08371000,0.00100000
2018-02-24 08:01:41,0.08364100,0.11200000
2018-02-24 08:01:41,0.08364100,0.50500000
2018-02-24 08:01:41,0.08364100,0.06300000
2018-02-24 08:01:41,0.08364100,0.07100000
2018-02-24 08:01:41,0.08364100,0.50500000
2018-02-24 08:01:41,0.08364100,0.19800000
2018-02-24 08:01:41,0.08364100,0.18000000
2018-02-24 08:01:41,0.08363600,0.02000000
2018-02-24 08:01:41,0.08363300,0.17000000
2018-02-24 08:01:41,0.08361000,0.13500000
2018-02-24 08:01:41,0.08371200,0.06800000
2018-02-24 08:01:42,0.08371000,0.34600000
2018-02-24 08:01:42,0.08362600,0.02000000
2018-02-24 08:01:42,0.08361100,0.08400000
2018-02-24 08:01:43,0.08362600,0.01900000
2018-02-24 08:01:46,0.08370900,0.48400000
2018-02-24 08:01:46,0.08361200,2.84200000
2018-02-24 08:01:47,0.08361300,1.19600000
2018-02-24 08:01:47,0.08361300,1.71600000
2018-02-24 08:01:47,0.08361400,0.09900000
2018-02-24 08:01:47,0.08361300,0.30800000
2018-02-24 08:01:47,0.08361000,0.21400000
2018-02-24 08:01:48,0.08361400,0.73000000
2018-02-24 08:01:48,0.08361400,1.20200000
2018-02-24 08:01:48,0.08361400,0.08200000
2018-02-24 08:01:49,0.08369800,0.02900000
2018-02-24 08:01:49,0.08364200,0.47000000
2018-02-24 08:01:50,0.08364200,0.00500000
2018-02-24 08:01:50,0.08361800,0.04100000
2018-02-24 08:01:51,0.08369700,0.09900000
2018-02-24 08:01:51,0.08369800,0.05800000
2018-02-24 08:01:51,0.08370500,0.28800000
2018-02-24 08:01:52,0.08361900,0.11000000
2018-02-24 08:01:55,0.08361900,1.31100000
2018-02-24 08:01:56,0.08361900,0.08300000
2018-02-24 08:01:56,0.08361900,0.39100000
2018-02-24 08:01:56,0.08361900,0.00100000
2018-02-24 08:01:56,0.08361400,0.08200000
2018-02-24 08:01:56,0.08361400,0.01600000
2018-02-24 08:01:56,0.08361900,0.08300000
2018-02-24 08:01:57,0.08369600,0.59700000
2018-02-24 08:01:57,0.08369600,0.07500000
2018-02-24 08:01:58,0.08361500,0.38500000
2018-02-24 08:01:58,0.08361500,0.07000000
2018-02-24 08:01:58,0.08361500,0.10200000
2018-02-24 08:01:59,0.08361600,0.05900000
2018-02-24 08:02:00,0.08362100,0.02200000
2018-02-24 08:02:00,0.08362100,0.09300000
2018-02-24 08:02:00,0.08369600,0.16100000
2018-02-24 08:02:01,0.08362100,0.41800000
2018-02-24 08:02:02,0.08362100,0.72700000
2018-02-24 08:02:03,0.08362100,0.07100000
2018-02-24 08:02:03,0.08362100,0.00800000
2018-02-24 08:02:03,0.08362100,0.06200000
2018-02-24 08:02:03,0.08362200,0.15200000
2018-02-24 08:02:03,0.08362200,0.41900000
2018-02-24 08:02:03,0.08362200,0.23000000
2018-02-24 08:02:04,0.08362200,0.54300000
2018-02-24 08:02:05,0.08362300,0.03500000
2018-02-24 08:02:06,0.08362300,0.07700000
2018-02-24 08:02:06,0.08362300,0.34100000
2018-02-24 08:02:06,0.08362300,0.50500000
2018-02-24 08:02:07,0.08369400,0.03000000
2018-02-24 08:02:07,0.08369400,0.20300000
2018-02-24 08:02:07,0.08369400,0.10900000
2018-02-24 08:02:07,0.08369400,0.10900000
2018-02-24 08:02:07,0.08369400,0.33200000
2018-02-24 08:02:07,0.08362200,0.89200000
2018-02-24 08:02:07,0.08362200,0.21000000
2018-02-24 08:02:07,0.08363700,0.06500000
2018-02-24 08:02:07,0.08369400,0.01600000
2018-02-24 08:02:08,0.08362200,0.22000000
2018-02-24 08:02:08,0.08362200,0.11000000
2018-02-24 08:02:09,0.08362200,0.07700000
2018-02-24 08:02:09,0.08362200,0.53700000
2018-02-24 08:02:09,0.08362200,0.02700000
2018-02-24 08:02:09,0.08362200,0.03500000
2018-02-24 08:02:09,0.08369200,0.02600000
2018-02-24 08:02:09,0.08369200,0.00100000
2018-02-24 08:02:10,0.08362200,0.02600000
2018-02-24 08:02:10,0.08362700,0.08500000
2018-02-24 08:02:10,0.08369200,0.02500000
2018-02-24 08:02:10,0.08362700,0.22000000
2018-02-24 08:02:10,0.08362700,0.41600000
2018-02-24 08:02:10,0.08362800,0.41600000
2018-02-24 08:02:10,0.08362800,0.41600000
2018-02-24 08:02:12,0.08362800,0.09900000
2018-02-24 08:02:12,0.08369200,1.27800000
2018-02-24 08:02:12,0.08369300,0.19100000
2018-02-24 08:02:12,0.08369600,0.43200000
2018-02-24 08:02:12,0.08370300,0.35700000
2018-02-24 08:02:12,0.08370400,0.02000000
2018-02-24 08:02:12,0.08370500,0.21500000
2018-02-24 08:02:12,0.08370600,0.35500000
2018-02-24 08:02:12,0.08370700,1.42500000
2018-02-24 08:02:13,0.08362900,0.02000000
2018-02-24 08:02:13,0.08362700,0.20000000
2018-02-24 08:02:14,0.08363000,0.04000000
2018-02-24 08:02:15,0.08363100,0.02100000
2018-02-24 08:02:15,0.08370700,0.06600000
2018-02-24 08:02:16,0.08370700,0.78800000
2018-02-24 08:02:16,0.08363200,0.07200000
2018-02-24 08:02:17,0.08370700,0.00100000
2018-02-24 08:02:17,0.08370700,0.06300000
2018-02-24 08:02:18,0.08370700,0.00100000
2018-02-24 08:02:18,0.08363300,0.02500000
2018-02-24 08:02:19,0.08363400,0.16900000
2018-02-24 08:02:21,0.08363500,0.02000000
2018-02-24 08:02:23,0.08371200,0.23300000
2018-02-24 08:02:23,0.08371600,0.11500000
2018-02-24 08:02:23,0.08371700,0.05200000
2018-02-24 08:02:23,0.08363500,0.04900000
2018-02-24 08:02:24,0.08363600,0.14700000
2018-02-24 08:02:24,0.08363600,0.02600000
2018-02-24 08:02:24,0.08363600,0.03500000
2018-02-24 08:02:27,0.08371000,0.18000000
2018-02-24 08:02:28,0.08363900,0.06000000
2018-02-24 08:02:30,0.08364000,0.08100000
2018-02-24 08:02:30,0.08363900,1.19600000
2018-02-24 08:02:30,0.08363900,1.05000000
2018-02-24 08:02:30,0.08363900,1.05000000
2018-02-24 08:02:30,0.08364000,0.08100000
2018-02-24 08:02:31,0.08364000,0.04600000
2018-02-24 08:02:31,0.08364000,0.03700000
2018-02-24 08:02:31,0.08364000,1.04800000
2018-02-24 08:02:31,0.08364000,2.44900000
2018-02-24 08:02:32,0.08364000,0.07700000
2018-02-24 08:02:33,0.08364000,0.59500000
2018-02-24 08:02:34,0.08370900,0.11900000
2018-02-24 08:02:37,0.08363200,0.07700000
2018-02-24 08:02:37,0.08363300,0.39600000
2018-02-24 08:02:38,0.08363300,0.59800000
2018-02-24 08:02:38,0.08363300,0.07700000
2018-02-24 08:02:38,0.08363300,0.59800000
2018-02-24 08:02:38,0.08363300,0.07700000
2018-02-24 08:02:38,0.08363300,0.07700000
2018-02-24 08:02:39,0.08363300,0.07700000
2018-02-24 08:02:39,0.08363300,0.32700000
2018-02-24 08:02:39,0.08363300,0.07700000
2018-02-24 08:02:39,0.08363300,0.07700000
2018-02-24 08:02:40,0.08363300,2.00100000
2018-02-24 08:02:40,0.08363200,0.19000000
2018-02-24 08:02:41,0.08363200,0.20500000
2018-02-24 08:02:41,0.08362300,0.06400000
2018-02-24 08:02:41,0.08361300,0.09700000
2018-02-24 08:02:41,0.08361100,0.71600000
2018-02-24 08:02:41,0.08361100,1.14100000
2018-02-24 08:02:41,0.08361000,5.27000000
2018-02-24 08:02:41,0.08361000,0.20400000
2018-02-24 08:02:41,0.08361000,0.17300000
2018-02-24 08:02:41,0.08361100,0.05500000
2018-02-24 08:02:41,0.08361100,0.54400000
2018-02-24 08:02:41,0.08370700,0.04900000
2018-02-24 08:02:42,0.08361100,1.13700000
2018-02-24 08:02:43,0.08361100,0.03200000
2018-02-24 08:02:43,0.08361100,0.05200000
2018-02-24 08:02:43,0.08367800,0.16900000
2018-02-24 08:02:43,0.08370600,0.23100000
2018-02-24 08:02:44,0.08370500,0.02900000
2018-02-24 08:02:45,0.08363400,0.47100000
2018-02-24 08:02:46,0.08363400,0.09900000
2018-02-24 08:02:47,0.08361100,0.04700000
2018-02-24 08:02:48,0.08361200,0.00300000
2018-02-24 08:02:48,0.08370100,0.07000000
2018-02-24 08:02:48,0.08370000,0.07300000
2018-02-24 08:02:52,0.08369600,0.11500000
2018-02-24 08:02:53,0.08361400,0.09900000
2018-02-24 08:02:56,0.08361100,0.02100000
2018-02-24 08:02:56,0.08361000,0.14100000
2018-02-24 08:02:56,0.08369500,0.07400000
2018-02-24 08:02:56,0.08369600,0.02000000
2018-02-24 08:02:56,0.08369700,1.09700000
2018-02-24 08:02:56,0.08369800,0.81600000
2018-02-24 08:03:00,0.08361600,0.24200000
2018-02-24 08:03:01,0.08361600,0.00100000
2018-02-24 08:03:02,0.08362800,1.19600000
2018-02-24 08:03:02,0.08362800,0.21400000
2018-02-24 08:03:02,0.08362800,0.21400000
2018-02-24 08:03:06,0.08361100,0.18500000
2018-02-24 08:03:08,0.08361100,0.06900000
2018-02-24 08:03:08,0.08361100,0.22500000
2018-02-24 08:03:08,0.08361100,0.11200000
2018-02-24 08:03:09,0.08368500,0.70000000
2018-02-24 08:03:12,0.08368500,0.04500000
2018-02-24 08:03:17,0.08362200,0.10800000
2018-02-24 08:03:17,0.08362200,0.01900000
2018-02-24 08:03:19,0.08362300,0.01500000
2018-02-24 08:03:24,0.08367600,0.70400000
2018-02-24 08:03:25,0.08362300,0.09900000
2018-02-24 08:03:25,0.08362300,0.09900000
2018-02-24 08:03:25,0.08362300,0.02800000
2018-02-24 08:03:27,0.08362300,0.72300000
2018-02-24 08:03:27,0.08362200,0.38600000
2018-02-24 08:03:28,0.08366900,0.02200000
2018-02-24 08:03:28,0.08362200,0.01600000
2018-02-24 08:03:31,0.08362200,0.06900000
2018-02-24 08:03:33,0.08362200,1.19600000
2018-02-24 08:03:33,0.08362200,0.66800000
2018-02-24 08:03:33,0.08362200,0.18100000
2018-02-24 08:03:34,0.08362200,0.11000000
2018-02-24 08:03:35,0.08362200,0.32800000
2018-02-24 08:03:35,0.08362200,0.07800000
2018-02-24 08:03:35,0.08362200,0.40800000
2018-02-24 08:03:36,0.08362200,0.29800000
2018-02-24 08:03:37,0.08362200,0.02800000
2018-02-24 08:03:39,0.08362200,0.85300000
2018-02-24 08:03:41,0.08362200,0.51900000
2018-02-24 08:03:41,0.08362200,0.63100000
2018-02-24 08:03:41,0.08362200,0.62800000
2018-02-24 08:03:42,0.08362200,0.07100000
2018-02-24 08:03:43,0.08362200,0.29900000
2018-02-24 08:03:43,0.08362200,0.06900000
2018-02-24 08:03:43,0.08362200,0.57800000
2018-02-24 08:03:43,0.08362200,0.86300000
2018-02-24 08:03:45,0.08366300,0.40800000
2018-02-24 08:03:45,0.08366300,0.34200000
2018-02-24 08:03:45,0.08362200,0.07800000
2018-02-24 08:03:46,0.08366200,0.11300000
2018-02-24 08:03:47,0.08366200,0.12300000
2018-02-24 08:03:48,0.08364000,1.18500000
2018-02-24 08:03:48,0.08364000,0.56500000
2018-02-24 08:03:50,0.08362300,0.13500000
2018-02-24 08:03:50,0.08362300,0.13400000
2018-02-24 08:03:50,0.08362300,0.35500000
2018-02-24 08:03:50,0.08362300,0.17900000
2018-02-24 08:03:50,0.08362300,0.32600000
2018-02-24 08:03:51,0.08362300,0.18800000
2018-02-24 08:03:53,0.08362300,0.27300000
2018-02-24 08:03:55,0.08364000,0.00100000
2018-02-24 08:03:55,0.08365800,0.39900000
2018-02-24 08:03:56,0.08362300,0.09200000
2018-02-24 08:03:57,0.08365800,0.25000000
2018-02-24 08:03:58,0.08366000,0.06800000
2018-02-24 08:03:58,0.08366000,0.31000000
2018-02-24 08:03:58,0.08366000,0.30900000
2018-02-24 08:03:58,0.08365700,0.07500000
2018-02-24 08:03:58,0.08365700,0.23100000
2018-02-24 08:04:00,0.08362200,0.01800000
2018-02-24 08:04:03,0.08362200,0.03300000
2018-02-24 08:04:03,0.08362200,0.04000000
2018-02-24 08:04:03,0.08362200,0.09000000
2018-02-24 08:04:07,0.08365700,0.03000000
2018-02-24 08:04:09,0.08362200,0.04700000
2018-02-24 08:04:12,0.08362300,0.05300000
2018-02-24 08:04:13,0.08365700,0.02200000
2018-02-24 08:04:13,0.08365700,0.02300000
2018-02-24 08:04:15,0.08365700,0.50500000
2018-02-24 08:04:15,0.08365700,0.07700000
2018-02-24 08:04:16,0.08362200,0.06100000
2018-02-24 08:04:17,0.08362300,0.21900000
2018-02-24 08:04:17,0.08362300,0.21900000
2018-02-24 08:04:17,0.08362300,0.21900000
2018-02-24 08:04:18,0.08362300,1.12300000
2018-02-24 08:04:18,0.08365700,0.17300000
2018-02-24 08:04:18,0.08362200,0.40000000
2018-02-24 08:04:19,0.08365700,0.59800000
2018-02-24 08:04:19,0.08365700,0.04400000
2018-02-24 08:04:20,0.08365700,0.01800000
2018-02-24 08:04:20,0.08362200,0.10000000
2018-02-24 08:04:21,0.08362200,0.04000000
2018-02-24 08:04:21,0.08362200,0.38400000
2018-02-24 08:04:21,0.08362200,0.72800000
2018-02-24 08:04:21,0.08362200,0.06600000
2018-02-24 08:04:22,0.08363200,0.01800000
2018-02-24 08:04:22,0.08363200,0.00100000
2018-02-24 08:04:22,0.08365700,0.01700000
2018-02-24 08:04:22,0.08362200,0.68700000
2018-02-24 08:04:22,0.08365700,0.01200000
2018-02-24 08:04:23,0.08362200,0.64100000
2018-02-24 08:04:24,0.08362200,0.13800000
2018-02-24 08:04:24,0.08362200,0.22400000
2018-02-24 08:04:24,0.08362200,0.08500000
2018-02-24 08:04:25,0.08362200,0.08700000
2018-02-24 08:04:26,0.08362300,0.09500000
2018-02-24 08:04:27,0.08362200,0.19300000
2018-02-24 08:04:32,0.08362200,0.02900000
2018-02-24 08:04:32,0.08362200,0.64500000
2018-02-24 08:04:32,0.08362200,0.23700000
2018-02-24 08:04:32,0.08362200,0.12500000
2018-02-24 08:04:32,0.08362200,0.03200000
2018-02-24 08:04:33,0.08362300,0.00100000
2018-02-24 08:04:33,0.08365500,0.07100000
2018-02-24 08:04:33,0.08362200,2.40000000
2018-02-24 08:04:33,0.08365600,0.12900000
2018-02-24 08:04:34,0.08365500,0.09200000
2018-02-24 08:04:34,0.08365600,0.00800000
2018-02-24 08:04:34,0.08362200,0.40000000
2018-02-24 08:04:34,0.08362200,0.31800000
2018-02-24 08:04:36,0.08362200,0.14900000
2018-02-24 08:04:37,0.08362200,0.08000000
2018-02-24 08:04:37,0.08362200,0.08100000
2018-02-24 08:04:39,0.08362200,0.02900000
2018-02-24 08:04:39,0.08362200,0.85500000
2018-02-24 08:04:40,0.08365600,0.59800000
2018-02-24 08:04:43,0.08362300,0.09500000
2018-02-24 08:04:43,0.08362300,0.00100000
2018-02-24 08:04:43,0.08364500,0.09400000
2018-02-24 08:04:43,0.08364500,0.09800000
2018-02-24 08:04:44,0.08362200,0.00100000
2018-02-24 08:04:45,0.08362200,0.04600000
2018-02-24 08:04:45,0.08362100,0.01700000
2018-02-24 08:04:45,0.08362200,0.00100000
2018-02-24 08:04:45,0.08364500,0.04500000
2018-02-24 08:04:45,0.08361800,0.04200000
2018-02-24 08:04:45,0.08364500,0.45400000
2018-02-24 08:04:45,0.08361800,0.18500000
2018-02-24 08:04:46,0.08361100,0.13200000
2018-02-24 08:04:46,0.08361100,0.13300000
2018-02-24 08:04:46,0.08361100,0.08600000
2018-02-24 08:04:47,0.08361100,0.00100000
2018-02-24 08:04:47,0.08361000,0.39900000
2018-02-24 08:04:47,0.08361000,0.02900000
2018-02-24 08:04:48,0.08361000,0.23900000
2018-02-24 08:04:48,0.08361100,0.09500000
2018-02-24 08:04:49,0.08361000,0.11700000
2018-02-24 08:04:50,0.08361000,0.00100000
2018-02-24 08:04:50,0.08360600,0.39900000
2018-02-24 08:04:51,0.08360600,0.02900000
2018-02-24 08:04:51,0.08360600,0.06500000
2018-02-24 08:04:51,0.08360000,0.25200000
2018-02-24 08:04:52,0.08360700,0.23100000
2018-02-24 08:04:52,0.08360700,0.15500000
2018-02-24 08:04:52,0.08360700,0.59800000
2018-02-24 08:04:53,0.08360800,0.07600000
2018-02-24 08:04:54,0.08360200,0.09100000
2018-02-24 08:04:54,0.08361100,0.00100000
2018-02-24 08:04:54,0.08364300,0.05600000
2018-02-24 08:04:55,0.08360200,0.37300000
2018-02-24 08:04:55,0.08364300,0.05200000
2018-02-24 08:04:56,0.08360300,0.19300000
2018-02-24 08:04:57,0.08360300,0.15000000
2018-02-24 08:04:57,0.08360300,0.52600000
2018-02-24 08:04:57,0.08360300,0.46700000
2018-02-24 08:04:58,0.08360300,0.59800000
2018-02-24 08:04:58,0.08360300,0.59800000
2018-02-24 08:04:59,0.08360300,0.15500000
2018-02-24 08:04:59,0.08360300,0.17000000
2018-02-24 08:05:02,0.08363900,0.13300000
2018-02-24 08:05:03,0.08360400,0.15000000
2018-02-24 08:05:03,0.08360400,0.09100000
2018-02-24 08:05:05,0.08360500,0.24400000
2018-02-24 08:05:06,0.08363800,0.14000000
2018-02-24 08:05:07,0.08360600,0.15000000
2018-02-24 08:05:07,0.08360600,0.08900000
2018-02-24 08:05:07,0.08360600,1.87900000
2018-02-24 08:05:07,0.08360600,0.71000000
2018-02-24 08:05:08,0.08360000,0.15200000
2018-02-24 08:05:10,0.08360100,0.06700000
2018-02-24 08:05:10,0.08360100,0.75300000
2018-02-24 08:05:11,0.08363800,0.03400000
2018-02-24 08:05:11,0.08360100,0.95500000
2018-02-24 08:05:11,0.08359900,0.52300000
2018-02-24 08:05:11,0.08363800,0.10600000
2018-02-24 08:05:11,0.08363800,0.21500000
2018-02-24 08:05:11,0.08363800,3.02700000
2018-02-24 08:05:11,0.08363900,0.33100000
2018-02-24 08:05:11,0.08364400,6.67200000
2018-02-24 08:05:11,0.08364500,0.20600000
2018-02-24 08:05:11,0.08364600,0.51100000
2018-02-24 08:05:11,0.08365500,0.04700000
2018-02-24 08:05:11,0.08365600,0.12200000
2018-02-24 08:05:11,0.08365700,0.27100000
2018-02-24 08:05:11,0.08365800,0.04500000
2018-02-24 08:05:11,0.08365800,0.09800000
2018-02-24 08:05:11,0.08365800,0.12000000
2018-02-24 08:05:11,0.08365800,0.04600000
2018-02-24 08:05:11,0.08365800,0.15000000
2018-02-24 08:05:11,0.08365800,0.11100000
2018-02-24 08:05:12,0.08365800,0.08900000
2018-02-24 08:05:12,0.08365800,0.09000000
2018-02-24 08:05:12,0.08365800,0.33700000
2018-02-24 08:05:12,0.08365800,0.37300000
2018-02-24 08:05:12,0.08365800,0.29300000
2018-02-24 08:05:12,0.08365800,0.94800000
2018-02-24 08:05:12,0.08365800,0.35900000
2018-02-24 08:05:12,0.08365800,0.94100000
2018-02-24 08:05:12,0.08363800,0.24000000
2018-02-24 08:05:12,0.08359900,0.60400000
2018-02-24 08:05:12,0.08359900,0.45400000
2018-02-24 08:05:13,0.08366300,0.06900000
2018-02-24 08:05:14,0.08360300,0.27800000
2018-02-24 08:05:15,0.08360300,0.03300000
2018-02-24 08:05:16,0.08360300,0.01500000
2018-02-24 08:05:17,0.08360300,0.15000000
2018-02-24 08:05:17,0.08360300,0.03700000
2018-02-24 08:05:18,0.08360300,0.02900000
2018-02-24 08:05:18,0.08365900,0.29600000
2018-02-24 08:05:18,0.08365900,0.00200000
2018-02-24 08:05:18,0.08360300,0.29300000
2018-02-24 08:05:19,0.08366000,0.05000000
2018-02-24 08:05:20,0.08360300,0.71000000
2018-02-24 08:05:20,0.08360400,0.02400000
2018-02-24 08:05:20,0.08360400,0.07300000
2018-02-24 08:05:20,0.08366000,0.00300000
2018-02-24 08:05:20,0.08366000,0.09600000
2018-02-24 08:05:20,0.08360300,0.83400000
2018-02-24 08:05:20,0.08360300,0.29500000
2018-02-24 08:05:21,0.08359900,1.19500000
2018-02-24 08:05:21,0.08360300,0.03400000
2018-02-24 08:05:21,0.08359900,0.51000000
2018-02-24 08:05:21,0.08359900,0.05900000
2018-02-24 08:05:21,0.08360300,0.00100000
2018-02-24 08:05:21,0.08365900,0.01900000
2018-02-24 08:05:21,0.08365900,0.33700000
2018-02-24 08:05:22,0.08359900,0.05600000
2018-02-24 08:05:22,0.08359800,0.39500000
2018-02-24 08:05:22,0.08359800,0.13500000
2018-02-24 08:05:23,0.08359900,0.24100000
2018-02-24 08:05:24,0.08359900,0.02100000
2018-02-24 08:05:24,0.08359800,1.04400000
2018-02-24 08:05:24,0.08359800,0.71000000
2018-02-24 08:05:24,0.08365900,2.75100000
2018-02-24 08:05:25,0.08366200,0.08900000
2018-02-24 08:05:25,0.08366200,0.11800000
2018-02-24 08:05:25,0.08366200,0.03300000
2018-02-24 08:05:25,0.08366200,0.46700000
2018-02-24 08:05:25,0.08359800,0.23900000
2018-02-24 08:05:25,0.08359800,0.66300000
2018-02-24 08:05:25,0.08359800,0.08000000
2018-02-24 08:05:25,0.08359800,0.39500000
2018-02-24 08:05:25,0.08359700,0.03400000
2018-02-24 08:05:25,0.08359400,0.10800000
2018-02-24 08:05:25,0.08359200,0.03000000
2018-02-24 08:05:25,0.08359200,0.25900000
2018-02-24 08:05:25,0.08359100,0.34400000
2018-02-24 08:05:25,0.08359000,0.28900000
2018-02-24 08:05:25,0.08358400,0.15300000
2018-02-24 08:05:25,0.08358300,0.21300000
2018-02-24 08:05:26,0.08358300,0.16600000
2018-02-24 08:05:26,0.08359200,0.02600000
2018-02-24 08:05:26,0.08359200,0.18500000
2018-02-24 08:05:26,0.08359200,0.04800000
2018-02-24 08:05:26,0.08359800,0.21000000
2018-02-24 08:05:26,0.08359800,0.51200000
2018-02-24 08:05:26,0.08359800,0.00100000
2018-02-24 08:05:26,0.08365800,0.04600000
2018-02-24 08:05:26,0.08365800,0.17600000
2018-02-24 08:05:27,0.08365700,0.59800000
2018-02-24 08:05:27,0.08365700,1.31900000
2018-02-24 08:05:27,0.08358500,0.24200000
2018-02-24 08:05:28,0.08365700,0.74000000
2018-02-24 08:05:29,0.08358400,0.63900000
2018-02-24 08:05:29,0.08358400,0.18300000
2018-02-24 08:05:33,0.08366300,0.14000000
2018-02-24 08:05:33,0.08358400,1.46700000
2018-02-24 08:05:33,0.08358400,1.12400000
2018-02-24 08:05:33,0.08358400,0.06800000
2018-02-24 08:05:34,0.08358400,0.07100000
2018-02-24 08:05:42,0.08358400,0.13300000
2018-02-24 08:05:45,0.08358400,0.20000000
2018-02-24 08:05:45,0.08366100,0.24100000
2018-02-24 08:05:45,0.08366100,0.00100000
2018-02-24 08:05:45,0.08366200,0.24000000
2018-02-24 08:05:45,0.08366200,0.02200000
2018-02-24 08:05:47,0.08366200,0.51400000
2018-02-24 08:05:48,0.08366200,0.09800000
2018-02-24 08:05:50,0.08358500,0.12900000
2018-02-24 08:05:50,0.08358500,0.09700000
2018-02-24 08:05:50,0.08358500,0.01600000
2018-02-24 08:05:50,0.08358400,0.15400000
2018-02-24 08:05:55,0.08366100,0.04700000
2018-02-24 08:05:58,0.08365900,0.74100000
2018-02-24 08:06:04,0.08358700,0.05300000
2018-02-24 08:06:05,0.08358900,0.18800000
2018-02-24 08:06:08,0.08359000,0.31100000
2018-02-24 08:06:11,0.08359000,0.00100000
2018-02-24 08:06:11,0.08358900,0.00100000
2018-02-24 08:06:11,0.08358600,0.27800000
2018-02-24 08:06:12,0.08358600,0.13000000
2018-02-24 08:06:13,0.08358600,0.09700000
2018-02-24 08:06:15,0.08358600,0.07000000
2018-02-24 08:06:16,0.08358700,0.11800000
2018-02-24 08:06:16,0.08365800,0.24200000
2018-02-24 08:06:16,0.08365900,0.24200000
2018-02-24 08:06:17,0.08365700,0.40300000
2018-02-24 08:06:17,0.08358800,0.20600000
2018-02-24 08:06:17,0.08358800,0.03600000
2018-02-24 08:06:17,0.08358700,0.17300000
2018-02-24 08:06:18,0.08365700,0.59800000
2018-02-24 08:06:18,0.08365600,0.22800000
2018-02-24 08:06:19,0.08358700,0.03300000
2018-02-24 08:06:19,0.08358800,0.22800000
2018-02-24 08:06:19,0.08358700,0.00100000
2018-02-24 08:06:19,0.08358600,0.17100000
2018-02-24 08:06:20,0.08358600,1.19700000
2018-02-24 08:06:20,0.08358600,0.49600000
2018-02-24 08:06:20,0.08358600,0.10200000
2018-02-24 08:06:20,0.08365600,0.01300000
2018-02-24 08:06:20,0.08365600,0.00100000
2018-02-24 08:06:21,0.08365600,0.23800000
2018-02-24 08:06:21,0.08365600,0.87600000
2018-02-24 08:06:21,0.08365600,0.01800000
2018-02-24 08:06:21,0.08365600,0.69500000
2018-02-24 08:06:21,0.08365600,0.11800000
2018-02-24 08:06:21,0.08365700,0.22700000
2018-02-24 08:06:21,0.08365600,0.51800000
2018-02-24 08:06:21,0.08365600,0.39100000
2018-02-24 08:06:21,0.08365600,1.31000000
2018-02-24 08:06:21,0.08365600,0.00100000
2018-02-24 08:06:21,0.08358600,1.25700000
2018-02-24 08:06:22,0.08358600,0.05300000
2018-02-24 08:06:22,0.08358600,0.13500000
2018-02-24 08:06:23,0.08359000,0.07400000
2018-02-24 08:06:23,0.08359000,0.00100000
2018-02-24 08:06:23,0.08365600,0.07300000
2018-02-24 08:06:23,0.08365600,0.07400000
2018-02-24 08:06:23,0.08365600,0.07400000
2018-02-24 08:06:24,0.08365500,0.59800000
2018-02-24 08:06:25,0.08359000,0.02200000
2018-02-24 08:06:28,0.08359100,0.11900000
2018-02-24 08:06:28,0.08359100,0.02700000
2018-02-24 08:06:31,0.08359100,0.08900000
2018-02-24 08:06:31,0.08359000,0.17100000
2018-02-24 08:06:34,0.08365100,0.59800000
2018-02-24 08:06:35,0.08359200,0.40000000
2018-02-24 08:06:36,0.08364900,0.59800000
2018-02-24 08:06:36,0.08359200,0.31500000
2018-02-24 08:06:36,0.08364900,0.59800000
2018-02-24 08:06:39,0.08359300,0.02200000
2018-02-24 08:06:41,0.08364700,0.10300000
2018-02-24 08:06:45,0.08359100,1.19700000
2018-02-24 08:06:45,0.08359100,2.46200000
2018-02-24 08:06:46,0.08359200,0.09500000
2018-02-24 08:06:47,0.08359100,0.00100000
2018-02-24 08:06:47,0.08359000,0.00100000
2018-02-24 08:06:47,0.08358400,0.39900000
2018-02-24 08:06:47,0.08358400,0.05300000
2018-02-24 08:06:47,0.08359100,0.03100000
2018-02-24 08:06:47,0.08358300,0.02900000
2018-02-24 08:06:48,0.08358300,0.04600000
2018-02-24 08:06:48,0.08358300,0.02900000
2018-02-24 08:06:49,0.08359100,0.00400000
2018-02-24 08:06:49,0.08359200,0.00100000
2018-02-24 08:06:49,0.08364200,0.04500000
2018-02-24 08:06:51,0.08358300,0.04500000
2018-02-24 08:06:51,0.08364000,0.59800000
2018-02-24 08:06:53,0.08358600,0.01600000
2018-02-24 08:06:53,0.08358600,0.06600000
2018-02-24 08:06:54,0.08363900,0.59800000
2018-02-24 08:06:55,0.08358600,0.00100000
2018-02-24 08:06:55,0.08358300,0.37400000
2018-02-24 08:06:55,0.08358100,0.15300000
2018-02-24 08:06:55,0.08358000,0.06600000
2018-02-24 08:06:55,0.08358000,0.13800000
2018-02-24 08:06:56,0.08358000,0.11900000
2018-02-24 08:06:56,0.08363800,0.03000000
2018-02-24 08:06:58,0.08358000,0.03100000
2018-02-24 08:06:58,0.08358000,0.03100000
2018-02-24 08:06:58,0.08358000,0.06000000
2018-02-24 08:06:58,0.08358000,0.01500000
2018-02-24 08:07:00,0.08358000,0.39600000
2018-02-24 08:07:01,0.08358000,0.40000000
2018-02-24 08:07:02,0.08358000,0.05300000
2018-02-24 08:07:02,0.08358000,0.04500000
2018-02-24 08:07:02,0.08363600,0.05100000
2018-02-24 08:07:05,0.08357900,0.40000000
2018-02-24 08:07:06,0.08357900,0.04700000
2018-02-24 08:07:06,0.08363400,0.15800000
2018-02-24 08:07:06,0.08357900,0.03200000
2018-02-24 08:07:06,0.08357900,0.34000000
2018-02-24 08:07:07,0.08363400,0.15400000
2018-02-24 08:07:07,0.08363400,0.00200000
2018-02-24 08:07:07,0.08363500,0.79300000
2018-02-24 08:07:07,0.08363400,0.15300000
2018-02-24 08:07:07,0.08363400,0.00100000
2018-02-24 08:07:07,0.08357900,0.04200000
2018-02-24 08:07:07,0.08357700,0.00200000
2018-02-24 08:07:07,0.08357700,0.15300000
2018-02-24 08:07:10,0.08357900,0.14900000
2018-02-24 08:07:10,0.08357900,1.95100000
2018-02-24 08:07:11,0.08357800,0.23000000
2018-02-24 08:07:11,0.08357800,0.49000000
2018-02-24 08:07:12,0.08357800,0.11400000
2018-02-24 08:07:12,0.08357800,0.06600000
2018-02-24 08:07:16,0.08358600,0.36900000
2018-02-24 08:07:16,0.08358600,0.04200000
2018-02-24 08:07:16,0.08358600,0.25500000
2018-02-24 08:07:16,0.08363100,0.41000000
2018-02-24 08:07:16,0.08363100,0.29000000
2018-02-24 08:07:16,0.08363100,0.04000000
2018-02-24 08:07:16,0.08357900,0.03000000
2018-02-24 08:07:17,0.08357800,0.87800000
2018-02-24 08:07:17,0.08357900,0.06600000
2018-02-24 08:07:17,0.08357900,0.00100000
2018-02-24 08:07:17,0.08363100,0.02000000
2018-02-24 08:07:17,0.08363100,0.06500000
2018-02-24 08:07:17,0.08357700,0.38000000
2018-02-24 08:07:17,0.08357300,0.43600000
2018-02-24 08:07:18,0.08357800,0.05000000
2018-02-24 08:07:18,0.08357800,0.41900000
2018-02-24 08:07:18,0.08357100,0.01400000
2018-02-24 08:07:18,0.08357100,0.00100000
2018-02-24 08:07:18,0.08357000,0.10300000
2018-02-24 08:07:18,0.08355400,1.06500000
2018-02-24 08:07:18,0.08355300,0.02300000
2018-02-24 08:07:18,0.08354100,0.24200000
2018-02-24 08:07:18,0.08354000,2.33700000
2018-02-24 08:07:18,0.08354000,0.02700000
2018-02-24 08:07:19,0.08354000,0.22700000
2018-02-24 08:07:19,0.08357800,0.01200000
2018-02-24 08:07:19,0.08354000,0.73800000
2018-02-24 08:07:19,0.08354000,0.49400000
2018-02-24 08:07:19,0.08354000,0.18900000
2018-02-24 08:07:19,0.08353800,0.26000000
2018-02-24 08:07:19,0.08353500,0.30100000
2018-02-24 08:07:19,0.08353500,0.40000000
2018-02-24 08:07:19,0.08353700,0.04500000
2018-02-24 08:07:19,0.08357700,0.75500000
2018-02-24 08:07:20,0.08353500,0.13900000
2018-02-24 08:07:20,0.08353300,0.13200000
2018-02-24 08:07:21,0.08353100,0.04900000
2018-02-24 08:07:21,0.08352900,0.40000000
2018-02-24 08:07:21,0.08352900,0.06900000
2018-02-24 08:07:23,0.08357600,0.04800000
2018-02-24 08:07:23,0.08357600,0.19400000
2018-02-24 08:07:23,0.08357700,0.04800000
2018-02-24 08:07:24,0.08352900,0.02100000
2018-02-24 08:07:25,0.08352300,0.30900000
2018-02-24 08:07:25,0.08352300,0.00100000
2018-02-24 08:07:26,0.08352000,0.16900000
2018-02-24 08:07:26,0.08352000,0.14000000
2018-02-24 08:07:26,0.08352000,0.00100000
2018-02-24 08:07:27,0.08352100,0.24200000
2018-02-24 08:07:27,0.08352000,0.15800000
2018-02-24 08:07:28,0.08352000,0.01100000
2018-02-24 08:07:28,0.08350500,0.10600000
2018-02-24 08:07:28,0.08352000,0.10200000
2018-02-24 08:07:29,0.08352000,0.07700000
2018-02-24 08:07:30,0.08350500,0.05800000
2018-02-24 08:07:31,0.08350500,0.11300000
2018-02-24 08:07:31,0.08352000,0.03200000
2018-02-24 08:07:33,0.08350500,0.48600000
2018-02-24 08:07:33,0.08350000,0.59900000
2018-02-24 08:07:33,0.08350000,1.50800000
2018-02-24 08:07:33,0.08349800,0.01300000
2018-02-24 08:07:33,0.08349500,0.46500000
2018-02-24 08:07:33,0.08352000,0.01800000
2018-02-24 08:07:33,0.08357700,0.50100000
2018-02-24 08:07:36,0.08349500,0.15000000
2018-02-24 08:07:41,0.08357500,0.15100000
2018-02-24 08:07:41,0.08357500,0.08400000
2018-02-24 08:07:42,0.08357500,0.02000000
2018-02-24 08:07:42,0.08357500,0.11000000
2018-02-24 08:07:42,0.08357500,0.04000000
2018-02-24 08:07:42,0.08357500,0.20400000
2018-02-24 08:07:42,0.08357500,0.02900000
2018-02-24 08:07:42,0.08357500,0.16800000
2018-02-24 08:07:42,0.08357500,0.19400000
2018-02-24 08:07:42,0.08349500,0.16700000
2018-02-24 08:07:44,0.08349500,0.10600000
2018-02-24 08:07:45,0.08355400,0.15000000
2018-02-24 08:07:45,0.08349500,0.09400000
2018-02-24 08:07:45,0.08349500,0.03800000
2018-02-24 08:07:46,0.08349500,0.08900000
2018-02-24 08:07:46,0.08349500,0.02900000
2018-02-24 08:07:46,0.08355400,0.20000000
2018-02-24 08:07:47,0.08349500,0.09200000
2018-02-24 08:07:48,0.08349500,0.03500000
2018-02-24 08:07:48,0.08349500,0.33000000
2018-02-24 08:07:49,0.08355400,0.00100000
2018-02-24 08:07:49,0.08357600,0.12400000
2018-02-24 08:07:52,0.08349500,0.03500000
2018-02-24 08:07:52,0.08352000,0.09000000
2018-02-24 08:07:53,0.08352000,0.35800000
2018-02-24 08:07:53,0.08352000,0.27500000
2018-02-24 08:07:53,0.08352000,0.08400000
2018-02-24 08:07:53,0.08352000,0.00100000
2018-02-24 08:07:53,0.08357600,0.07200000
2018-02-24 08:07:55,0.08349100,0.40000000
2018-02-24 08:07:58,0.08357600,0.31100000
2018-02-24 08:07:59,0.08357600,1.78300000
2018-02-24 08:08:00,0.08349500,0.17900000
2018-02-24 08:08:00,0.08349500,0.09700000
2018-02-24 08:08:00,0.08349500,0.17900000
2018-02-24 08:08:00,0.08349500,0.93900000
2018-02-24 08:08:00,0.08357500,0.05800000
2018-02-24 08:08:00,0.08357500,0.07300000
2018-02-24 08:08:01,0.08357500,0.01500000
2018-02-24 08:08:01,0.08349500,0.33700000
2018-02-24 08:08:02,0.08349500,0.20400000
2018-02-24 08:08:02,0.08349500,0.29500000
2018-02-24 08:08:02,0.08349100,0.52700000
2018-02-24 08:08:03,0.08349000,0.06700000
2018-02-24 08:08:03,0.08349000,0.24800000
2018-02-24 08:08:03,0.08349100,0.00100000
2018-02-24 08:08:03,0.08357500,0.15000000
2018-02-24 08:08:05,0.08350200,0.38300000
2018-02-24 08:08:07,0.08350200,0.78200000
2018-02-24 08:08:07,0.08350200,0.13700000
2018-02-24 08:08:07,0.08350200,0.59000000
2018-02-24 08:08:08,0.08350200,1.89800000
2018-02-24 08:08:08,0.08357400,0.21300000
2018-02-24 08:08:08,0.08350200,3.26800000
2018-02-24 08:08:08,0.08350200,0.00100000
2018-02-24 08:08:08,0.08350200,0.04200000
2018-02-24 08:08:10,0.08357400,0.19500000
2018-02-24 08:08:14,0.08349000,0.04000000
2018-02-24 08:08:14,0.08357300,0.02800000
2018-02-24 08:08:15,0.08349000,0.08000000
2018-02-24 08:08:16,0.08357300,0.00100000
2018-02-24 08:08:16,0.08357300,0.04700000
2018-02-24 08:08:17,0.08357300,0.04700000
2018-02-24 08:08:17,0.08357400,0.01400000
2018-02-24 08:08:17,0.08357400,0.15000000
2018-02-24 08:08:21,0.08357300,0.05800000
2018-02-24 08:08:22,0.08349300,0.09600000
2018-02-24 08:08:23,0.08349500,0.02300000
2018-02-24 08:08:24,0.08357100,0.17000000
2018-02-24 08:08:25,0.08349300,0.11500000
2018-02-24 08:08:26,0.08349500,0.25800000
2018-02-24 08:08:31,0.08349600,0.01700000
2018-02-24 08:08:32,0.08349700,0.04800000
2018-02-24 08:08:32,0.08349700,0.01400000
2018-02-24 08:08:32,0.08349700,0.03000000
2018-02-24 08:08:32,0.08349700,0.00100000
2018-02-24 08:08:32,0.08357200,0.01700000
2018-02-24 08:08:32,0.08357200,0.03000000
2018-02-24 08:08:37,0.08349800,0.08700000
2018-02-24 08:08:38,0.08350000,0.04400000
2018-02-24 08:08:38,0.08357000,0.01200000
2018-02-24 08:08:39,0.08357000,0.05500000
2018-02-24 08:08:39,0.08350200,0.34800000
2018-02-24 08:08:40,0.08350200,0.17900000
2018-02-24 08:08:42,0.08350400,0.11900000
2018-02-24 08:08:42,0.08357000,0.13300000
2018-02-24 08:08:42,0.08350400,0.04200000
2018-02-24 08:08:42,0.08350500,0.11600000
2018-02-24 08:08:43,0.08357000,1.18900000
2018-02-24 08:08:43,0.08357000,0.02500000
2018-02-24 08:08:44,0.08356900,1.19600000
2018-02-24 08:08:44,0.08356900,1.15000000
2018-02-24 08:08:44,0.08350700,0.34700000
2018-02-24 08:08:44,0.08356800,0.24200000
2018-02-24 08:08:44,0.08356900,0.35600000
2018-02-24 08:08:44,0.08356900,0.09600000
2018-02-24 08:08:45,0.08350500,0.23900000
2018-02-24 08:08:45,0.08350500,0.00300000
2018-02-24 08:08:45,0.08350400,0.17800000
2018-02-24 08:08:46,0.08350400,0.22200000
2018-02-24 08:08:46,0.08349100,0.11000000
2018-02-24 08:08:47,0.08356900,0.09200000
2018-02-24 08:08:50,0.08349100,0.03600000
2018-02-24 08:08:51,0.08356800,0.12700000
2018-02-24 08:08:52,0.08356800,0.01200000
2018-02-24 08:08:52,0.08356800,0.03200000
2018-02-24 08:08:52,0.08356800,1.33400000
2018-02-24 08:08:52,0.08350400,0.04800000
2018-02-24 08:08:52,0.08356800,0.03500000
2018-02-24 08:08:53,0.08357000,0.58300000
2018-02-24 08:08:55,0.08357000,0.73700000
2018-02-24 08:08:56,0.08357000,0.00100000
2018-02-24 08:08:56,0.08357400,0.06800000
2018-02-24 08:08:56,0.08357600,1.59900000
2018-02-24 08:08:56,0.08357700,0.05900000
2018-02-24 08:08:56,0.08357800,0.23000000
2018-02-24 08:08:56,0.08358400,0.02000000
2018-02-24 08:08:56,0.08358900,0.02300000
2018-02-24 08:08:56,0.08356900,1.79200000
2018-02-24 08:08:56,0.08356900,0.74000000
2018-02-24 08:08:57,0.08356900,1.52800000
2018-02-24 08:08:57,0.08358400,0.00200000
2018-02-24 08:08:57,0.08358900,0.01700000
2018-02-24 08:08:58,0.08349400,0.11900000
2018-02-24 08:08:59,0.08349500,0.06900000
2018-02-24 08:09:00,0.08349500,0.02000000
2018-02-24 08:09:00,0.08349400,0.22200000
2018-02-24 08:09:00,0.08349100,0.15800000
2018-02-24 08:09:00,0.08349500,0.54000000
2018-02-24 08:09:00,0.08349500,0.12600000
2018-02-24 08:09:02,0.08349600,0.03800000
2018-02-24 08:09:02,0.08349500,0.02500000
2018-02-24 08:09:02,0.08349100,0.07900000
2018-02-24 08:09:02,0.08357800,0.02900000
2018-02-24 08:09:03,0.08357800,0.07300000
2018-02-24 08:09:03,0.08357900,0.01300000
2018-02-24 08:09:05,0.08349500,0.40000000
2018-02-24 08:09:06,0.08349600,0.06300000
2018-02-24 08:09:08,0.08357500,0.22800000
2018-02-24 08:09:10,0.08349900,0.14000000
2018-02-24 08:09:10,0.08349800,0.09900000
2018-02-24 08:09:10,0.08349800,0.14100000
2018-02-24 08:09:13,0.08350000,0.05700000
2018-02-24 08:09:13,0.08350000,0.04500000
2018-02-24 08:09:13,0.08350000,0.00100000
2018-02-24 08:09:14,0.08356400,0.11700000
2018-02-24 08:09:14,0.08355900,0.20600000
2018-02-24 08:09:14,0.08355900,0.03400000
2018-02-24 08:09:17,0.08350100,0.10700000
2018-02-24 08:09:25,0.08355900,0.00100000
2018-02-24 08:09:25,0.08356000,0.21000000
2018-02-24 08:09:25,0.08356400,0.00700000
2018-02-24 08:09:25,0.08357700,0.08400000
2018-02-24 08:09:25,0.08358800,0.09800000
2018-02-24 08:09:26,0.08350000,0.04400000
2018-02-24 08:09:26,0.08358800,0.18700000
2018-02-24 08:09:27,0.08350200,0.03300000
2018-02-24 08:09:27,0.08350200,0.04000000
2018-02-24 08:09:27,0.08350200,0.02500000
2018-02-24 08:09:28,0.08350000,0.40800000
2018-02-24 08:09:28,0.08350000,0.00100000
2018-02-24 08:09:28,0.08349000,0.12700000
2018-02-24 08:09:28,0.08348700,0.28000000
2018-02-24 08:09:28,0.08348700,0.29800000
2018-02-24 08:09:28,0.08349200,0.02700000
2018-02-24 08:09:28,0.08358200,0.36500000
2018-02-24 08:09:30,0.08349300,0.40000000
2018-02-24 08:09:30,0.08349300,0.16600000
2018-02-24 08:09:30,0.08349300,0.14300000
2018-02-24 08:09:30,0.08349300,0.14300000
2018-02-24 08:09:30,0.08349300,0.39200000
2018-02-24 08:09:30,0.08349400,0.28500000
2018-02-24 08:09:30,0.08349300,0.00100000
2018-02-24 08:09:30,0.08349200,0.19200000
2018-02-24 08:09:31,0.08357900,0.12500000
2018-02-24 08:09:33,0.08349200,0.04300000
2018-02-24 08:09:33,0.08348700,0.16800000
2018-02-24 08:09:33,0.08348700,0.17000000
2018-02-24 08:09:33,0.08349200,0.04300000
2018-02-24 08:09:34,0.08348700,1.19700000
2018-02-24 08:09:34,0.08348700,1.12000000
2018-02-24 08:09:35,0.08348800,0.06600000
2018-02-24 08:09:37,0.08355900,0.04900000
2018-02-24 08:09:38,0.08348800,0.03300000
2018-02-24 08:09:39,0.08348700,0.06100000
2018-02-24 08:09:40,0.08355900,0.04900000
2018-02-24 08:09:41,0.08355900,0.03300000
2018-02-24 08:09:44,0.08356000,0.04200000
2018-02-24 08:09:45,0.08356000,0.00100000
2018-02-24 08:09:45,0.08357300,0.03400000
2018-02-24 08:09:45,0.08357300,0.04600000
2018-02-24 08:09:45,0.08357300,0.87800000
2018-02-24 08:09:45,0.08357200,0.09800000
2018-02-24 08:09:47,0.08357300,0.09900000
2018-02-24 08:09:48,0.08350100,0.06800000
2018-02-24 08:09:48,0.08348800,0.09700000
2018-02-24 08:09:50,0.08348800,0.09700000
2018-02-24 08:09:51,0.08348700,0.11900000
2018-02-24 08:09:51,0.08348700,0.57500000
2018-02-24 08:09:52,0.08348700,0.21300000
2018-02-24 08:09:52,0.08348700,0.05500000
2018-02-24 08:09:53,0.08348700,0.06700000
2018-02-24 08:09:54,0.08348700,0.30900000
2018-02-24 08:09:54,0.08348700,0.04500000
2018-02-24 08:09:54,0.08348700,0.40000000
2018-02-24 08:09:56,0.08348700,0.40000000
2018-02-24 08:09:58,0.08348700,0.16500000
2018-02-24 08:10:00,0.08356900,0.25400000
2018-02-24 08:10:01,0.08348700,0.11900000
2018-02-24 08:10:01,0.08348700,12.06000000
2018-02-24 08:10:07,0.08348800,0.02000000
2018-02-24 08:10:09,0.08348800,0.35400000
2018-02-24 08:10:09,0.08355900,0.02900000
2018-02-24 08:10:11,0.08349500,0.23700000
2018-02-24 08:10:12,0.08355900,0.47600000
2018-02-24 08:10:13,0.08355900,0.10800000
2018-02-24 08:10:13,0.08357000,0.18500000
2018-02-24 08:10:13,0.08348800,0.23700000
2018-02-24 08:10:14,0.08348800,0.20000000
2018-02-24 08:10:14,0.08348800,0.60000000
2018-02-24 08:10:14,0.08348800,0.18200000
2018-02-24 08:10:15,0.08357000,0.17100000
2018-02-24 08:10:15,0.08357400,1.00600000
2018-02-24 08:10:16,0.08348900,0.04700000
2018-02-24 08:10:16,0.08348900,0.01900000
2018-02-24 08:10:17,0.08348900,0.03300000
2018-02-24 08:10:17,0.08348800,0.36700000
2018-02-24 08:10:18,0.08348800,0.98300000
2018-02-24 08:10:18,0.08348700,0.00100000
2018-02-24 08:10:18,0.08348700,0.09700000
2018-02-24 08:10:20,0.08348700,0.40000000
2018-02-24 08:10:20,0.08357300,0.22300000
2018-02-24 08:10:21,0.08357400,0.23300000
2018-02-24 08:10:21,0.08348800,0.40000000
2018-02-24 08:10:22,0.08357500,0.47300000
2018-02-24 08:10:22,0.08357500,0.16400000
2018-02-24 08:10:22,0.08357500,0.11000000
2018-02-24 08:10:22,0.08357500,0.36300000
2018-02-24 08:10:22,0.08348800,0.07000000
2018-02-24 08:10:22,0.08348800,0.03000000
2018-02-24 08:10:22,0.08348800,0.03100000
2018-02-24 08:10:22,0.08348800,0.01200000
2018-02-24 08:10:22,0.08348800,0.04000000
2018-02-24 08:10:22,0.08348800,0.32500000
2018-02-24 08:10:22,0.08348800,0.10500000
2018-02-24 08:10:22,0.08348700,0.25700000
2018-02-24 08:10:27,0.08349200,0.10100000
2018-02-24 08:10:27,0.08349100,1.33100000
2018-02-24 08:10:30,0.08349100,0.55100000
2018-02-24 08:10:31,0.08349100,0.29800000
2018-02-24 08:10:31,0.08349100,0.54700000
2018-02-24 08:10:31,0.08357300,0.02000000
2018-02-24 08:10:32,0.08357200,0.09900000
2018-02-24 08:10:35,0.08349500,0.09900000
2018-02-24 08:10:35,0.08349400,0.02000000
2018-02-24 08:10:36,0.08349600,0.06400000
2018-02-24 08:10:37,0.08349600,0.09300000
2018-02-24 08:10:38,0.08357200,0.07900000
2018-02-24 08:10:39,0.08357200,0.06900000
2018-02-24 08:10:39,0.08357200,0.09400000
2018-02-24 08:10:40,0.08357200,0.06900000
2018-02-24 08:10:40,0.08357200,0.00100000
2018-02-24 08:10:40,0.08349800,0.06800000
2018-02-24 08:10:40,0.08349800,0.01100000
2018-02-24 08:10:40,0.08349700,0.05300000
2018-02-24 08:10:40,0.08357300,0.11900000
2018-02-24 08:10:40,0.08357300,0.24200000
2018-02-24 08:10:43,0.08357600,0.03400000
2018-02-24 08:10:43,0.08357600,0.09100000
2018-02-24 08:10:43,0.08357600,0.71700000
2018-02-24 08:10:43,0.08357600,0.17100000
2018-02-24 08:10:43,0.08357700,0.13000000
2018-02-24 08:10:43,0.08357700,0.02000000
2018-02-24 08:10:43,0.08358100,0.04300000
2018-02-24 08:10:43,0.08358300,0.06000000
2018-02-24 08:10:44,0.08358300,0.30200000
2018-02-24 08:10:44,0.08357700,0.01500000
2018-02-24 08:10:44,0.08357700,0.02900000
2018-02-24 08:10:44,0.08357700,0.01300000
2018-02-24 08:10:44,0.08357700,0.09300000
2018-02-24 08:10:44,0.08357600,0.05600000
2018-02-24 08:10:44,0.08357600,0.14900000
2018-02-24 08:10:44,0.08357600,0.03500000
2018-02-24 08:10:44,0.08349800,0.05000000
2018-02-24 08:10:44,0.08349800,0.11300000
2018-02-24 08:10:44,0.08349700,0.07000000
2018-02-24 08:10:44,0.08349700,0.03400000
2018-02-24 08:10:45,0.08358300,0.09900000
2018-02-24 08:10:46,0.08349800,0.06500000
2018-02-24 08:10:47,0.08349800,0.03300000
2018-02-24 08:10:47,0.08349800,0.00100000
2018-02-24 08:10:47,0.08349700,0.26400000
2018-02-24 08:10:49,0.08358300,0.09900000
2018-02-24 08:10:50,0.08349900,0.09900000
2018-02-24 08:10:50,0.08349700,1.08800000
2018-02-24 08:10:51,0.08349700,10.79100000
2018-02-24 08:10:51,0.08349600,0.06200000
2018-02-24 08:10:51,0.08349400,0.11800000
2018-02-24 08:10:51,0.08349400,0.02300000
2018-02-24 08:10:51,0.08348700,0.24300000
2018-02-24 08:10:51,0.08349400,0.06200000
2018-02-24 08:10:51,0.08348900,0.06400000
2018-02-24 08:10:51,0.08349700,0.12300000
2018-02-24 08:10:51,0.08349700,0.18500000
2018-02-24 08:10:51,0.08349700,0.01000000
2018-02-24 08:10:52,0.08349700,0.00200000
2018-02-24 08:10:54,0.08349800,0.24800000
2018-02-24 08:10:55,0.08349800,0.13100000
2018-02-24 08:10:58,0.08357800,0.26700000
2018-02-24 08:10:58,0.08349800,0.04000000
2018-02-24 08:10:58,0.08349800,0.26100000
2018-02-24 08:10:59,0.08349900,0.24200000
2018-02-24 08:10:59,0.08349800,0.00200000
2018-02-24 08:11:00,0.08349800,0.04100000
2018-02-24 08:11:03,0.08350000,0.67700000
2018-02-24 08:11:04,0.08350000,0.03200000
2018-02-24 08:11:04,0.08350000,0.27000000
2018-02-24 08:11:05,0.08354500,0.04300000
2018-02-24 08:11:07,0.08349800,2.05200000
2018-02-24 08:11:07,0.08349800,0.30500000
2018-02-24 08:11:07,0.08349800,1.91600000
2018-02-24 08:11:07,0.08357600,0.04700000
2018-02-24 08:11:07,0.08349800,0.24400000
2018-02-24 08:11:07,0.08349800,0.02300000
2018-02-24 08:11:07,0.08349800,0.06500000
2018-02-24 08:11:08,0.08349800,1.19600000
2018-02-24 08:11:08,0.08357700,0.01200000
2018-02-24 08:11:13,0.08350800,0.35800000
2018-02-24 08:11:13,0.08350800,0.68400000
2018-02-24 08:11:13,0.08350800,0.00100000
2018-02-24 08:11:13,0.08349800,0.01800000
2018-02-24 08:11:13,0.08349800,2.06300000
2018-02-24 08:11:14,0.08349800,0.15200000
2018-02-24 08:11:14,0.08349800,1.19600000
2018-02-24 08:11:15,0.08357000,0.28000000
2018-02-24 08:11:15,0.08357000,0.30900000
2018-02-24 08:11:15,0.08349800,0.04100000
2018-02-24 08:11:18,0.08357000,0.24800000
2018-02-24 08:11:18,0.08357000,0.20500000
2018-02-24 08:11:19,0.08357000,0.00100000
2018-02-24 08:11:19,0.08357800,0.23900000
2018-02-24 08:11:19,0.08358100,0.21200000
2018-02-24 08:11:20,0.08358100,0.15300000
2018-02-24 08:11:20,0.08358200,0.24700000
2018-02-24 08:11:21,0.08358200,0.11700000
2018-02-24 08:11:23,0.08349800,0.13000000
2018-02-24 08:11:23,0.08357700,0.05100000
2018-02-24 08:11:23,0.08357600,0.02000000
2018-02-24 08:11:23,0.08357700,0.32000000
2018-02-24 08:11:24,0.08357600,0.02000000
2018-02-24 08:11:24,0.08357600,0.02000000
2018-02-24 08:11:24,0.08349800,0.06500000
2018-02-24 08:11:25,0.08357700,0.02500000
2018-02-24 08:11:26,0.08349800,0.09000000
2018-02-24 08:11:27,0.08349800,1.75000000
2018-02-24 08:11:28,0.08357700,0.34500000
2018-02-24 08:11:29,0.08357700,0.04800000
2018-02-24 08:11:31,0.08349800,0.01600000
2018-02-24 08:11:32,0.08357700,0.27900000
2018-02-24 08:11:33,0.08357700,0.31600000
2018-02-24 08:11:33,0.08357700,0.68600000
2018-02-24 08:11:33,0.08357700,0.52700000
2018-02-24 08:11:34,0.08357700,0.29500000
2018-02-24 08:11:35,0.08357600,0.31800000
2018-02-24 08:11:35,0.08357600,0.09700000
2018-02-24 08:11:36,0.08357600,0.03400000
2018-02-24 08:11:36,0.08357600,0.21400000
2018-02-24 08:11:37,0.08357600,0.00100000
2018-02-24 08:11:37,0.08357700,0.59400000
2018-02-24 08:11:37,0.08357700,1.19000000
2018-02-24 08:11:38,0.08357700,2.46700000
2018-02-24 08:11:39,0.08357700,0.40000000
2018-02-24 08:11:41,0.08357700,0.06900000
2018-02-24 08:11:42,0.08349800,0.03900000
2018-02-24 08:11:42,0.08350300,0.16900000
2018-02-24 08:11:44,0.08350300,0.23900000
2018-02-24 08:11:44,0.08350300,0.00100000
2018-02-24 08:11:44,0.08357700,0.21100000
2018-02-24 08:11:45,0.08357700,0.06000000
2018-02-24 08:11:46,0.08357700,0.13900000
2018-02-24 08:11:47,0.08349800,0.01300000
2018-02-24 08:11:47,0.08349800,0.43400000
2018-02-24 08:11:53,0.08357700,0.17600000
2018-02-24 08:12:00,0.08349900,0.30100000
2018-02-24 08:12:01,0.08357700,0.54600000
2018-02-24 08:12:01,0.08358200,0.00100000
2018-02-24 08:12:01,0.08358400,0.09600000
2018-02-24 08:12:01,0.08358800,0.03200000
2018-02-24 08:12:04,0.08350200,0.02000000
2018-02-24 08:12:05,0.08350200,0.11900000
2018-02-24 08:12:07,0.08349900,0.07900000
2018-02-24 08:12:07,0.08349900,0.35200000
2018-02-24 08:12:08,0.08349900,0.29100000
2018-02-24 08:12:13,0.08358100,0.09900000
2018-02-24 08:12:13,0.08358200,0.19800000
2018-02-24 08:12:13,0.08358900,0.10300000
2018-02-24 08:12:18,0.08358800,0.09900000
2018-02-24 08:12:18,0.08358900,0.03900000
2018-02-24 08:12:18,0.08359100,0.24200000
2018-02-24 08:12:19,0.08358800,0.04600000
2018-02-24 08:12:19,0.08358800,0.23900000
2018-02-24 08:12:19,0.08358800,0.11300000
2018-02-24 08:12:19,0.08358800,0.12700000
2018-02-24 08:12:19,0.08358800,0.40300000
2018-02-24 08:12:19,0.08359100,0.08600000
2018-02-24 08:12:19,0.08358800,0.59900000
2018-02-24 08:12:19,0.08358800,0.35800000
2018-02-24 08:12:19,0.08358800,0.14900000
2018-02-24 08:12:19,0.08358800,0.35800000
2018-02-24 08:12:19,0.08358800,0.01800000
2018-02-24 08:12:19,0.08350300,0.00100000
2018-02-24 08:12:19,0.08350300,0.13000000
2018-02-24 08:12:19,0.08350400,0.24000000
2018-02-24 08:12:21,0.08359100,0.02000000
2018-02-24 08:12:27,0.08359100,0.00300000
2018-02-24 08:12:28,0.08359700,0.13100000
2018-02-24 08:12:28,0.08359100,0.05600000
2018-02-24 08:12:28,0.08359100,0.00700000
2018-02-24 08:12:28,0.08351200,0.00700000
2018-02-24 08:12:28,0.08359900,0.02000000
2018-02-24 08:12:29,0.08360000,0.11900000
2018-02-24 08:12:29,0.08360000,0.73400000
2018-02-24 08:12:29,0.08360000,0.11900000
2018-02-24 08:12:30,0.08360000,0.02200000
2018-02-24 08:12:30,0.08360000,0.30200000
2018-02-24 08:12:31,0.08360000,0.18500000
2018-02-24 08:12:32,0.08360000,0.05300000
2018-02-24 08:12:34,0.08359900,0.09600000
2018-02-24 08:12:36,0.08359900,0.09400000
2018-02-24 08:12:36,0.08359900,0.00500000
2018-02-24 08:12:36,0.08352000,0.00800000
2018-02-24 08:12:36,0.08358100,0.14700000
2018-02-24 08:12:36,0.08360000,0.00100000
2018-02-24 08:12:36,0.08362400,0.01500000
2018-02-24 08:12:36,0.08362400,0.14700000
2018-02-24 08:12:36,0.08362500,0.02000000
2018-02-24 08:12:36,0.08363800,0.16400000
2018-02-24 08:12:36,0.08362500,0.02000000
2018-02-24 08:12:36,0.08363800,0.00200000
2018-02-24 08:12:36,0.08364400,0.16200000
2018-02-24 08:12:38,0.08362700,0.01900000
2018-02-24 08:12:39,0.08362800,0.01900000
2018-02-24 08:12:39,0.08362800,0.05400000
2018-02-24 08:12:39,0.08362800,0.05200000
2018-02-24 08:12:39,0.08362800,0.59800000
2018-02-24 08:12:39,0.08362800,0.25400000
2018-02-24 08:12:39,0.08362800,0.02000000
2018-02-24 08:12:40,0.08362800,0.02000000
2018-02-24 08:12:40,0.08362800,0.01900000
2018-02-24 08:12:40,0.08362800,0.00100000
2018-02-24 08:12:40,0.08362800,0.02000000
2018-02-24 08:12:40,0.08364600,0.03600000
2018-02-24 08:12:40,0.08362800,0.02000000
2018-02-24 08:12:40,0.08364600,0.33800000
2018-02-24 08:12:40,0.08364600,0.11900000
2018-02-24 08:12:42,0.08355300,1.11600000
2018-02-24 08:12:43,0.08364600,0.12600000
2018-02-24 08:12:47,0.08364600,0.13400000
2018-02-24 08:12:47,0.08364600,0.03400000
2018-02-24 08:12:48,0.08364600,0.03400000
2018-02-24 08:12:48,0.08364500,0.09600000
2018-02-24 08:12:48,0.08364600,0.71500000
2018-02-24 08:12:48,0.08364600,0.35800000
2018-02-24 08:12:48,0.08364600,0.09500000
2018-02-24 08:12:52,0.08364600,0.02200000
2018-02-24 08:12:52,0.08364600,0.20700000
2018-02-24 08:12:52,0.08364800,0.02100000
2018-02-24 08:12:52,0.08364800,0.00800000
2018-02-24 08:12:52,0.08365600,0.36500000
2018-02-24 08:12:52,0.08365700,0.02200000
2018-02-24 08:12:52,0.08366000,0.11800000
2018-02-24 08:12:52,0.08366100,0.28700000
2018-02-24 08:12:53,0.08366100,0.42200000
2018-02-24 08:12:54,0.08364600,0.39900000
2018-02-24 08:12:54,0.08357000,0.06200000
2018-02-24 08:12:54,0.08357000,0.06200000
2018-02-24 08:12:54,0.08357000,0.06200000
2018-02-24 08:12:54,0.08357000,0.06200000
2018-02-24 08:12:54,0.08357100,0.02000000
2018-02-24 08:12:54,0.08357000,0.29000000
2018-02-24 08:12:55,0.08357100,0.02000000
2018-02-24 08:12:55,0.08357000,2.36600000
2018-02-24 08:12:55,0.08356800,0.01900000
2018-02-24 08:12:57,0.08356800,0.06700000
2018-02-24 08:12:57,0.08356400,0.02000000
2018-02-24 08:12:57,0.08355800,1.01800000
2018-02-24 08:12:58,0.08364500,0.21300000
2018-02-24 08:12:58,0.08364500,0.02900000
2018-02-24 08:12:58,0.08364600,0.00100000
2018-02-24 08:12:58,0.08365400,0.21100000
2018-02-24 08:12:58,0.08365400,0.77500000
2018-02-24 08:12:58,0.08365500,0.58600000
2018-02-24 08:12:58,0.08365400,0.09900000
2018-02-24 08:12:58,0.08365500,0.05500000
2018-02-24 08:12:58,0.08365500,0.09900000
2018-02-24 08:12:59,0.08366200,0.30300000
2018-02-24 08:13:01,0.08366200,0.00100000
2018-02-24 08:13:01,0.08366200,0.04500000
2018-02-24 08:13:01,0.08366200,0.00100000
2018-02-24 08:13:02,0.08365200,0.02200000
2018-02-24 08:13:02,0.08365200,0.02700000
2018-02-24 08:13:02,0.08366300,0.00100000
2018-02-24 08:13:02,0.08366900,0.01400000
2018-02-24 08:13:03,0.08366900,0.11600000
2018-02-24 08:13:03,0.08367400,0.50000000
2018-02-24 08:13:03,0.08367900,0.18000000
2018-02-24 08:13:03,0.08369200,0.71000000
2018-02-24 08:13:03,0.08369400,0.04800000
2018-02-24 08:13:03,0.08369500,0.11400000
2018-02-24 08:13:03,0.08370600,0.36100000
2018-02-24 08:13:03,0.08371000,1.58000000
2018-02-24 08:13:03,0.08371500,0.05800000
2018-02-24 08:13:03,0.08371700,0.19400000
2018-02-24 08:13:03,0.08372200,0.19300000
2018-02-24 08:13:03,0.08372300,0.36900000
2018-02-24 08:13:03,0.08372400,0.08500000
2018-02-24 08:13:03,0.08372600,0.35500000
2018-02-24 08:13:03,0.08372700,2.38700000
2018-02-24 08:13:06,0.08369900,0.24900000
2018-02-24 08:13:06,0.08369900,0.00100000
2018-02-24 08:13:06,0.08370000,0.02000000
2018-02-24 08:13:06,0.08370200,0.18000000
2018-02-24 08:13:06,0.08372700,0.04800000
2018-02-24 08:13:06,0.08372700,0.66800000
2018-02-24 08:13:07,0.08369900,0.01900000
2018-02-24 08:13:08,0.08369900,0.00100000
2018-02-24 08:13:08,0.08370700,0.18000000
2018-02-24 08:13:08,0.08372700,0.21900000
2018-02-24 08:13:09,0.08372600,0.20000000
2018-02-24 08:13:09,0.08372700,0.20000000
2018-02-24 08:13:09,0.08359100,0.05000000
2018-02-24 08:13:10,0.08372600,0.17900000
2018-02-24 08:13:10,0.08372600,0.15300000
2018-02-24 08:13:10,0.08372700,0.56800000
2018-02-24 08:13:10,0.08360300,0.18000000
2018-02-24 08:13:10,0.08360200,1.01200000
2018-02-24 08:13:10,0.08360300,0.03600000
2018-02-24 08:13:10,0.08368600,0.11700000
2018-02-24 08:13:11,0.08368600,0.25200000
2018-02-24 08:13:11,0.08360500,0.93500000
2018-02-24 08:13:11,0.08360400,0.25900000
2018-02-24 08:13:12,0.08360500,0.10200000
2018-02-24 08:13:13,0.08371400,1.01200000
2018-02-24 08:13:13,0.08371300,0.02800000
2018-02-24 08:13:14,0.08371300,0.57000000
2018-02-24 08:13:14,0.08371800,0.41500000
2018-02-24 08:13:14,0.08371300,0.25900000
2018-02-24 08:13:14,0.08371700,0.08000000
2018-02-24 08:13:14,0.08371800,0.23400000
2018-02-24 08:13:15,0.08361300,0.06500000
2018-02-24 08:13:15,0.08371100,0.24200000
2018-02-24 08:13:15,0.08371200,0.10200000
2018-02-24 08:13:15,0.08371700,0.15000000
2018-02-24 08:13:15,0.08372100,0.05000000
2018-02-24 08:13:15,0.08372700,1.74300000
2018-02-24 08:13:15,0.08372800,0.13300000
2018-02-24 08:13:15,0.08373700,0.12200000
2018-02-24 08:13:16,0.08372100,0.11900000
2018-02-24 08:13:18,0.08362200,0.11500000
2018-02-24 08:13:20,0.08362500,0.54700000
2018-02-24 08:13:21,0.08372000,0.40000000
2018-02-24 08:13:21,0.08362500,0.19800000
2018-02-24 08:13:21,0.08372200,0.02000000
2018-02-24 08:13:22,0.08372100,0.10000000
2018-02-24 08:13:22,0.08372000,0.07700000
2018-02-24 08:13:22,0.08372000,0.12900000
2018-02-24 08:13:22,0.08372000,0.00300000
2018-02-24 08:13:22,0.08362700,0.20500000
2018-02-24 08:13:22,0.08362700,0.01600000
2018-02-24 08:13:22,0.08362700,0.07800000
2018-02-24 08:13:22,0.08362600,0.06800000
2018-02-24 08:13:22,0.08362600,0.18800000
2018-02-24 08:13:22,0.08362600,0.20800000
2018-02-24 08:13:22,0.08362600,0.20800000
2018-02-24 08:13:22,0.08362600,0.02200000
2018-02-24 08:13:22,0.08362600,0.05800000
2018-02-24 08:13:22,0.08362600,0.12600000
2018-02-24 08:13:22,0.08362700,0.02000000
2018-02-24 08:13:22,0.08362600,0.18800000
2018-02-24 08:13:22,0.08373000,0.02000000
2018-02-24 08:13:22,0.08362700,0.08000000
2018-02-24 08:13:22,0.08362600,0.29700000
2018-02-24 08:13:22,0.08362700,0.08700000
2018-02-24 08:13:22,0.08362700,0.06500000
2018-02-24 08:13:22,0.08362700,0.13100000
2018-02-24 08:13:23,0.08372900,0.02000000
2018-02-24 08:13:23,0.08372900,1.34200000
2018-02-24 08:13:23,0.08363000,0.06600000
2018-02-24 08:13:23,0.08363100,0.03900000
2018-02-24 08:13:23,0.08372800,0.05000000
2018-02-24 08:13:24,0.08372800,0.04900000
2018-02-24 08:13:24,0.08363100,0.48300000
2018-02-24 08:13:24,0.08363100,0.11200000
2018-02-24 08:13:24,0.08363100,0.25000000
2018-02-24 08:13:24,0.08363200,0.19900000
2018-02-24 08:13:24,0.08363200,0.12800000
2018-02-24 08:13:24,0.08363200,0.01600000
2018-02-24 08:13:24,0.08363200,0.17600000
2018-02-24 08:13:24,0.08363100,0.12300000
2018-02-24 08:13:25,0.08363100,0.11500000
2018-02-24 08:13:25,0.08371600,0.30600000
2018-02-24 08:13:25,0.08363100,0.51000000
2018-02-24 08:13:25,0.08363100,0.00100000
2018-02-24 08:13:25,0.08363000,0.09600000
2018-02-24 08:13:25,0.08362800,0.07000000
2018-02-24 08:13:26,0.08371000,0.05800000
2018-02-24 08:13:26,0.08363100,0.01900000
2018-02-24 08:13:26,0.08363100,0.00100000
2018-02-24 08:13:26,0.08362800,0.03900000
2018-02-24 08:13:27,0.08370900,0.08900000
2018-02-24 08:13:27,0.08363200,0.04700000
2018-02-24 08:13:27,0.08363200,0.00600000
2018-02-24 08:13:27,0.08363100,0.02000000
2018-02-24 08:13:27,0.08362500,0.02600000
2018-02-24 08:13:27,0.08363100,0.02000000
2018-02-24 08:13:27,0.08362500,0.03200000
2018-02-24 08:13:27,0.08362500,0.24500000
2018-02-24 08:13:28,0.08363100,0.01900000
2018-02-24 08:13:28,0.08363100,0.00100000
2018-02-24 08:13:28,0.08362500,0.01900000
2018-02-24 08:13:29,0.08370800,0.13400000
2018-02-24 08:13:29,0.08363100,0.01900000
2018-02-24 08:13:29,0.08363100,0.00100000
2018-02-24 08:13:29,0.08363100,0.02000000
2018-02-24 08:13:29,0.08363100,0.10900000
2018-02-24 08:13:29,0.08370800,0.07000000
2018-02-24 08:13:29,0.08363100,0.02000000
2018-02-24 08:13:29,0.08362500,0.12300000
2018-02-24 08:13:29,0.08362500,0.14300000
2018-02-24 08:13:29,0.08362500,0.14400000
2018-02-24 08:13:29,0.08362500,0.10200000
2018-02-24 08:13:30,0.08362600,0.04300000
2018-02-24 08:13:30,0.08360600,0.00200000
2018-02-24 08:13:30,0.08360600,0.00800000
2018-02-24 08:13:30,0.08362500,0.10000000
2018-02-24 08:13:30,0.08370600,0.09900000
2018-02-24 08:13:30,0.08370600,0.02000000
2018-02-24 08:13:30,0.08370700,0.07900000
2018-02-24 08:13:30,0.08370700,0.03700000
2018-02-24 08:13:31,0.08370600,0.02000000
2018-02-24 08:13:31,0.08370700,0.38000000
2018-02-24 08:13:31,0.08361000,0.15100000
2018-02-24 08:13:31,0.08362500,0.05400000
2018-02-24 08:13:31,0.08361000,0.06500000
2018-02-24 08:13:31,0.08362500,0.00100000
2018-02-24 08:13:31,0.08370800,0.03700000
2018-02-24 08:13:32,0.08370700,1.09800000
2018-02-24 08:13:33,0.08370600,0.02000000
2018-02-24 08:13:33,0.08370600,0.02000000
2018-02-24 08:13:33,0.08370600,0.01900000
2018-02-24 08:13:33,0.08370500,0.01900000
2018-02-24 08:13:34,0.08370500,0.31400000
2018-02-24 08:13:34,0.08370500,0.45300000
2018-02-24 08:13:34,0.08370800,0.00100000
2018-02-24 08:13:34,0.08370900,0.00100000
2018-02-24 08:13:34,0.08371000,0.06000000
2018-02-24 08:13:34,0.08371300,0.02000000
2018-02-24 08:13:34,0.08371600,0.00100000
2018-02-24 08:13:34,0.08372600,0.12700000
2018-02-24 08:13:34,0.08371300,0.02000000
2018-02-24 08:13:34,0.08372600,2.74200000
2018-02-24 08:13:34,0.08373800,0.13500000
2018-02-24 08:13:34,0.08374500,3.07400000
2018-02-24 08:13:34,0.08370600,0.02900000
2018-02-24 08:13:34,0.08370600,0.00100000
2018-02-24 08:13:34,0.08361400,0.01300000
2018-02-24 08:13:34,0.08361400,0.02800000
2018-02-24 08:13:34,0.08361400,0.02900000
2018-02-24 08:13:34,0.08361900,0.02900000
2018-02-24 08:13:34,0.08361900,0.02900000
2018-02-24 08:13:34,0.08361900,0.02900000
2018-02-24 08:13:34,0.08361900,0.02700000
2018-02-24 08:13:34,0.08362000,0.12400000
2018-02-24 08:13:35,0.08371000,0.04200000
2018-02-24 08:13:35,0.08362000,0.13500000
2018-02-24 08:13:35,0.08361900,0.06500000
2018-02-24 08:13:35,0.08362100,0.03400000
2018-02-24 08:13:36,0.08370500,0.11500000
2018-02-24 08:13:36,0.08371000,0.14000000
2018-02-24 08:13:36,0.08362200,0.01300000
2018-02-24 08:13:36,0.08362200,0.00700000
2018-02-24 08:13:36,0.08361900,0.03100000
2018-02-24 08:13:36,0.08361400,0.09900000
2018-02-24 08:13:36,0.08362300,0.01300000
2018-02-24 08:13:36,0.08362300,0.01900000
2018-02-24 08:13:37,0.08362300,0.06100000
2018-02-24 08:13:37,0.08370900,0.13300000
2018-02-24 08:13:37,0.08362300,0.34700000
2018-02-24 08:13:37,0.08362400,0.06500000
2018-02-24 08:13:37,0.08362400,0.29100000
2018-02-24 08:13:38,0.08371000,0.00100000
2018-02-24 08:13:38,0.08372800,0.02000000
2018-02-24 08:13:38,0.08373800,0.12000000
2018-02-24 08:13:38,0.08374600,0.05900000
2018-02-24 08:13:38,0.08374900,0.20000000
2018-02-24 08:13:38,0.08362400,0.37400000
2018-02-24 08:13:38,0.08362300,0.13900000
2018-02-24 08:13:38,0.08362300,0.08200000
2018-02-24 08:13:38,0.08362400,0.43800000
2018-02-24 08:13:38,0.08362500,0.09900000
2018-02-24 08:13:38,0.08362400,0.01700000
2018-02-24 08:13:38,0.08362500,0.09900000
2018-02-24 08:13:38,0.08362400,0.59800000
2018-02-24 08:13:38,0.08362400,1.60600000
2018-02-24 08:13:38,0.08361700,0.59100000
2018-02-24 08:13:39,0.08365000,0.09800000
2018-02-24 08:13:39,0.08365000,0.00100000
2018-02-24 08:13:39,0.08362400,0.07600000
2018-02-24 08:13:39,0.08372600,1.85200000
2018-02-24 08:13:40,0.08372700,0.14700000
2018-02-24 08:13:40,0.08372700,0.07500000
2018-02-24 08:13:40,0.08363100,0.10000000
2018-02-24 08:13:40,0.08363100,0.02200000
2018-02-24 08:13:41,0.08373200,0.02000000
2018-02-24 08:13:41,0.08373200,0.02000000
2018-02-24 08:13:41,0.08373200,0.02000000
2018-02-24 08:13:41,0.08374000,0.12000000
2018-02-24 08:13:41,0.08374700,0.26000000
2018-02-24 08:13:41,0.08363400,0.01800000
2018-02-24 08:13:41,0.08363400,0.01900000
2018-02-24 08:13:41,0.08363500,0.01800000
2018-02-24 08:13:42,0.08372700,1.19500000
2018-02-24 08:13:42,0.08364100,0.51900000
2018-02-24 08:13:42,0.08372700,3.12100000
2018-02-24 08:13:42,0.08364100,0.49600000
2018-02-24 08:13:42,0.08364100,0.16800000
2018-02-24 08:13:42,0.08364100,0.07900000
2018-02-24 08:13:42,0.08364100,0.12000000
2018-02-24 08:13:42,0.08364100,0.40600000
2018-02-24 08:13:42,0.08364100,0.10000000
2018-02-24 08:13:42,0.08364100,0.07500000
2018-02-24 08:13:43,0.08368200,0.04700000
2018-02-24 08:13:43,0.08372500,1.19500000
2018-02-24 08:13:43,0.08364200,0.34700000
2018-02-24 08:13:43,0.08372500,2.37500000
2018-02-24 08:13:43,0.08364200,0.00100000
2018-02-24 08:13:43,0.08364100,0.02400000
2018-02-24 08:13:43,0.08363600,0.02000000
2018-02-24 08:13:43,0.08363500,0.66100000
2018-02-24 08:13:44,0.08372500,1.19500000
2018-02-24 08:13:44,0.08372500,0.69200000
2018-02-24 08:13:44,0.08363600,0.02000000
2018-02-24 08:13:44,0.08363900,0.02000000
2018-02-24 08:13:45,0.08372400,0.01400000
2018-02-24 08:13:46,0.08372200,0.10400000
2018-02-24 08:13:46,0.08364000,0.01300000
2018-02-24 08:13:46,0.08363900,0.03500000
2018-02-24 08:13:46,0.08363800,0.04000000
2018-02-24 08:13:47,0.08372200,0.23800000
2018-02-24 08:13:47,0.08363800,0.03300000
2018-02-24 08:13:47,0.08363500,0.02000000
2018-02-24 08:13:47,0.08363300,0.01200000
2018-02-24 08:13:47,0.08363300,0.01900000
2018-02-24 08:13:47,0.08363500,0.02000000
2018-02-24 08:13:47,0.08363300,0.29800000
2018-02-24 08:13:47,0.08363300,0.86600000
2018-02-24 08:13:47,0.08362600,0.02000000
2018-02-24 08:13:47,0.08361400,0.27700000
2018-02-24 08:13:47,0.08372200,0.02000000
2018-02-24 08:13:47,0.08363600,0.24200000
2018-02-24 08:13:48,0.08372100,0.09900000
2018-02-24 08:13:48,0.08363600,0.06700000
2018-02-24 08:13:48,0.08363600,0.06000000
2018-02-24 08:13:48,0.08372200,0.20000000
2018-02-24 08:13:48,0.08372100,0.24200000
2018-02-24 08:13:48,0.08372200,0.15800000
2018-02-24 08:13:49,0.08372300,0.02000000
2018-02-24 08:13:49,0.08372300,0.02000000
2018-02-24 08:13:49,0.08363800,0.01900000
2018-02-24 08:13:49,0.08363800,0.00100000
2018-02-24 08:13:49,0.08363700,2.88700000
2018-02-24 08:13:49,0.08363600,0.07800000
2018-02-24 08:13:49,0.08361600,0.06000000
2018-02-24 08:13:49,0.08361400,0.91000000
2018-02-24 08:13:49,0.08361000,0.65500000
2018-02-24 08:13:49,0.08360600,0.04800000
2018-02-24 08:13:49,0.08360400,1.00000000
2018-02-24 08:13:49,0.08357100,0.01400000
2018-02-24 08:13:49,0.08363800,0.01400000
2018-02-24 08:13:49,0.08363900,0.05800000
2018-02-24 08:13:50,0.08372200,0.04800000
2018-02-24 08:13:50,0.08372300,0.14300000
2018-02-24 08:13:50,0.08364000,0.04000000
2018-02-24 08:13:51,0.08372200,0.09900000
2018-02-24 08:13:51,0.08372300,0.09800000
2018-02-24 08:13:51,0.08364000,0.10300000
2018-02-24 08:13:51,0.08372300,0.02000000
2018-02-24 08:13:51,0.08372300,0.09900000
2018-02-24 08:13:51,0.08364000,0.00100000
2018-02-24 08:13:51,0.08362900,3.97000000
2018-02-24 08:13:51,0.08362800,0.09900000
2018-02-24 08:13:51,0.08362700,0.11900000
2018-02-24 08:13:51,0.08361700,0.24200000
2018-02-24 08:13:51,0.08359000,0.02100000
2018-02-24 08:13:51,0.08357100,0.00100000
2018-02-24 08:13:52,0.08372200,0.24100000
2018-02-24 08:13:52,0.08372200,0.00100000
2018-02-24 08:13:52,0.08372300,0.09300000
2018-02-24 08:13:52,0.08364100,0.34700000
2018-02-24 08:13:52,0.08372300,0.13700000
2018-02-24 08:13:52,0.08372300,0.04000000
2018-02-24 08:13:52,0.08359800,0.43400000
2018-02-24 08:13:52,0.08359700,1.19400000
2018-02-24 08:13:52,0.08359200,1.89000000
2018-02-24 08:13:52,0.08364200,0.08000000
2018-02-24 08:13:53,0.08372200,0.34400000
2018-02-24 08:13:53,0.08364200,0.04800000
2018-02-24 08:13:53,0.08364200,0.09900000
2018-02-24 08:13:53,0.08372300,0.19000000
2018-02-24 08:13:53,0.08364200,0.12100000
2018-02-24 08:13:53,0.08359900,0.02500000
2018-02-24 08:13:53,0.08371800,0.40000000
2018-02-24 08:13:53,0.08364300,0.34800000
2018-02-24 08:13:53,0.08360100,0.44600000
2018-02-24 08:13:53,0.08360000,2.41000000
2018-02-24 08:13:53,0.08359900,1.31000000
2018-02-24 08:13:53,0.08359800,0.09900000
2018-02-24 08:13:53,0.08359700,0.04800000
2018-02-24 08:13:53,0.08359300,2.99500000
2018-02-24 08:13:54,0.08371200,0.79400000
2018-02-24 08:13:54,0.08371700,0.25400000
2018-02-24 08:13:54,0.08371700,0.04000000
2018-02-24 08:13:55,0.08371600,0.24500000
2018-02-24 08:13:55,0.08364400,0.34700000
2018-02-24 08:13:55,0.08364400,0.00100000
2018-02-24 08:13:56,0.08371000,0.52000000
2018-02-24 08:13:56,0.08364500,0.34700000
2018-02-24 08:13:56,0.08371400,0.10000000
2018-02-24 08:13:56,0.08364600,0.22600000
2018-02-24 08:13:56,0.08364600,0.37100000
2018-02-24 08:13:56,0.08360300,0.15900000
2018-02-24 08:13:56,0.08359300,0.06600000
2018-02-24 08:13:56,0.08359300,0.17600000
2018-02-24 08:13:56,0.08359200,0.42000000
2018-02-24 08:13:56,0.08360300,0.02600000
2018-02-24 08:13:57,0.08371400,1.19500000
2018-02-24 08:13:57,0.08371400,2.13000000
2018-02-24 08:13:57,0.08364600,0.34700000
2018-02-24 08:13:58,0.08371100,0.25000000
2018-02-24 08:13:58,0.08364700,0.34700000
2018-02-24 08:13:58,0.08371200,0.44200000
2018-02-24 08:13:59,0.08371100,0.09900000
2018-02-24 08:13:59,0.08364800,0.34700000
2018-02-24 08:13:59,0.08371200,0.20000000
2018-02-24 08:13:59,0.08371200,0.20000000
2018-02-24 08:13:59,0.08371200,0.05900000
2018-02-24 08:13:59,0.08371200,0.14100000
2018-02-24 08:13:59,0.08371300,1.89000000
2018-02-24 08:13:59,0.08371700,0.00800000
2018-02-24 08:13:59,0.08371800,4.36500000
2018-02-24 08:13:59,0.08371200,0.15400000
2018-02-24 08:13:59,0.08371200,0.02000000
2018-02-24 08:13:59,0.08371800,2.19000000
2018-02-24 08:13:59,0.08371800,0.05200000
2018-02-24 08:13:59,0.08371200,0.00600000
2018-02-24 08:13:59,0.08371200,0.09400000
2018-02-24 08:13:59,0.08371800,0.62100000
2018-02-24 08:13:59,0.08371800,0.07100000
2018-02-24 08:13:59,0.08371800,0.17100000
2018-02-24 08:13:59,0.08371800,0.32800000
2018-02-24 08:13:59,0.08372500,0.18800000
2018-02-24 08:13:59,0.08371700,0.02000000
2018-02-24 08:13:59,0.08372100,0.10000000
2018-02-24 08:13:59,0.08372100,3.04400000
2018-02-24 08:14:00,0.08372500,2.71400000
2018-02-24 08:14:00,0.08372100,0.20600000
2018-02-24 08:14:00,0.08372400,1.35300000
2018-02-24 08:14:00,0.08372500,0.08500000
2018-02-24 08:14:01,0.08372200,0.17600000
2018-02-24 08:14:01,0.08372200,0.17200000
2018-02-24 08:14:01,0.08372500,1.19300000
2018-02-24 08:14:01,0.08372100,0.06200000
2018-02-24 08:14:01,0.08372100,0.00100000
2018-02-24 08:14:01,0.08360600,0.05500000
2018-02-24 08:14:01,0.08372500,0.02900000
2018-02-24 08:14:01,0.08360700,0.06200000
2018-02-24 08:14:02,0.08360700,0.04900000
2018-02-24 08:14:03,0.08372500,0.46800000
2018-02-24 08:14:03,0.08364500,0.39900000
2018-02-24 08:14:04,0.08364600,0.89800000
2018-02-24 08:14:04,0.08364700,1.03600000
2018-02-24 08:14:04,0.08372500,0.10000000
2018-02-24 08:14:04,0.08364800,0.03000000
2018-02-24 08:14:04,0.08364700,0.72500000
2018-02-24 08:14:04,0.08373800,0.01500000
2018-02-24 08:14:04,0.08374900,0.02500000
2018-02-24 08:14:05,0.08364800,0.33400000
2018-02-24 08:14:05,0.08364800,0.07500000
2018-02-24 08:14:05,0.08364800,0.29400000
2018-02-24 08:14:06,0.08365000,0.01900000
2018-02-24 08:14:06,0.08365000,0.10100000
2018-02-24 08:14:06,0.08365000,0.01000000
2018-02-24 08:14:06,0.08364900,0.02000000
2018-02-24 08:14:06,0.08364800,0.01800000
2018-02-24 08:14:06,0.08364900,0.02000000
2018-02-24 08:14:06,0.08364900,0.01000000
2018-02-24 08:14:06,0.08364900,0.01000000
2018-02-24 08:14:06,0.08364800,0.11000000
2018-02-24 08:14:06,0.08364900,0.02000000
2018-02-24 08:14:06,0.08364800,0.27900000
2018-02-24 08:14:07,0.08373200,0.39900000
2018-02-24 08:14:09,0.08364600,0.25000000
2018-02-24 08:14:09,0.08364600,0.84500000
2018-02-24 08:14:09,0.08373100,0.02000000
2018-02-24 08:14:09,0.08373200,0.93400000
2018-02-24 08:14:10,0.08364900,0.01600000
2018-02-24 08:14:11,0.08364900,0.38300000
2018-02-24 08:14:11,0.08364900,0.00100000
2018-02-24 08:14:11,0.08364600,0.00100000
2018-02-24 08:14:11,0.08364500,0.01200000
2018-02-24 08:14:12,0.08364500,0.02200000
2018-02-24 08:14:12,0.08364500,0.00100000
2018-02-24 08:14:12,0.08360800,0.02100000
2018-02-24 08:14:12,0.08372900,0.06000000
2018-02-24 08:14:12,0.08373000,0.06100000
2018-02-24 08:14:13,0.08372700,0.13000000
2018-02-24 08:14:13,0.08372800,0.31200000
2018-02-24 08:14:13,0.08372800,0.02800000
2018-02-24 08:14:13,0.08372800,0.10200000
2018-02-24 08:14:14,0.08372800,0.09300000
2018-02-24 08:14:14,0.08372800,1.41600000
2018-02-24 08:14:15,0.08372800,0.42200000
2018-02-24 08:14:15,0.08372800,0.01900000
2018-02-24 08:14:15,0.08372800,0.15800000
2018-02-24 08:14:16,0.08372700,0.01900000
2018-02-24 08:14:17,0.08372700,0.00100000
2018-02-24 08:14:17,0.08372800,0.28700000
2018-02-24 08:14:17,0.08372700,0.02000000
2018-02-24 08:14:17,0.08372800,0.26800000
2018-02-24 08:14:18,0.08372700,0.34700000
2018-02-24 08:14:18,0.08372700,0.53000000
2018-02-24 08:14:18,0.08362400,0.45500000
2018-02-24 08:14:18,0.08362400,0.67700000
2018-02-24 08:14:19,0.08372600,0.04100000
2018-02-24 08:14:19,0.08372600,0.13400000
2018-02-24 08:14:19,0.08363000,0.15200000
2018-02-24 08:14:20,0.08372000,0.15000000
2018-02-24 08:14:20,0.08372600,0.01400000
2018-02-24 08:14:20,0.08372600,0.16700000
2018-02-24 08:14:21,0.08363300,0.71200000
2018-02-24 08:14:21,0.08372700,0.59700000
2018-02-24 08:14:22,0.08363400,1.19800000
2018-02-24 08:14:22,0.08372600,0.56000000
2018-02-24 08:14:22,0.08363400,1.89400000
2018-02-24 08:14:22,0.08363400,0.11900000
2018-02-24 08:14:23,0.08372400,0.11700000
2018-02-24 08:14:23,0.08363500,0.05400000
2018-02-24 08:14:23,0.08363500,0.65900000
2018-02-24 08:14:23,0.08362000,0.05300000
2018-02-24 08:14:23,0.08372300,0.24000000
2018-02-24 08:14:24,0.08363600,1.19800000
2018-02-24 08:14:24,0.08363600,0.69400000
2018-02-24 08:14:24,0.08363600,0.00100000
2018-02-24 08:14:24,0.08362200,0.01600000
2018-02-24 08:14:25,0.08362400,0.06800000
2018-02-24 08:14:25,0.08370600,0.06300000
2018-02-24 08:14:25,0.08363500,0.03500000
2018-02-24 08:14:25,0.08363500,0.05000000
2018-02-24 08:14:25,0.08363500,0.10300000
2018-02-24 08:14:25,0.08370500,0.01300000
2018-02-24 08:14:26,0.08370500,0.10300000
2018-02-24 08:14:26,0.08370500,0.07800000
2018-02-24 08:14:26,0.08370600,0.00100000
2018-02-24 08:14:26,0.08371900,0.10100000
2018-02-24 08:14:26,0.08371700,0.02000000
2018-02-24 08:14:26,0.08371800,5.00000000
2018-02-24 08:14:26,0.08371900,3.69900000
2018-02-24 08:14:26,0.08372000,0.06400000
2018-02-24 08:14:26,0.08372200,1.89300000
2018-02-24 08:14:26,0.08372400,0.00100000
2018-02-24 08:14:26,0.08372800,0.21900000
2018-02-24 08:14:26,0.08373300,0.13800000
2018-02-24 08:14:26,0.08374900,0.83700000
2018-02-24 08:14:26,0.08375000,1.70400000
2018-02-24 08:14:26,0.08375400,0.19600000
2018-02-24 08:14:26,0.08376400,0.60000000
2018-02-24 08:14:26,0.08376800,0.50000000
2018-02-24 08:14:26,0.08377700,0.12800000
2018-02-24 08:14:26,0.08377900,0.14600000
2018-02-24 08:14:26,0.08378100,0.39800000
2018-02-24 08:14:26,0.08378200,0.36300000
2018-02-24 08:14:26,0.08378300,0.02100000
2018-02-24 08:14:26,0.08378400,0.09100000
2018-02-24 08:14:26,0.08379000,0.01300000
2018-02-24 08:14:26,0.08379900,11.19000000
2018-02-24 08:14:26,0.08380000,12.77900000
2018-02-24 08:14:27,0.08371700,0.09800000
2018-02-24 08:14:27,0.08371800,0.06700000
2018-02-24 08:14:27,0.08371800,0.02300000
2018-02-24 08:14:27,0.08371700,0.17000000
2018-02-24 08:14:28,0.08371700,0.02000000
2018-02-24 08:14:29,0.08371700,0.04000000
2018-02-24 08:14:29,0.08371700,0.74700000
2018-02-24 08:14:29,0.08371700,0.07100000
2018-02-24 08:14:29,0.08371700,0.07100000
2018-02-24 08:14:29,0.08371700,0.24100000
2018-02-24 08:14:30,0.08371700,0.68200000
2018-02-24 08:14:30,0.08371700,0.04800000
2018-02-24 08:14:30,0.08371700,1.86900000
2018-02-24 08:14:30,0.08371800,0.88600000
2018-02-24 08:14:30,0.08371800,0.52200000
2018-02-24 08:14:30,0.08378000,0.52900000
2018-02-24 08:14:30,0.08378900,0.50000000
2018-02-24 08:14:30,0.08380000,0.04300000
2018-02-24 08:14:31,0.08377800,0.11900000
2018-02-24 08:14:33,0.08377700,0.11600000
2018-02-24 08:14:33,0.08365300,1.19500000
2018-02-24 08:14:33,0.08365400,0.15900000
2018-02-24 08:14:34,0.08365500,0.55900000
2018-02-24 08:14:34,0.08365400,0.25800000
2018-02-24 08:14:34,0.08365400,1.72100000
2018-02-24 08:14:36,0.08366100,0.19200000
2018-02-24 08:14:36,0.08377400,0.14300000
2018-02-24 08:14:36,0.08377300,0.05400000
2018-02-24 08:14:37,0.08366000,0.23600000
2018-02-24 08:14:37,0.08377300,0.40000000
2018-02-24 08:14:40,0.08376600,0.09900000
2018-02-24 08:14:40,0.08376700,0.43300000
2018-02-24 08:14:40,0.08366600,0.45400000
2018-02-24 08:14:40,0.08366500,2.09500000
2018-02-24 08:14:48,0.08367400,0.01700000
2018-02-24 08:14:48,0.08367400,0.02700000
2018-02-24 08:14:51,0.08374000,0.24000000
2018-02-24 08:14:52,0.08367400,0.54900000
2018-02-24 08:14:52,0.08366300,0.35100000
2018-02-24 08:14:53,0.08366300,0.02700000
2018-02-24 08:14:55,0.08366300,0.04800000
2018-02-24 08:14:57,0.08374100,1.90700000
2018-02-24 08:14:57,0.08374200,0.24200000
2018-02-24 08:14:57,0.08374400,0.19700000
2018-02-24 08:14:57,0.08376400,0.13400000
2018-02-24 08:15:00,0.08365400,0.01500000
2018-02-24 08:15:02,0.08366200,0.20100000
2018-02-24 08:15:07,0.08366700,0.01600000
2018-02-24 08:15:07,0.08366700,0.13300000
2018-02-24 08:15:09,0.08366900,0.18500000
2018-02-24 08:15:14,0.08375200,0.25800000
2018-02-24 08:15:14,0.08366900,0.10100000
2018-02-24 08:15:15,0.08375200,0.12200000
2018-02-24 08:15:15,0.08366900,0.01200000
2018-02-24 08:15:15,0.08375200,0.06200000
2018-02-24 08:15:17,0.08366900,0.08100000
2018-02-24 08:15:18,0.08375000,0.11100000
2018-02-24 08:15:20,0.08374900,0.32300000
2018-02-24 08:15:20,0.08374900,0.23300000
2018-02-24 08:15:20,0.08374900,2.27300000
2018-02-24 08:15:20,0.08374900,0.16700000
2018-02-24 08:15:20,0.08374900,0.24600000
2018-02-24 08:15:21,0.08374800,0.02900000
2018-02-24 08:15:22,0.08374800,0.07200000
2018-02-24 08:15:23,0.08374900,0.59700000
2018-02-24 08:15:23,0.08374900,0.59700000
2018-02-24 08:15:24,0.08374800,0.06900000
2018-02-24 08:15:24,0.08366700,0.06800000
2018-02-24 08:15:24,0.08366700,0.03900000
2018-02-24 08:15:24,0.08366700,0.06600000
2018-02-24 08:15:24,0.08366700,0.06800000
2018-02-24 08:15:24,0.08374900,0.02500000
2018-02-24 08:15:24,0.08366700,0.04000000
2018-02-24 08:15:24,0.08366700,0.06800000
2018-02-24 08:15:25,0.08366800,0.03000000
2018-02-24 08:15:25,0.08366900,0.01200000
2018-02-24 08:15:26,0.08366900,0.00800000
2018-02-24 08:15:26,0.08366800,0.00400000
2018-02-24 08:15:27,0.08367000,0.20000000
2018-02-24 08:15:28,0.08367000,0.13300000
2018-02-24 08:15:28,0.08367000,0.10400000
2018-02-24 08:15:36,0.08367200,0.24200000
2018-02-24 08:15:36,0.08366500,0.15800000
2018-02-24 08:15:36,0.08374900,0.15200000
2018-02-24 08:15:36,0.08374900,0.15200000
2018-02-24 08:15:37,0.08374900,0.07000000
2018-02-24 08:15:39,0.08366500,0.25200000
2018-02-24 08:15:39,0.08374900,0.15600000
2018-02-24 08:15:39,0.08375300,0.24400000
2018-02-24 08:15:40,0.08366600,0.59800000
2018-02-24 08:15:45,0.08366900,0.06700000
2018-02-24 08:15:46,0.08375000,0.15400000
2018-02-24 08:15:46,0.08375100,0.24200000
2018-02-24 08:15:46,0.08375200,0.00400000
2018-02-24 08:15:48,0.08367300,0.09600000
2018-02-24 08:15:48,0.08367300,0.02600000
2018-02-24 08:15:48,0.08367300,0.14000000
2018-02-24 08:15:48,0.08367200,0.12100000
2018-02-24 08:15:48,0.08367300,0.02000000
2018-02-24 08:15:48,0.08367200,0.27400000
2018-02-24 08:15:49,0.08367300,0.19900000
2018-02-24 08:15:52,0.08375100,0.24200000
2018-02-24 08:15:52,0.08375200,0.15800000
2018-02-24 08:15:55,0.08367400,0.08000000
2018-02-24 08:15:55,0.08367300,0.10100000
2018-02-24 08:15:56,0.08375300,0.09800000
2018-02-24 08:15:58,0.08375300,0.06400000
2018-02-24 08:15:59,0.08367400,0.44100000
2018-02-24 08:16:00,0.08367400,0.13100000
2018-02-24 08:16:01,0.08367500,0.01600000
2018-02-24 08:16:01,0.08367500,1.19800000
2018-02-24 08:16:02,0.08367600,0.18500000
2018-02-24 08:16:02,0.08375300,0.09900000
2018-02-24 08:16:02,0.08375300,0.08800000
2018-02-24 08:16:02,0.08367600,0.14000000
2018-02-24 08:16:02,0.08375300,0.02500000
2018-02-24 08:16:02,0.08375300,0.10300000
2018-02-24 08:16:02,0.08375300,0.00100000
2018-02-24 08:16:02,0.08377100,0.10200000
2018-02-24 08:16:02,0.08377000,0.09900000
2018-02-24 08:16:02,0.08377100,0.03800000
2018-02-24 08:16:03,0.08367700,0.09800000
2018-02-24 08:16:03,0.08367700,0.09800000
2018-02-24 08:16:03,0.08377000,0.05200000
2018-02-24 08:16:04,0.08377000,0.02000000
2018-02-24 08:16:04,0.08367800,0.04700000
2018-02-24 08:16:04,0.08367800,1.19800000
2018-02-24 08:16:04,0.08367800,0.22800000
2018-02-24 08:16:04,0.08376900,0.01300000
2018-02-24 08:16:04,0.08367900,0.02100000
2018-02-24 08:16:05,0.08376800,0.11800000
2018-02-24 08:16:05,0.08376900,1.14800000
2018-02-24 08:16:05,0.08376900,0.29200000
2018-02-24 08:16:05,0.08376800,0.02000000
2018-02-24 08:16:05,0.08376900,0.00100000
2018-02-24 08:16:05,0.08377000,0.00800000
2018-02-24 08:16:05,0.08368000,0.09800000
2018-02-24 08:16:05,0.08376800,0.02000000
2018-02-24 08:16:05,0.08376800,0.02000000
2018-02-24 08:16:05,0.08377000,0.14500000
2018-02-24 08:16:05,0.08376800,0.02000000
2018-02-24 08:16:05,0.08377000,0.21900000
2018-02-24 08:16:05,0.08377100,0.10200000
2018-02-24 08:16:05,0.08377200,0.02900000
2018-02-24 08:16:05,0.08379800,0.06500000
2018-02-24 08:16:05,0.08376700,0.02100000
2018-02-24 08:16:05,0.08376800,0.02000000
2018-02-24 08:16:05,0.08376800,0.02000000
2018-02-24 08:16:05,0.08376800,0.01400000
2018-02-24 08:16:05,0.08368000,0.01300000
2018-02-24 08:16:05,0.08368100,0.01300000
2018-02-24 08:16:05,0.08368100,0.00700000
2018-02-24 08:16:05,0.08368000,0.00600000
2018-02-24 08:16:05,0.08368000,0.01300000
2018-02-24 08:16:05,0.08368000,0.01200000
2018-02-24 08:16:05,0.08368000,0.01200000
2018-02-24 08:16:06,0.08376800,0.24400000
2018-02-24 08:16:06,0.08368100,0.58900000
2018-02-24 08:16:07,0.08368200,0.52500000
2018-02-24 08:16:07,0.08368200,0.00100000
2018-02-24 08:16:07,0.08368100,0.00100000
2018-02-24 08:16:07,0.08368000,0.19700000
2018-02-24 08:16:07,0.08368200,0.12000000
2018-02-24 08:16:07,0.08368000,0.24800000
2018-02-24 08:16:08,0.08368300,1.19800000
2018-02-24 08:16:08,0.08368300,0.18400000
2018-02-24 08:16:08,0.08368300,0.19700000
2018-02-24 08:16:08,0.08368300,3.38100000
2018-02-24 08:16:08,0.08368000,0.40000000
2018-02-24 08:16:08,0.08367700,0.02000000
2018-02-24 08:16:08,0.08367700,0.02000000
2018-02-24 08:16:08,0.08367700,0.02000000
2018-02-24 08:16:09,0.08367700,0.05800000
2018-02-24 08:16:09,0.08367600,0.11300000
2018-02-24 08:16:09,0.08367700,0.19400000
2018-02-24 08:16:09,0.08367700,0.48500000
2018-02-24 08:16:09,0.08367700,0.03200000
2018-02-24 08:16:09,0.08367700,0.54700000
2018-02-24 08:16:09,0.08367700,0.40000000
2018-02-24 08:16:09,0.08367600,0.00100000
2018-02-24 08:16:09,0.08367400,0.02900000
2018-02-24 08:16:10,0.08367400,0.21000000
2018-02-24 08:16:10,0.08367400,0.00100000
2018-02-24 08:16:10,0.08367700,0.20900000
2018-02-24 08:16:10,0.08367700,0.68200000
2018-02-24 08:16:11,0.08367800,0.09800000
2018-02-24 08:16:11,0.08367800,0.00100000
2018-02-24 08:16:11,0.08367700,0.02900000
2018-02-24 08:16:11,0.08366900,0.04700000
2018-02-24 08:16:11,0.08365500,0.02100000
2018-02-24 08:16:11,0.08367800,0.32700000
2018-02-24 08:16:11,0.08376400,0.13500000
2018-02-24 08:16:11,0.08367800,0.04000000
2018-02-24 08:16:12,0.08365500,0.20900000
2018-02-24 08:16:12,0.08367900,0.07800000
2018-02-24 08:16:12,0.08367900,0.00100000
2018-02-24 08:16:12,0.08366000,0.39600000
2018-02-24 08:16:15,0.08366400,0.34800000
2018-02-24 08:16:15,0.08366200,0.04000000
2018-02-24 08:16:15,0.08366000,0.22400000
2018-02-24 08:16:18,0.08366600,0.06900000
2018-02-24 08:16:19,0.08366700,0.06400000
2018-02-24 08:16:19,0.08374800,0.58400000
2018-02-24 08:16:19,0.08366600,0.17000000
2018-02-24 08:16:20,0.08366600,0.01400000
2018-02-24 08:16:20,0.08374600,0.01300000
2018-02-24 08:16:20,0.08374600,0.01300000
2018-02-24 08:16:20,0.08374600,0.01300000
2018-02-24 08:16:20,0.08374600,0.05900000
2018-02-24 08:16:20,0.08374700,0.03200000
2018-02-24 08:16:20,0.08366100,0.34200000
2018-02-24 08:16:21,0.08374000,0.38300000
2018-02-24 08:16:21,0.08374000,0.21700000
2018-02-24 08:16:21,0.08374000,0.03000000
2018-02-24 08:16:21,0.08374000,0.02000000
2018-02-24 08:16:21,0.08374000,0.03000000
2018-02-24 08:16:21,0.08374000,0.10000000
2018-02-24 08:16:21,0.08374000,0.03000000
2018-02-24 08:16:21,0.08374000,0.02000000
2018-02-24 08:16:21,0.08374000,0.00400000
2018-02-24 08:16:21,0.08366200,0.18400000
2018-02-24 08:16:22,0.08366200,0.18300000
2018-02-24 08:16:24,0.08366400,0.03600000
2018-02-24 08:16:24,0.08366400,0.10000000
2018-02-24 08:16:24,0.08366400,0.15900000
2018-02-24 08:16:24,0.08366500,0.09000000
2018-02-24 08:16:24,0.08366400,0.09400000
2018-02-24 08:16:25,0.08366400,0.02000000
2018-02-24 08:16:25,0.08366400,0.02000000
2018-02-24 08:16:25,0.08366400,0.09000000
2018-02-24 08:16:25,0.08366400,0.00500000
2018-02-24 08:16:25,0.08366500,0.00800000
2018-02-24 08:16:26,0.08366500,0.08400000
2018-02-24 08:16:26,0.08366600,0.04700000
2018-02-24 08:16:26,0.08366700,0.34800000
2018-02-24 08:16:27,0.08366600,0.59800000
2018-02-24 08:16:27,0.08366600,1.18100000
2018-02-24 08:16:27,0.08366700,0.00100000
2018-02-24 08:16:27,0.08366700,0.10400000
2018-02-24 08:16:30,0.08366900,1.02800000
2018-02-24 08:16:31,0.08367100,0.07700000
2018-02-24 08:16:32,0.08374400,0.28600000
2018-02-24 08:16:32,0.08367200,0.23700000
2018-02-24 08:16:32,0.08367200,0.07500000
2018-02-24 08:16:33,0.08367300,0.08700000
2018-02-24 08:16:33,0.08367300,0.26100000
2018-02-24 08:16:33,0.08367000,0.08600000
2018-02-24 08:16:33,0.08367000,0.08700000
2018-02-24 08:16:33,0.08367300,0.34700000
2018-02-24 08:16:34,0.08367400,0.34700000
2018-02-24 08:16:35,0.08367500,0.34700000
2018-02-24 08:16:35,0.08374800,0.00200000
2018-02-24 08:16:35,0.08374900,1.73600000
2018-02-24 08:16:35,0.08375000,0.72400000
2018-02-24 08:16:35,0.08375500,0.04800000
2018-02-24 08:16:35,0.08376200,0.02000000
2018-02-24 08:16:35,0.08376600,0.21000000
2018-02-24 08:16:35,0.08377000,0.18000000
2018-02-24 08:16:35,0.08380000,0.13500000
2018-02-24 08:16:35,0.08376200,0.01900000
2018-02-24 08:16:35,0.08367600,0.18300000
2018-02-24 08:16:35,0.08367600,0.05900000
2018-02-24 08:16:36,0.08367600,0.07400000
2018-02-24 08:16:36,0.08367600,0.11000000
2018-02-24 08:16:36,0.08367600,0.07400000
2018-02-24 08:16:36,0.08367000,0.35400000
2018-02-24 08:16:36,0.08367400,0.02900000
2018-02-24 08:16:36,0.08367000,0.04400000
2018-02-24 08:16:37,0.08367700,0.05900000
2018-02-24 08:16:37,0.08367700,0.03100000
2018-02-24 08:16:37,0.08367600,0.41400000
2018-02-24 08:16:38,0.08367700,0.05600000
2018-02-24 08:16:38,0.08367700,0.00400000
2018-02-24 08:16:38,0.08367600,0.05500000
2018-02-24 08:16:38,0.08367700,0.08400000
2018-02-24 08:16:39,0.08375400,0.07600000
2018-02-24 08:16:39,0.08367700,0.05600000
2018-02-24 08:16:39,0.08375400,0.00100000
2018-02-24 08:16:39,0.08377300,0.07500000
2018-02-24 08:16:39,0.08367700,0.07000000
2018-02-24 08:16:39,0.08367600,0.02000000
2018-02-24 08:16:39,0.08367100,0.03500000
2018-02-24 08:16:39,0.08367100,0.02400000
2018-02-24 08:16:39,0.08366900,0.00200000
2018-02-24 08:16:40,0.08367100,0.09900000
2018-02-24 08:16:40,0.08367700,0.02500000
2018-02-24 08:16:40,0.08367700,0.02200000
2018-02-24 08:16:40,0.08367700,0.05200000
2018-02-24 08:16:40,0.08367700,0.00100000
2018-02-24 08:16:40,0.08377100,0.05100000
2018-02-24 08:16:40,0.08367100,0.12800000
2018-02-24 08:16:40,0.08367100,0.59800000
2018-02-24 08:16:40,0.08367100,0.59800000
2018-02-24 08:16:41,0.08367300,0.05000000
2018-02-24 08:16:41,0.08367300,0.00100000
2018-02-24 08:16:41,0.08367200,0.12000000
2018-02-24 08:16:41,0.08366900,0.12600000
2018-02-24 08:16:42,0.08367200,0.12000000
2018-02-24 08:16:42,0.08376900,0.11900000
2018-02-24 08:16:42,0.08367400,0.12000000
2018-02-24 08:16:42,0.08376900,0.47900000
2018-02-24 08:16:42,0.08367400,0.81100000
2018-02-24 08:16:42,0.08376900,0.34000000
2018-02-24 08:16:42,0.08367400,0.59800000
2018-02-24 08:16:42,0.08367400,0.17400000
2018-02-24 08:16:42,0.08367300,0.18400000
2018-02-24 08:16:42,0.08367200,0.12000000
2018-02-24 08:16:42,0.08367000,0.12000000
2018-02-24 08:16:42,0.08366900,0.16800000
2018-02-24 08:16:42,0.08366900,0.04100000
2018-02-24 08:16:43,0.08367800,0.12000000
2018-02-24 08:16:43,0.08367800,0.19800000
2018-02-24 08:16:43,0.08376700,0.18300000
2018-02-24 08:16:43,0.08367800,0.11600000
2018-02-24 08:16:43,0.08367900,0.34200000
2018-02-24 08:16:44,0.08376600,0.07100000
2018-02-24 08:16:44,0.08376600,0.46100000
2018-02-24 08:16:45,0.08368100,0.12900000
2018-02-24 08:16:45,0.08376600,0.13300000
2018-02-24 08:16:45,0.08376600,0.26700000
2018-02-24 08:16:45,0.08368100,0.22500000
2018-02-24 08:16:46,0.08368200,0.09800000
2018-02-24 08:16:46,0.08368100,0.07900000
2018-02-24 08:16:46,0.08368000,0.01900000
2018-02-24 08:16:47,0.08368400,0.04700000
2018-02-24 08:16:47,0.08376500,0.31000000
2018-02-24 08:16:48,0.08368000,0.10600000
2018-02-24 08:16:48,0.08368000,0.20400000
2018-02-24 08:16:48,0.08376500,0.04700000
2018-02-24 08:16:48,0.08376600,0.17300000
2018-02-24 08:16:49,0.08368200,0.04700000
2018-02-24 08:16:49,0.08368200,0.00100000
2018-02-24 08:16:49,0.08368200,0.04700000
2018-02-24 08:16:49,0.08376500,0.04600000
2018-02-24 08:16:50,0.08368000,0.04500000
2018-02-24 08:16:50,0.08368000,0.00100000
2018-02-24 08:16:50,0.08367900,0.04400000
2018-02-24 08:16:50,0.08367900,2.15400000
2018-02-24 08:16:50,0.08368400,0.03200000
2018-02-24 08:16:50,0.08376300,0.03100000
2018-02-24 08:16:52,0.08368000,0.14100000
2018-02-24 08:16:53,0.08368200,0.11700000
2018-02-24 08:16:53,0.08376100,0.20400000
2018-02-24 08:16:55,0.08376200,0.26100000
2018-02-24 08:16:56,0.08376500,0.01900000
2018-02-24 08:16:56,0.08368500,0.07500000
2018-02-24 08:16:57,0.08376600,0.05800000
2018-02-24 08:16:57,0.08376600,0.66000000
2018-02-24 08:16:57,0.08368500,0.59700000
2018-02-24 08:16:57,0.08368500,0.14600000
2018-02-24 08:16:58,0.08368600,0.01900000
2018-02-24 08:16:59,0.08368700,0.02900000
2018-02-24 08:16:59,0.08368800,1.06500000
2018-02-24 08:17:00,0.08376600,0.07700000
2018-02-24 08:17:01,0.08368900,0.13700000
2018-02-24 08:17:01,0.08368900,0.02900000
2018-02-24 08:17:02,0.08368900,0.19600000
2018-02-24 08:17:03,0.08369200,0.11600000
2018-02-24 08:17:04,0.08376600,0.00100000
2018-02-24 08:17:04,0.08376700,0.00100000
2018-02-24 08:17:04,0.08376800,0.18300000
2018-02-24 08:17:05,0.08376800,0.14900000
2018-02-24 08:17:05,0.08369400,0.34800000
2018-02-24 08:17:05,0.08369200,0.26300000
2018-02-24 08:17:05,0.08368800,0.34800000
2018-02-24 08:17:05,0.08376800,0.02800000
2018-02-24 08:17:06,0.08376900,1.35500000
2018-02-24 08:17:06,0.08377200,0.66400000
2018-02-24 08:17:06,0.08378600,0.12000000
2018-02-24 08:17:06,0.08378700,0.03000000
2018-02-24 08:17:06,0.08380000,3.96600000
2018-02-24 08:17:09,0.08369500,0.17000000
2018-02-24 08:17:09,0.08369400,0.65400000
2018-02-24 08:17:09,0.08378200,0.09700000
2018-02-24 08:17:09,0.08378300,0.24100000
2018-02-24 08:17:10,0.08369600,0.12900000
2018-02-24 08:17:11,0.08378200,0.08000000
2018-02-24 08:17:11,0.08369700,0.11800000
2018-02-24 08:17:11,0.08378200,0.01900000
2018-02-24 08:17:11,0.08369600,0.08900000
2018-02-24 08:17:11,0.08369600,0.14500000
2018-02-24 08:17:12,0.08369700,0.09500000
2018-02-24 08:17:12,0.08378200,0.03800000
2018-02-24 08:17:12,0.08378200,0.10000000
2018-02-24 08:17:12,0.08378300,0.00100000
2018-02-24 08:17:12,0.08378900,0.02000000
2018-02-24 08:17:12,0.08379600,0.01600000
2018-02-24 08:17:13,0.08378800,0.01900000
2018-02-24 08:17:13,0.08378800,0.01900000
2018-02-24 08:17:13,0.08378800,0.02000000
2018-02-24 08:17:13,0.08378800,0.04200000
2018-02-24 08:17:13,0.08369900,0.01200000
2018-02-24 08:17:13,0.08369900,0.02900000
2018-02-24 08:17:13,0.08369900,0.07800000
2018-02-24 08:17:13,0.08369800,0.04000000
2018-02-24 08:17:13,0.08369800,0.24300000
2018-02-24 08:17:13,0.08369800,0.09600000
2018-02-24 08:17:14,0.08378800,0.11900000
2018-02-24 08:17:16,0.08378600,0.11900000
2018-02-24 08:17:16,0.08378700,0.02900000
2018-02-24 08:17:16,0.08370100,0.21600000
2018-02-24 08:17:16,0.08378600,0.02000000
2018-02-24 08:17:16,0.08378700,1.02100000
2018-02-24 08:17:17,0.08378600,0.09600000
2018-02-24 08:17:17,0.08370100,0.03700000
2018-02-24 08:17:17,0.08370000,0.02800000
2018-02-24 08:17:18,0.08378600,0.08300000
2018-02-24 08:17:18,0.08370100,0.02600000
2018-02-24 08:17:18,0.08370100,0.51100000
2018-02-24 08:17:18,0.08370100,0.30700000
2018-02-24 08:17:18,0.08370100,0.47800000
2018-02-24 08:17:19,0.08378700,0.02900000
2018-02-24 08:17:19,0.08378700,2.37000000
2018-02-24 08:17:19,0.08370200,0.09000000
2018-02-24 08:17:19,0.08370200,0.00100000
2018-02-24 08:17:19,0.08369900,0.08200000
2018-02-24 08:17:19,0.08370200,0.01900000
2018-02-24 08:17:19,0.08370200,0.00100000
2018-02-24 08:17:19,0.08369800,0.26900000
2018-02-24 08:17:19,0.08370200,0.02000000
2018-02-24 08:17:19,0.08369800,0.13100000
2018-02-24 08:17:19,0.08366900,0.14900000
2018-02-24 08:17:20,0.08378700,0.06000000
2018-02-24 08:17:20,0.08369100,0.01900000
2018-02-24 08:17:20,0.08369100,0.00100000
2018-02-24 08:17:20,0.08367100,0.01800000
2018-02-24 08:17:20,0.08369100,0.01900000
2018-02-24 08:17:20,0.08378700,0.05100000
2018-02-24 08:17:20,0.08378800,0.09500000
2018-02-24 08:17:20,0.08378800,0.03000000
2018-02-24 08:17:20,0.08378800,0.03000000
2018-02-24 08:17:20,0.08378800,0.02000000
2018-02-24 08:17:20,0.08378800,0.03000000
2018-02-24 08:17:20,0.08378800,0.02000000
2018-02-24 08:17:20,0.08378800,1.13000000
2018-02-24 08:17:20,0.08378800,0.03000000
2018-02-24 08:17:20,0.08378800,0.02000000
2018-02-24 08:17:20,0.08378800,0.13600000
2018-02-24 08:17:20,0.08378800,0.42300000
2018-02-24 08:17:21,0.08375800,0.03100000
2018-02-24 08:17:21,0.08375800,0.08000000
2018-02-24 08:17:21,0.08375800,0.06000000
2018-02-24 08:17:21,0.08367200,0.11000000
2018-02-24 08:17:21,0.08367200,0.16900000
2018-02-24 08:17:21,0.08367200,0.17000000
2018-02-24 08:17:25,0.08368100,0.13700000
2018-02-24 08:17:31,0.08368700,0.02000000
2018-02-24 08:17:33,0.08368900,0.02000000
2018-02-24 08:17:33,0.08368800,0.04400000
2018-02-24 08:17:34,0.08377500,0.49900000
2018-02-24 08:17:34,0.08377400,0.05100000
2018-02-24 08:17:34,0.08377400,0.04800000
2018-02-24 08:17:34,0.08369000,0.22800000
2018-02-24 08:17:34,0.08368900,0.08400000
2018-02-24 08:17:34,0.08368500,0.02900000
2018-02-24 08:17:35,0.08368600,0.49800000
2018-02-24 08:17:37,0.08368700,0.09800000
2018-02-24 08:17:37,0.08368500,0.04100000
2018-02-24 08:17:38,0.08368600,0.04500000
2018-02-24 08:17:38,0.08368700,0.07000000
2018-02-24 08:17:41,0.08376700,0.28200000
2018-02-24 08:17:42,0.08376700,0.31600000
2018-02-24 08:17:42,0.08376800,0.23900000
2018-02-24 08:17:42,0.08368600,0.41600000
2018-02-24 08:17:43,0.08368500,0.05100000
2018-02-24 08:17:44,0.08376700,0.62200000
2018-02-24 08:17:45,0.08368800,0.26400000
2018-02-24 08:17:45,0.08368800,0.00100000
2018-02-24 08:17:46,0.08368800,0.03000000
2018-02-24 08:17:48,0.08376700,1.19300000
2018-02-24 08:17:48,0.08376700,0.03400000
2018-02-24 08:17:48,0.08376700,1.43100000
2018-02-24 08:17:48,0.08369100,0.07800000
2018-02-24 08:17:49,0.08376900,0.05800000
2018-02-24 08:17:49,0.08376700,0.02000000
2018-02-24 08:17:49,0.08376700,0.02700000
2018-02-24 08:17:49,0.08369100,0.01900000
2018-02-24 08:17:49,0.08369100,0.04600000
2018-02-24 08:17:49,0.08369200,0.14100000
2018-02-24 08:17:51,0.08376600,0.14300000
2018-02-24 08:17:52,0.08376600,0.02100000
2018-02-24 08:17:52,0.08376600,0.14000000
2018-02-24 08:17:52,0.08376600,0.20000000
2018-02-24 08:17:52,0.08376800,0.20000000
2018-02-24 08:17:54,0.08376600,0.19700000
2018-02-24 08:17:55,0.08369200,0.09700000
2018-02-24 08:17:56,0.08369000,0.39900000
2018-02-24 08:17:56,0.08369000,0.00100000
2018-02-24 08:17:56,0.08368300,0.08100000
2018-02-24 08:17:56,0.08367400,0.14500000
2018-02-24 08:17:56,0.08367300,0.02000000
2018-02-24 08:17:56,0.08366500,0.09400000
2018-02-24 08:17:56,0.08376500,0.09400000
2018-02-24 08:17:57,0.08376300,0.09600000
2018-02-24 08:17:57,0.08376400,0.04400000
2018-02-24 08:17:57,0.08376300,0.04100000
2018-02-24 08:17:58,0.08376300,0.02200000
2018-02-24 08:17:58,0.08376300,0.00100000
2018-02-24 08:17:58,0.08376400,0.00100000
2018-02-24 08:17:58,0.08376500,0.00300000
2018-02-24 08:17:58,0.08376900,0.00100000
2018-02-24 08:17:58,0.08377500,0.01200000
2018-02-24 08:17:58,0.08376300,0.00100000
2018-02-24 08:18:01,0.08368100,0.11600000
2018-02-24 08:18:04,0.08376600,0.02900000
2018-02-24 08:18:04,0.08368300,0.03000000
2018-02-24 08:18:04,0.08377100,0.16500000
2018-02-24 08:18:04,0.08376600,0.19300000
2018-02-24 08:18:05,0.08368300,0.00100000
2018-02-24 08:18:07,0.08376300,0.09800000
2018-02-24 08:18:10,0.08368200,0.04000000
2018-02-24 08:18:10,0.08368200,0.05900000
2018-02-24 08:18:10,0.08368000,1.74300000
2018-02-24 08:18:11,0.08368000,0.09900000
2018-02-24 08:18:11,0.08376400,0.06600000
2018-02-24 08:18:12,0.08367900,0.06500000
2018-02-24 08:18:14,0.08376300,0.36300000
2018-02-24 08:18:14,0.08376300,0.18700000
2018-02-24 08:18:15,0.08376300,0.31400000
2018-02-24 08:18:15,0.08376400,0.14000000
2018-02-24 08:18:15,0.08376500,0.14300000
2018-02-24 08:18:15,0.08367700,0.12200000
2018-02-24 08:18:15,0.08367700,0.00200000
2018-02-24 08:18:16,0.08376400,0.12300000
2018-02-24 08:18:16,0.08367700,0.30200000
2018-02-24 08:18:16,0.08376400,0.12200000
2018-02-24 08:18:16,0.08377100,0.12000000
2018-02-24 08:18:16,0.08377200,0.76900000
2018-02-24 08:18:18,0.08376200,0.01900000
2018-02-24 08:18:18,0.08376200,0.00100000
2018-02-24 08:18:18,0.08376300,0.01600000
2018-02-24 08:18:18,0.08376300,0.59700000
2018-02-24 08:18:18,0.08368100,0.09500000
2018-02-24 08:18:18,0.08368000,0.23900000
2018-02-24 08:18:19,0.08376200,0.24700000
2018-02-24 08:18:19,0.08376200,0.06400000
2018-02-24 08:18:19,0.08368100,0.15700000
2018-02-24 08:18:20,0.08376700,0.44300000
2018-02-24 08:18:20,0.08377200,0.15400000
2018-02-24 08:18:20,0.08368200,0.14000000
2018-02-24 08:18:20,0.08368100,0.03300000
2018-02-24 08:18:20,0.08368200,0.17900000
2018-02-24 08:18:20,0.08368100,3.33100000
2018-02-24 08:18:20,0.08368200,0.08000000
2018-02-24 08:18:20,0.08368100,0.09800000
2018-02-24 08:18:20,0.08376100,0.23800000
2018-02-24 08:18:20,0.08376100,0.07900000
2018-02-24 08:18:20,0.08376100,0.11600000
2018-02-24 08:18:20,0.08368200,0.19800000
2018-02-24 08:18:20,0.08368200,0.07200000
2018-02-24 08:18:20,0.08368100,0.08800000
2018-02-24 08:18:20,0.08368000,0.00300000
2018-02-24 08:18:20,0.08366300,0.03600000
