DATE,PRICE,VOLUME
2018-02-23 07:00:01,0.08440400,0.07700000
2018-02-23 07:00:02,0.08441300,0.07100000
2018-02-23 07:00:02,0.08440400,0.40000000
2018-02-23 07:00:02,0.08441300,0.15100000
2018-02-23 07:00:02,0.08441300,0.07100000
2018-02-23 07:00:02,0.08440400,0.00100000
2018-02-23 07:00:05,0.08445100,0.11800000
2018-02-23 07:00:05,0.08445100,0.07200000
2018-02-23 07:00:05,0.08445000,0.07400000
2018-02-23 07:00:06,0.08441200,0.28900000
2018-02-23 07:00:07,0.08440300,0.35000000
2018-02-23 07:00:08,0.08444600,0.11900000
2018-02-23 07:00:08,0.08444700,0.43500000
2018-02-23 07:00:09,0.08440500,0.02000000
2018-02-23 07:00:09,0.08440400,0.46300000
2018-02-23 07:00:09,0.08440400,0.90400000
2018-02-23 07:00:09,0.08440400,0.06200000
2018-02-23 07:00:09,0.08444600,0.01900000
2018-02-23 07:00:10,0.08440600,0.61600000
2018-02-23 07:00:10,0.08440500,0.02000000
2018-02-23 07:00:10,0.08440300,0.60200000
2018-02-23 07:00:10,0.08444500,0.18300000
2018-02-23 07:00:10,0.08444500,0.22000000
2018-02-23 07:00:10,0.08440400,0.09900000
2018-02-23 07:00:10,0.08440300,0.19500000
2018-02-23 07:00:11,0.08440400,0.11500000
2018-02-23 07:00:11,0.08440400,0.27900000
2018-02-23 07:00:11,0.08440400,0.07900000
2018-02-23 07:00:12,0.08440400,0.05300000
2018-02-23 07:00:12,0.08440400,0.05300000
2018-02-23 07:00:12,0.08440400,1.09500000
2018-02-23 07:00:12,0.08440400,0.48100000
2018-02-23 07:00:13,0.08440400,0.06000000
2018-02-23 07:00:14,0.08440200,0.22800000
2018-02-23 07:00:14,0.08440400,2.27300000
2018-02-23 07:00:14,0.08440400,0.12100000
2018-02-23 07:00:15,0.08440400,1.18400000
2018-02-23 07:00:15,0.08440400,0.02100000
2018-02-23 07:00:18,0.08440400,0.17300000
2018-02-23 07:00:18,0.08440400,0.03800000
2018-02-23 07:00:22,0.08440200,0.09700000
2018-02-23 07:00:23,0.08440400,0.98500000
2018-02-23 07:00:24,0.08440200,0.10700000
2018-02-23 07:00:24,0.08440200,0.12400000
2018-02-23 07:00:24,0.08440000,0.04900000
2018-02-23 07:00:24,0.08440000,0.10000000
2018-02-23 07:00:25,0.08440000,1.18400000
2018-02-23 07:00:25,0.08440100,0.12400000
2018-02-23 07:00:25,0.08440100,0.14400000
2018-02-23 07:00:26,0.08440100,0.11800000
2018-02-23 07:00:26,0.08440000,0.01200000
2018-02-23 07:00:27,0.08440000,0.48000000
2018-02-23 07:00:30,0.08440100,1.18300000
2018-02-23 07:00:30,0.08440100,0.19200000
2018-02-23 07:00:31,0.08440100,1.18300000
2018-02-23 07:00:32,0.08440000,0.01200000
2018-02-23 07:00:33,0.08440100,0.41700000
2018-02-23 07:00:33,0.08440100,0.41800000
2018-02-23 07:00:33,0.08440100,0.01700000
2018-02-23 07:00:33,0.08440100,0.17800000
2018-02-23 07:00:33,0.08440000,0.02800000
2018-02-23 07:00:33,0.08440100,0.01900000
2018-02-23 07:00:33,0.08440100,0.07800000
2018-02-23 07:00:33,0.08440200,1.29800000
2018-02-23 07:00:34,0.08440200,0.07400000
2018-02-23 07:00:34,0.08440400,0.24900000
2018-02-23 07:00:38,0.08440400,0.10000000
2018-02-23 07:00:39,0.08440400,0.08100000
2018-02-23 07:00:39,0.08440400,0.03300000
2018-02-23 07:00:39,0.08440400,0.06600000
2018-02-23 07:00:39,0.08440100,2.96600000
2018-02-23 07:00:40,0.08440000,0.40000000
2018-02-23 07:00:43,0.08442800,0.09900000
2018-02-23 07:00:43,0.08442900,0.35400000
2018-02-23 07:00:43,0.08442900,0.35100000
2018-02-23 07:00:44,0.08442900,0.32900000
2018-02-23 07:00:44,0.08442900,0.03900000
2018-02-23 07:00:45,0.08440000,0.54400000
2018-02-23 07:00:45,0.08440000,0.40000000
2018-02-23 07:00:47,0.08442700,0.01000000
2018-02-23 07:00:47,0.08440000,0.40000000
2018-02-23 07:00:47,0.08440000,0.28800000
2018-02-23 07:00:48,0.08440000,0.15000000
2018-02-23 07:00:48,0.08440000,0.44600000
2018-02-23 07:00:48,0.08440000,0.25100000
2018-02-23 07:00:48,0.08442700,0.02200000
2018-02-23 07:00:49,0.08440000,0.30000000
2018-02-23 07:00:51,0.08440000,0.01800000
2018-02-23 07:00:51,0.08440000,0.00200000
2018-02-23 07:00:51,0.08440000,0.01900000
2018-02-23 07:00:51,0.08440000,0.00100000
2018-02-23 07:00:52,0.08440000,0.00700000
2018-02-23 07:00:52,0.08440000,0.40000000
2018-02-23 07:00:52,0.08440000,0.40000000
2018-02-23 07:00:52,0.08440000,0.98000000
2018-02-23 07:00:53,0.08440000,0.01700000
2018-02-23 07:00:53,0.08440000,0.17000000
2018-02-23 07:00:53,0.08440000,0.01100000
2018-02-23 07:00:53,0.08442700,0.04300000
2018-02-23 07:00:54,0.08440000,0.40000000
2018-02-23 07:00:54,0.08442700,0.20600000
2018-02-23 07:00:55,0.08440000,0.13900000
2018-02-23 07:00:56,0.08440000,0.02300000
2018-02-23 07:00:57,0.08440200,0.02300000
2018-02-23 07:00:57,0.08440200,1.16100000
2018-02-23 07:00:58,0.08440000,0.40000000
2018-02-23 07:00:58,0.08440000,0.00400000
2018-02-23 07:00:58,0.08442500,0.00600000
2018-02-23 07:01:06,0.08442400,2.05400000
2018-02-23 07:01:06,0.08440100,0.02800000
2018-02-23 07:01:07,0.08440100,0.07500000
2018-02-23 07:01:07,0.08442000,0.07700000
2018-02-23 07:01:07,0.08442000,0.01100000
2018-02-23 07:01:07,0.08440100,0.14200000
2018-02-23 07:01:08,0.08442000,0.23200000
2018-02-23 07:01:08,0.08440100,0.13500000
2018-02-23 07:01:08,0.08440000,0.26500000
2018-02-23 07:01:09,0.08440000,0.40000000
2018-02-23 07:01:10,0.08442000,0.24200000
2018-02-23 07:01:10,0.08442400,0.04500000
2018-02-23 07:01:11,0.08442400,0.00100000
2018-02-23 07:01:11,0.08442400,0.13800000
2018-02-23 07:01:17,0.08440100,0.00100000
2018-02-23 07:01:17,0.08440100,0.00100000
2018-02-23 07:01:19,0.08442500,0.18800000
2018-02-23 07:01:19,0.08442500,0.11300000
2018-02-23 07:01:19,0.08442500,0.12200000
2018-02-23 07:01:19,0.08442500,0.18300000
2018-02-23 07:01:22,0.08440100,0.40000000
2018-02-23 07:01:22,0.08442500,0.05000000
2018-02-23 07:01:24,0.08440100,0.88600000
2018-02-23 07:01:25,0.08440100,0.12000000
2018-02-23 07:01:26,0.08442500,1.18600000
2018-02-23 07:01:26,0.08442900,0.15600000
2018-02-23 07:01:27,0.08440100,0.21700000
2018-02-23 07:01:27,0.08440200,0.09900000
2018-02-23 07:01:27,0.08440100,0.11800000
2018-02-23 07:01:27,0.08442800,0.09900000
2018-02-23 07:01:27,0.08442900,0.28100000
2018-02-23 07:01:27,0.08443200,0.44100000
2018-02-23 07:01:29,0.08443100,0.00800000
2018-02-23 07:01:30,0.08443100,0.09100000
2018-02-23 07:01:30,0.08443200,0.18100000
2018-02-23 07:01:31,0.08445300,0.37300000
2018-02-23 07:01:31,0.08445300,0.02700000
2018-02-23 07:01:31,0.08445900,1.14900000
2018-02-23 07:01:31,0.08441000,0.06000000
2018-02-23 07:01:31,0.08441100,0.23900000
2018-02-23 07:01:31,0.08441100,0.23900000
2018-02-23 07:01:32,0.08441200,2.09700000
2018-02-23 07:01:32,0.08441100,0.87300000
2018-02-23 07:01:33,0.08443100,0.04200000
2018-02-23 07:01:33,0.08440900,0.13000000
2018-02-23 07:01:33,0.08440500,0.09900000
2018-02-23 07:01:33,0.08440400,0.04800000
2018-02-23 07:01:33,0.08440200,1.49400000
2018-02-23 07:01:33,0.08440200,0.40000000
2018-02-23 07:01:34,0.08440300,0.09900000
2018-02-23 07:01:34,0.08440200,0.27100000
2018-02-23 07:01:35,0.08440200,0.07400000
2018-02-23 07:01:35,0.08440100,0.39900000
2018-02-23 07:01:36,0.08440100,0.06800000
2018-02-23 07:01:36,0.08440100,0.02400000
2018-02-23 07:01:36,0.08442800,0.87300000
2018-02-23 07:01:36,0.08442900,1.85800000
2018-02-23 07:01:37,0.08440100,0.03300000
2018-02-23 07:01:37,0.08440100,0.40000000
2018-02-23 07:01:37,0.08440100,0.04400000
2018-02-23 07:01:38,0.08442900,0.03600000
2018-02-23 07:01:38,0.08440200,0.40000000
2018-02-23 07:01:39,0.08440200,0.05800000
2018-02-23 07:01:39,0.08440200,0.40000000
2018-02-23 07:01:40,0.08440200,0.28100000
2018-02-23 07:01:40,0.08440100,2.28400000
2018-02-23 07:01:42,0.08440200,0.09900000
2018-02-23 07:01:42,0.08440100,0.80900000
2018-02-23 07:01:42,0.08440100,0.58200000
2018-02-23 07:01:42,0.08440100,0.90800000
2018-02-23 07:01:43,0.08440100,0.06000000
2018-02-23 07:01:44,0.08440100,0.40000000
2018-02-23 07:01:44,0.08440100,0.11800000
2018-02-23 07:01:44,0.08440200,0.09900000
2018-02-23 07:01:45,0.08442600,0.09900000
2018-02-23 07:01:45,0.08442700,0.47800000
2018-02-23 07:01:45,0.08442900,1.62200000
2018-02-23 07:01:46,0.08442900,0.32300000
2018-02-23 07:01:46,0.08443000,0.04800000
2018-02-23 07:01:46,0.08445000,0.02100000
2018-02-23 07:01:46,0.08445800,0.02000000
2018-02-23 07:01:46,0.08446000,0.40000000
2018-02-23 07:01:46,0.08446500,0.07900000
2018-02-23 07:01:46,0.08448400,1.25600000
2018-02-23 07:01:46,0.08448800,0.49700000
2018-02-23 07:01:48,0.08440400,0.40000000
2018-02-23 07:01:48,0.08442900,0.15900000
2018-02-23 07:01:49,0.08440400,0.11700000
2018-02-23 07:01:49,0.08440200,0.28300000
2018-02-23 07:01:49,0.08442900,0.02600000
2018-02-23 07:01:50,0.08442900,0.21400000
2018-02-23 07:01:50,0.08442900,0.00100000
2018-02-23 07:01:50,0.08445600,0.21400000
2018-02-23 07:01:50,0.08445600,0.62300000
2018-02-23 07:01:51,0.08440500,0.09900000
2018-02-23 07:01:51,0.08440400,0.04800000
2018-02-23 07:01:51,0.08440300,3.57800000
2018-02-23 07:01:51,0.08440200,0.75700000
2018-02-23 07:01:51,0.08440100,4.56100000
2018-02-23 07:01:51,0.08440000,0.99700000
2018-02-23 07:01:52,0.08440000,0.39600000
2018-02-23 07:01:53,0.08440000,0.00400000
2018-02-23 07:01:54,0.08440200,0.39600000
2018-02-23 07:01:54,0.08440200,0.00400000
2018-02-23 07:01:54,0.08440200,0.40000000
2018-02-23 07:01:55,0.08440200,0.13900000
2018-02-23 07:01:56,0.08441400,0.19900000
2018-02-23 07:01:56,0.08441400,0.20100000
2018-02-23 07:01:56,0.08444200,0.26900000
2018-02-23 07:01:56,0.08440400,0.04800000
2018-02-23 07:01:56,0.08440200,0.35200000
2018-02-23 07:01:56,0.08443900,0.04800000
2018-02-23 07:01:56,0.08444100,0.05100000
2018-02-23 07:01:56,0.08444100,0.03200000
2018-02-23 07:01:56,0.08440200,0.14200000
2018-02-23 07:01:56,0.08440000,0.84100000
2018-02-23 07:01:57,0.08440000,0.48000000
2018-02-23 07:01:57,0.08440000,0.32800000
2018-02-23 07:01:57,0.08440000,1.10200000
2018-02-23 07:01:58,0.08440000,0.20500000
2018-02-23 07:01:59,0.08440000,0.40000000
2018-02-23 07:02:01,0.08440100,1.00200000
2018-02-23 07:02:01,0.08443300,0.01600000
2018-02-23 07:02:01,0.08440100,0.40000000
2018-02-23 07:02:01,0.08443400,0.79600000
2018-02-23 07:02:01,0.08443400,1.33700000
2018-02-23 07:02:01,0.08443500,3.38500000
2018-02-23 07:02:01,0.08443500,0.56500000
2018-02-23 07:02:01,0.08443700,0.02000000
2018-02-23 07:02:01,0.08443700,0.02000000
2018-02-23 07:02:01,0.08443700,0.02000000
2018-02-23 07:02:01,0.08443800,0.55600000
2018-02-23 07:02:01,0.08443700,0.02000000
2018-02-23 07:02:01,0.08443800,3.41000000
2018-02-23 07:02:01,0.08443700,0.02000000
2018-02-23 07:02:01,0.08443700,0.02000000
2018-02-23 07:02:02,0.08443700,0.02000000
2018-02-23 07:02:02,0.08443700,0.02000000
2018-02-23 07:02:02,0.08443700,0.02000000
2018-02-23 07:02:02,0.08443800,0.05800000
2018-02-23 07:02:02,0.08444200,0.52200000
2018-02-23 07:02:02,0.08445100,0.23200000
2018-02-23 07:02:02,0.08445100,0.79700000
2018-02-23 07:02:02,0.08443700,0.28700000
2018-02-23 07:02:02,0.08445100,0.24900000
2018-02-23 07:02:03,0.08443700,0.11300000
2018-02-23 07:02:03,0.08445100,0.11500000
2018-02-23 07:02:03,0.08443700,0.58600000
2018-02-23 07:02:05,0.08443700,0.19900000
2018-02-23 07:02:07,0.08445100,0.22500000
2018-02-23 07:02:07,0.08445100,0.34600000
2018-02-23 07:02:07,0.08445100,0.35400000
2018-02-23 07:02:07,0.08445100,0.78100000
2018-02-23 07:02:08,0.08445100,0.73400000
2018-02-23 07:02:08,0.08445100,0.73400000
2018-02-23 07:02:08,0.08445100,0.04600000
2018-02-23 07:02:12,0.08443700,0.06500000
2018-02-23 07:02:12,0.08443700,0.04800000
2018-02-23 07:02:12,0.08443400,0.02400000
2018-02-23 07:02:13,0.08445100,0.78200000
2018-02-23 07:02:15,0.08443400,0.00400000
2018-02-23 07:02:15,0.08443400,0.14900000
2018-02-23 07:02:15,0.08442700,0.22300000
2018-02-23 07:02:15,0.08442700,0.00100000
2018-02-23 07:02:15,0.08445100,0.90200000
2018-02-23 07:02:16,0.08443900,0.22900000
2018-02-23 07:02:17,0.08443900,0.05000000
2018-02-23 07:02:17,0.08443900,0.12100000
2018-02-23 07:02:20,0.08445000,0.04900000
2018-02-23 07:02:21,0.08445000,0.10100000
2018-02-23 07:02:21,0.08444000,0.09700000
2018-02-23 07:02:21,0.08445100,0.06000000
2018-02-23 07:02:21,0.08444000,0.09800000
2018-02-23 07:02:21,0.08445100,0.06000000
2018-02-23 07:02:22,0.08444900,0.09600000
2018-02-23 07:02:22,0.08444000,0.09600000
2018-02-23 07:02:22,0.08445100,1.15900000
2018-02-23 07:02:23,0.08445100,0.03400000
2018-02-23 07:02:23,0.08445100,0.03400000
2018-02-23 07:02:23,0.08445100,0.16100000
2018-02-23 07:02:23,0.08445100,0.55700000
2018-02-23 07:02:23,0.08445100,1.15900000
2018-02-23 07:02:23,0.08445100,0.71600000
2018-02-23 07:02:24,0.08444000,5.65900000
2018-02-23 07:02:24,0.08443900,0.26700000
2018-02-23 07:02:24,0.08443900,0.74400000
2018-02-23 07:02:24,0.08443900,0.18100000
2018-02-23 07:02:24,0.08443900,0.15000000
2018-02-23 07:02:24,0.08443900,0.08100000
2018-02-23 07:02:24,0.08443900,0.05500000
2018-02-23 07:02:24,0.08443900,1.17700000
2018-02-23 07:02:25,0.08443900,0.64200000
2018-02-23 07:02:25,0.08444000,0.53500000
2018-02-23 07:02:26,0.08444000,0.11500000
2018-02-23 07:02:26,0.08444000,0.15000000
2018-02-23 07:02:26,0.08444000,2.50700000
2018-02-23 07:02:26,0.08445100,0.00100000
2018-02-23 07:02:26,0.08445300,0.40000000
2018-02-23 07:02:28,0.08445300,0.05500000
2018-02-23 07:02:28,0.08445300,0.16100000
2018-02-23 07:02:28,0.08445300,0.16100000
2018-02-23 07:02:28,0.08445300,0.66800000
2018-02-23 07:02:29,0.08445400,0.04800000
2018-02-23 07:02:29,0.08447600,0.40000000
2018-02-23 07:02:29,0.08448800,0.09900000
2018-02-23 07:02:29,0.08448900,0.14700000
2018-02-23 07:02:32,0.08447200,0.39100000
2018-02-23 07:02:33,0.08447200,0.00900000
2018-02-23 07:02:34,0.08447300,1.02500000
2018-02-23 07:02:34,0.08448900,0.09900000
2018-02-23 07:02:34,0.08447300,0.40000000
2018-02-23 07:02:35,0.08449700,0.62600000
2018-02-23 07:02:35,0.08449700,0.35400000
2018-02-23 07:02:36,0.08449700,0.35400000
2018-02-23 07:02:36,0.08449700,0.35400000
2018-02-23 07:02:36,0.08449700,0.35400000
2018-02-23 07:02:36,0.08447300,0.40000000
2018-02-23 07:02:37,0.08447300,0.14500000
2018-02-23 07:02:38,0.08447300,0.40000000
2018-02-23 07:02:38,0.08447300,1.66400000
2018-02-23 07:02:38,0.08445600,0.11900000
2018-02-23 07:02:38,0.08445400,0.06100000
2018-02-23 07:02:38,0.08447200,1.20100000
2018-02-23 07:02:38,0.08447200,2.13400000
2018-02-23 07:02:38,0.08449900,0.55600000
2018-02-23 07:02:40,0.08449900,0.62900000
2018-02-23 07:02:40,0.08447300,0.40000000
2018-02-23 07:02:40,0.08449900,0.01300000
2018-02-23 07:02:41,0.08447300,0.04700000
2018-02-23 07:02:41,0.08447300,0.40000000
2018-02-23 07:02:43,0.08447300,1.18400000
2018-02-23 07:02:44,0.08447300,0.40000000
2018-02-23 07:02:44,0.08447300,0.26200000
2018-02-23 07:02:44,0.08447300,0.17300000
2018-02-23 07:02:44,0.08445600,0.02000000
2018-02-23 07:02:44,0.08445400,0.99100000
2018-02-23 07:02:46,0.08447200,0.16300000
2018-02-23 07:02:46,0.08447200,0.23700000
2018-02-23 07:02:46,0.08449700,0.24000000
2018-02-23 07:02:46,0.08449700,1.43100000
2018-02-23 07:02:48,0.08447200,0.25300000
2018-02-23 07:02:48,0.08447200,0.14700000
2018-02-23 07:02:49,0.08447500,0.04700000
2018-02-23 07:02:50,0.08447500,0.05900000
2018-02-23 07:02:50,0.08446100,1.82900000
2018-02-23 07:02:51,0.08446100,0.59300000
2018-02-23 07:02:52,0.08447200,0.09900000
2018-02-23 07:02:58,0.08447200,0.13700000
2018-02-23 07:03:02,0.08447200,0.48800000
2018-02-23 07:03:02,0.08447500,0.52700000
2018-02-23 07:03:02,0.08449600,0.11900000
2018-02-23 07:03:02,0.08449800,0.38900000
2018-02-23 07:03:03,0.08448100,0.02800000
2018-02-23 07:03:05,0.08448100,0.02100000
2018-02-23 07:03:05,0.08448100,0.19100000
2018-02-23 07:03:05,0.08448100,0.16000000
2018-02-23 07:03:06,0.08446200,0.04000000
2018-02-23 07:03:06,0.08448100,0.03000000
2018-02-23 07:03:06,0.08448100,0.08500000
2018-02-23 07:03:06,0.08446200,0.05900000
2018-02-23 07:03:06,0.08445800,0.04800000
2018-02-23 07:03:06,0.08445300,0.00800000
2018-02-23 07:03:08,0.08448100,0.09900000
2018-02-23 07:03:08,0.08448100,0.04500000
2018-02-23 07:03:08,0.08447200,2.00000000
2018-02-23 07:03:09,0.08445300,0.48600000
2018-02-23 07:03:10,0.08445300,0.00200000
2018-02-23 07:03:10,0.08445200,0.03800000
2018-02-23 07:03:12,0.08447100,0.04700000
2018-02-23 07:03:15,0.08446100,0.00100000
2018-02-23 07:03:16,0.08445400,0.16500000
2018-02-23 07:03:17,0.08445400,0.01500000
2018-02-23 07:03:17,0.08445700,0.13400000
2018-02-23 07:03:17,0.08445200,0.05800000
2018-02-23 07:03:18,0.08445100,0.09200000
2018-02-23 07:03:20,0.08445100,0.09000000
2018-02-23 07:03:21,0.08445100,0.04000000
2018-02-23 07:03:21,0.08445100,0.00100000
2018-02-23 07:03:24,0.08445100,0.02500000
2018-02-23 07:03:24,0.08444000,0.95700000
2018-02-23 07:03:24,0.08446100,0.03400000
2018-02-23 07:03:24,0.08444000,0.11800000
2018-02-23 07:03:26,0.08447000,0.03600000
2018-02-23 07:03:27,0.08447000,0.65700000
2018-02-23 07:03:28,0.08447000,2.18000000
2018-02-23 07:03:29,0.08446900,0.04700000
2018-02-23 07:03:32,0.08447000,0.04000000
2018-02-23 07:03:34,0.08447000,0.11000000
2018-02-23 07:03:34,0.08444300,0.04200000
2018-02-23 07:03:34,0.08444200,1.68200000
2018-02-23 07:03:34,0.08444200,0.04200000
2018-02-23 07:03:34,0.08447000,0.45500000
2018-02-23 07:03:34,0.08447000,1.07000000
2018-02-23 07:03:34,0.08447000,5.02200000
2018-02-23 07:03:34,0.08447000,2.96000000
2018-02-23 07:03:34,0.08447000,0.09900000
2018-02-23 07:03:35,0.08447000,0.05100000
2018-02-23 07:03:37,0.08444300,0.10300000
2018-02-23 07:03:37,0.08444200,0.09100000
2018-02-23 07:03:37,0.08444000,0.21000000
2018-02-23 07:03:37,0.08444000,0.09400000
2018-02-23 07:03:37,0.08446200,0.40000000
2018-02-23 07:03:37,0.08446900,0.10400000
2018-02-23 07:03:37,0.08447000,0.22800000
2018-02-23 07:03:37,0.08444000,0.15500000
2018-02-23 07:03:37,0.08443900,0.24500000
2018-02-23 07:03:39,0.08447000,0.14900000
2018-02-23 07:03:39,0.08444100,0.01300000
2018-02-23 07:03:39,0.08445000,0.01500000
2018-02-23 07:03:39,0.08447000,0.46100000
2018-02-23 07:03:40,0.08445000,0.73100000
2018-02-23 07:03:41,0.08447000,0.35400000
2018-02-23 07:03:41,0.08447000,0.29900000
2018-02-23 07:03:41,0.08447000,0.17600000
2018-02-23 07:03:41,0.08447000,0.59400000
2018-02-23 07:03:42,0.08447000,0.01600000
2018-02-23 07:03:42,0.08445000,0.24200000
2018-02-23 07:03:42,0.08447000,0.16000000
2018-02-23 07:03:42,0.08444200,0.04800000
2018-02-23 07:03:42,0.08447000,0.16000000
2018-02-23 07:03:42,0.08446800,0.04800000
2018-02-23 07:03:42,0.08446900,0.04800000
2018-02-23 07:03:42,0.08446900,0.05500000
2018-02-23 07:03:42,0.08447000,0.29900000
2018-02-23 07:03:42,0.08447000,0.05500000
2018-02-23 07:03:42,0.08447000,0.10100000
2018-02-23 07:03:42,0.08447000,0.77400000
2018-02-23 07:03:42,0.08447000,0.59800000
2018-02-23 07:03:43,0.08447000,0.05100000
2018-02-23 07:03:43,0.08447100,0.00100000
2018-02-23 07:03:43,0.08448700,0.04800000
2018-02-23 07:03:43,0.08449700,0.04800000
2018-02-23 07:03:43,0.08449800,0.02500000
2018-02-23 07:03:43,0.08449900,2.32700000
2018-02-23 07:03:43,0.08449900,0.19400000
2018-02-23 07:03:43,0.08449900,0.35400000
2018-02-23 07:03:43,0.08449900,14.15600000
2018-02-23 07:03:43,0.08450000,7.89400000
2018-02-23 07:03:43,0.08450000,2.90300000
2018-02-23 07:03:43,0.08449900,0.15000000
2018-02-23 07:03:43,0.08450000,0.20400000
2018-02-23 07:03:43,0.08449900,0.13000000
2018-02-23 07:03:43,0.08449900,0.01200000
2018-02-23 07:03:43,0.08449900,0.13800000
2018-02-23 07:03:43,0.08450000,0.90400000
2018-02-23 07:03:43,0.08449900,0.13000000
2018-02-23 07:03:43,0.08450000,7.79100000
2018-02-23 07:03:43,0.08449900,0.03000000
2018-02-23 07:03:43,0.08449900,0.10000000
2018-02-23 07:03:43,0.08449900,0.03800000
2018-02-23 07:03:44,0.08449900,0.06200000
2018-02-23 07:03:44,0.08449900,0.03800000
2018-02-23 07:03:44,0.08449900,0.06200000
2018-02-23 07:03:44,0.08450000,0.10000000
2018-02-23 07:03:44,0.08449900,0.03800000
2018-02-23 07:03:44,0.08449900,0.06200000
2018-02-23 07:03:44,0.08450000,0.15500000
2018-02-23 07:03:44,0.08449900,0.10000000
2018-02-23 07:03:44,0.08450000,0.81300000
2018-02-23 07:03:44,0.08450300,0.16700000
2018-02-23 07:03:44,0.08449900,0.06000000
2018-02-23 07:03:44,0.08449900,0.04000000
2018-02-23 07:03:44,0.08450300,0.54200000
2018-02-23 07:03:44,0.08449900,0.10000000
2018-02-23 07:03:44,0.08450300,0.13400000
2018-02-23 07:03:44,0.08450300,2.53700000
2018-02-23 07:03:44,0.08450300,0.03800000
2018-02-23 07:03:45,0.08450300,0.11600000
2018-02-23 07:03:46,0.08448100,0.30000000
2018-02-23 07:03:47,0.08448200,0.46600000
2018-02-23 07:03:48,0.08450300,0.40000000
2018-02-23 07:03:50,0.08450300,0.15000000
2018-02-23 07:03:51,0.08450300,0.34900000
2018-02-23 07:03:51,0.08450300,0.00100000
2018-02-23 07:03:51,0.08452000,0.02100000
2018-02-23 07:03:51,0.08452600,0.90500000
2018-02-23 07:03:51,0.08452700,1.19200000
2018-02-23 07:03:51,0.08453500,0.60800000
2018-02-23 07:03:51,0.08453700,0.17300000
2018-02-23 07:03:51,0.08454100,0.03000000
2018-02-23 07:03:51,0.08456500,0.17100000
2018-02-23 07:03:51,0.08456600,0.49500000
2018-02-23 07:03:51,0.08456600,0.23700000
2018-02-23 07:03:52,0.08456600,0.23600000
2018-02-23 07:03:52,0.08456500,1.20600000
2018-02-23 07:03:52,0.08449100,0.04800000
2018-02-23 07:03:54,0.08449200,0.33600000
2018-02-23 07:03:54,0.08449400,0.20000000
2018-02-23 07:03:56,0.08450100,0.60100000
2018-02-23 07:03:57,0.08456000,0.25400000
2018-02-23 07:03:57,0.08456500,0.17700000
2018-02-23 07:03:57,0.08456600,1.04700000
2018-02-23 07:03:57,0.08452600,0.09900000
2018-02-23 07:03:57,0.08452600,0.04800000
2018-02-23 07:03:57,0.08452600,0.64300000
2018-02-23 07:03:57,0.08450200,0.04800000
2018-02-23 07:03:57,0.08450100,0.09900000
2018-02-23 07:03:57,0.08452600,0.03000000
2018-02-23 07:03:57,0.08452300,0.10000000
2018-02-23 07:03:57,0.08452300,0.03000000
2018-02-23 07:03:57,0.08452300,0.02000000
2018-02-23 07:03:57,0.08452300,0.02000000
2018-02-23 07:03:57,0.08452300,0.03000000
2018-02-23 07:03:57,0.08452300,0.03000000
2018-02-23 07:03:57,0.08452300,0.03000000
2018-02-23 07:03:57,0.08452300,0.10000000
2018-02-23 07:03:57,0.08452300,0.02000000
2018-02-23 07:03:57,0.08450100,0.58200000
2018-02-23 07:03:57,0.08452300,0.03000000
2018-02-23 07:03:57,0.08452300,0.03000000
2018-02-23 07:03:57,0.08452300,0.10000000
2018-02-23 07:03:57,0.08452300,0.02000000
2018-02-23 07:03:57,0.08452300,0.03000000
2018-02-23 07:03:57,0.08452300,0.02000000
2018-02-23 07:03:57,0.08452300,0.02000000
2018-02-23 07:03:57,0.08452300,0.03000000
2018-02-23 07:03:57,0.08452300,0.10000000
2018-02-23 07:03:57,0.08452300,0.00100000
2018-02-23 07:03:58,0.08452600,0.13900000
2018-02-23 07:03:58,0.08452700,0.10000000
2018-02-23 07:03:58,0.08452700,0.14300000
2018-02-23 07:03:58,0.08452900,0.10400000
2018-02-23 07:03:59,0.08452800,0.05200000
2018-02-23 07:03:59,0.08455800,0.04800000
2018-02-23 07:03:59,0.08456600,0.14600000
2018-02-23 07:03:59,0.08459600,0.02000000
2018-02-23 07:03:59,0.08459800,0.18600000
2018-02-23 07:03:59,0.08455700,0.25600000
2018-02-23 07:03:59,0.08459600,0.33500000
2018-02-23 07:04:00,0.08453000,0.32800000
2018-02-23 07:04:01,0.08453200,0.04200000
2018-02-23 07:04:02,0.08453200,0.04300000
2018-02-23 07:04:02,0.08458900,0.10400000
2018-02-23 07:04:02,0.08459000,0.36000000
2018-02-23 07:04:02,0.08459400,0.12000000
2018-02-23 07:04:02,0.08459800,0.23400000
2018-02-23 07:04:02,0.08460000,0.02300000
2018-02-23 07:04:02,0.08460200,0.44800000
2018-02-23 07:04:02,0.08453300,0.10600000
2018-02-23 07:04:02,0.08453400,0.02000000
2018-02-23 07:04:02,0.08453300,0.06600000
2018-02-23 07:04:02,0.08453400,0.03000000
2018-02-23 07:04:02,0.08453300,0.05600000
2018-02-23 07:04:03,0.08458900,0.06700000
2018-02-23 07:04:04,0.08458800,0.03000000
2018-02-23 07:04:04,0.08458900,0.61400000
2018-02-23 07:04:05,0.08454200,0.03900000
2018-02-23 07:04:05,0.08454400,0.10400000
2018-02-23 07:04:05,0.08454300,0.03300000
2018-02-23 07:04:06,0.08454500,0.02000000
2018-02-23 07:04:06,0.08454400,0.01300000
2018-02-23 07:04:06,0.08458700,0.02000000
2018-02-23 07:04:06,0.08458800,1.50500000
2018-02-23 07:04:06,0.08454500,0.02000000
2018-02-23 07:04:06,0.08454400,0.89600000
2018-02-23 07:04:06,0.08454500,0.02000000
2018-02-23 07:04:06,0.08454400,1.34200000
2018-02-23 07:04:07,0.08458500,0.02000000
2018-02-23 07:04:07,0.08458600,0.64200000
2018-02-23 07:04:07,0.08454700,0.21500000
2018-02-23 07:04:07,0.08454600,0.52700000
2018-02-23 07:04:07,0.08458500,0.14200000
2018-02-23 07:04:08,0.08458500,0.06800000
2018-02-23 07:04:08,0.08458600,0.03100000
2018-02-23 07:04:08,0.08454800,0.05000000
2018-02-23 07:04:08,0.08454900,0.04400000
2018-02-23 07:04:08,0.08455100,0.02000000
2018-02-23 07:04:08,0.08455000,0.71400000
2018-02-23 07:04:08,0.08455100,0.02000000
2018-02-23 07:04:09,0.08458600,0.06700000
2018-02-23 07:04:10,0.08455300,0.10000000
2018-02-23 07:04:11,0.08455400,0.04700000
2018-02-23 07:04:11,0.08455600,0.06700000
2018-02-23 07:04:12,0.08455500,0.07400000
2018-02-23 07:04:12,0.08455500,0.58000000
2018-02-23 07:04:13,0.08456800,0.13500000
2018-02-23 07:04:13,0.08458300,0.26500000
2018-02-23 07:04:13,0.08455500,0.03500000
2018-02-23 07:04:14,0.08455500,0.20000000
2018-02-23 07:04:14,0.08458200,0.15200000
2018-02-23 07:04:14,0.08458300,0.15500000
2018-02-23 07:04:14,0.08455500,0.07000000
2018-02-23 07:04:14,0.08455500,0.10000000
2018-02-23 07:04:15,0.08455600,0.85700000
2018-02-23 07:04:15,0.08455500,0.00900000
2018-02-23 07:04:16,0.08458300,0.06700000
2018-02-23 07:04:16,0.08458100,0.24100000
2018-02-23 07:04:16,0.08458500,0.15900000
2018-02-23 07:04:17,0.08455800,0.03600000
2018-02-23 07:04:17,0.08458500,0.59100000
2018-02-23 07:04:19,0.08458500,0.59100000
2018-02-23 07:04:21,0.08458400,0.13600000
2018-02-23 07:04:21,0.08458500,0.46400000
2018-02-23 07:04:22,0.08456000,0.09900000
2018-02-23 07:04:22,0.08458500,0.28300000
2018-02-23 07:04:23,0.08458500,0.11200000
2018-02-23 07:04:24,0.08458500,0.08000000
2018-02-23 07:04:24,0.08456100,0.14700000
2018-02-23 07:04:24,0.08456000,0.73000000
2018-02-23 07:04:25,0.08458500,0.58100000
2018-02-23 07:04:25,0.08456000,0.02600000
2018-02-23 07:04:25,0.08456000,0.10000000
2018-02-23 07:04:26,0.08456000,0.04700000
2018-02-23 07:04:26,0.08456000,0.00400000
2018-02-23 07:04:27,0.08456100,0.20800000
2018-02-23 07:04:28,0.08456100,0.07900000
2018-02-23 07:04:28,0.08458500,1.10000000
2018-02-23 07:04:28,0.08458600,1.16300000
2018-02-23 07:04:28,0.08458600,0.38200000
2018-02-23 07:04:28,0.08458600,0.45000000
2018-02-23 07:04:28,0.08458600,1.20500000
2018-02-23 07:04:29,0.08456100,0.03500000
2018-02-23 07:04:30,0.08458300,0.10500000
2018-02-23 07:04:30,0.08458900,0.29500000
2018-02-23 07:04:31,0.08458800,0.01100000
2018-02-23 07:04:31,0.08456200,0.14700000
2018-02-23 07:04:31,0.08456100,0.25300000
2018-02-23 07:04:31,0.08458700,0.03900000
2018-02-23 07:04:31,0.08458800,0.07900000
2018-02-23 07:04:32,0.08456100,0.04700000
2018-02-23 07:04:32,0.08458800,0.05700000
2018-02-23 07:04:32,0.08458900,0.04300000
2018-02-23 07:04:32,0.08456100,0.00100000
2018-02-23 07:04:32,0.08458900,0.59100000
2018-02-23 07:04:33,0.08456200,0.40000000
2018-02-23 07:04:34,0.08456200,1.20000000
2018-02-23 07:04:36,0.08456200,0.14000000
2018-02-23 07:04:36,0.08456200,0.40000000
2018-02-23 07:04:36,0.08458300,0.59100000
2018-02-23 07:04:37,0.08456200,0.61800000
2018-02-23 07:04:37,0.08456200,0.00100000
2018-02-23 07:04:37,0.08456300,0.02000000
2018-02-23 07:04:37,0.08456200,0.00200000
2018-02-23 07:04:38,0.08458300,0.09100000
2018-02-23 07:04:38,0.08458900,0.08600000
2018-02-23 07:04:38,0.08458900,0.09900000
2018-02-23 07:04:39,0.08458400,0.86700000
2018-02-23 07:04:39,0.08456300,0.02000000
2018-02-23 07:04:39,0.08456100,0.38000000
2018-02-23 07:04:39,0.08458800,0.08200000
2018-02-23 07:04:39,0.08458900,0.31800000
2018-02-23 07:04:40,0.08458900,0.11800000
2018-02-23 07:04:41,0.08456300,0.02000000
2018-02-23 07:04:41,0.08456300,0.29900000
2018-02-23 07:04:41,0.08456300,0.10000000
2018-02-23 07:04:41,0.08456300,0.40000000
2018-02-23 07:04:42,0.08456300,0.29700000
2018-02-23 07:04:44,0.08456300,0.25600000
2018-02-23 07:04:44,0.08456200,0.14400000
2018-02-23 07:04:44,0.08456200,0.12000000
2018-02-23 07:04:44,0.08456200,0.42900000
2018-02-23 07:04:44,0.08456200,0.35300000
2018-02-23 07:04:46,0.08456300,0.40000000
2018-02-23 07:04:47,0.08456300,0.10000000
2018-02-23 07:04:47,0.08456300,0.03000000
2018-02-23 07:04:48,0.08456300,0.40000000
2018-02-23 07:04:48,0.08456300,0.08700000
2018-02-23 07:04:48,0.08456300,0.08700000
2018-02-23 07:04:48,0.08456300,0.40000000
2018-02-23 07:04:49,0.08456300,1.06400000
2018-02-23 07:04:51,0.08456300,0.40000000
2018-02-23 07:04:52,0.08458900,0.39700000
2018-02-23 07:04:52,0.08460300,0.02000000
2018-02-23 07:04:52,0.08460400,0.11500000
2018-02-23 07:04:52,0.08460900,0.19400000
2018-02-23 07:04:53,0.08456700,0.17000000
2018-02-23 07:04:54,0.08456700,0.16500000
2018-02-23 07:04:54,0.08456500,0.14700000
2018-02-23 07:04:54,0.08456300,0.08800000
2018-02-23 07:04:55,0.08456400,0.14700000
2018-02-23 07:04:55,0.08456400,0.02500000
2018-02-23 07:04:55,0.08456400,1.72600000
2018-02-23 07:04:55,0.08460000,0.14700000
2018-02-23 07:04:55,0.08460100,0.23000000
2018-02-23 07:04:56,0.08456400,1.01000000
2018-02-23 07:04:56,0.08456400,0.80500000
2018-02-23 07:04:56,0.08456400,0.40000000
2018-02-23 07:04:56,0.08456400,1.18100000
2018-02-23 07:04:57,0.08456400,0.24600000
2018-02-23 07:04:57,0.08456300,0.15400000
2018-02-23 07:04:58,0.08456500,0.08600000
2018-02-23 07:04:58,0.08456500,0.06100000
2018-02-23 07:04:58,0.08456300,0.03200000
2018-02-23 07:04:58,0.08456200,0.88600000
2018-02-23 07:04:59,0.08459400,0.11800000
2018-02-23 07:04:59,0.08456200,0.04900000
2018-02-23 07:04:59,0.08456100,0.35100000
2018-02-23 07:04:59,0.08456100,1.82000000
2018-02-23 07:04:59,0.08456100,0.01000000
2018-02-23 07:05:00,0.08456100,0.14000000
2018-02-23 07:05:00,0.08456400,0.04800000
2018-02-23 07:05:00,0.08456100,0.64300000
2018-02-23 07:05:00,0.08456100,0.15000000
2018-02-23 07:05:00,0.08459100,0.02900000
2018-02-23 07:05:00,0.08459200,0.04800000
2018-02-23 07:05:00,0.08459300,0.04100000
2018-02-23 07:05:02,0.08458200,0.15100000
2018-02-23 07:05:02,0.08459200,0.44000000
2018-02-23 07:05:03,0.08456200,0.04100000
2018-02-23 07:05:03,0.08456100,0.35900000
2018-02-23 07:05:04,0.08459000,1.17300000
2018-02-23 07:05:05,0.08456200,0.12400000
2018-02-23 07:05:05,0.08456100,1.05900000
2018-02-23 07:05:06,0.08456100,0.40000000
2018-02-23 07:05:06,0.08456100,0.06800000
2018-02-23 07:05:06,0.08456100,0.00500000
2018-02-23 07:05:06,0.08456100,0.04200000
2018-02-23 07:05:07,0.08458600,0.22900000
2018-02-23 07:05:07,0.08458700,0.17100000
2018-02-23 07:05:08,0.08456200,0.01800000
2018-02-23 07:05:08,0.08448000,0.04000000
2018-02-23 07:05:09,0.08450200,0.12000000
2018-02-23 07:05:09,0.08458500,0.02600000
2018-02-23 07:05:09,0.08458100,0.09900000
2018-02-23 07:05:09,0.08458200,0.57700000
2018-02-23 07:05:09,0.08458500,2.11400000
2018-02-23 07:05:09,0.08458600,0.24100000
2018-02-23 07:05:09,0.08458800,2.85100000
2018-02-23 07:05:09,0.08458900,3.30000000
2018-02-23 07:05:09,0.08459100,0.15700000
2018-02-23 07:05:09,0.08460400,0.51100000
2018-02-23 07:05:09,0.08460800,0.08200000
2018-02-23 07:05:09,0.08460900,0.20600000
2018-02-23 07:05:09,0.08461100,0.00700000
2018-02-23 07:05:11,0.08458000,0.11800000
2018-02-23 07:05:11,0.08458000,0.00100000
2018-02-23 07:05:12,0.08450700,0.08500000
2018-02-23 07:05:12,0.08457900,2.24700000
2018-02-23 07:05:15,0.08452100,0.08300000
2018-02-23 07:05:16,0.08457700,0.94700000
2018-02-23 07:05:16,0.08457700,0.80900000
2018-02-23 07:05:17,0.08452500,0.34700000
2018-02-23 07:05:19,0.08457300,0.21900000
2018-02-23 07:05:20,0.08457200,0.09900000
2018-02-23 07:05:20,0.08457300,0.62000000
2018-02-23 07:05:21,0.08453100,0.02000000
2018-02-23 07:05:21,0.08453000,0.52700000
2018-02-23 07:05:21,0.08457100,0.06900000
2018-02-23 07:05:21,0.08457200,1.65200000
2018-02-23 07:05:24,0.08453500,0.02200000
2018-02-23 07:05:24,0.08456900,0.44100000
2018-02-23 07:05:24,0.08453500,0.18500000
2018-02-23 07:05:25,0.08456900,0.08600000
2018-02-23 07:05:25,0.08457000,0.03200000
2018-02-23 07:05:26,0.08453800,0.11500000
2018-02-23 07:05:27,0.08456800,0.11800000
2018-02-23 07:05:29,0.08456200,0.59000000
2018-02-23 07:05:29,0.08456700,0.00100000
2018-02-23 07:05:30,0.08456700,0.11400000
2018-02-23 07:05:30,0.08456800,0.00400000
2018-02-23 07:05:31,0.08456800,0.08500000
2018-02-23 07:05:31,0.08456800,0.97600000
2018-02-23 07:05:32,0.08457800,0.18900000
2018-02-23 07:05:32,0.08458900,1.53700000
2018-02-23 07:05:32,0.08457700,0.59100000
2018-02-23 07:05:33,0.08457700,0.01800000
2018-02-23 07:05:33,0.08457700,0.09800000
2018-02-23 07:05:34,0.08458800,0.02000000
2018-02-23 07:05:34,0.08458900,1.14700000
2018-02-23 07:05:35,0.08454500,0.01400000
2018-02-23 07:05:38,0.08454800,0.28100000
2018-02-23 07:05:38,0.08454800,0.40100000
2018-02-23 07:05:40,0.08458000,0.16500000
2018-02-23 07:05:40,0.08458000,0.20200000
2018-02-23 07:05:42,0.08456700,0.31900000
2018-02-23 07:05:43,0.08455800,0.96200000
2018-02-23 07:05:44,0.08456700,0.08100000
2018-02-23 07:05:44,0.08457700,0.03900000
2018-02-23 07:05:45,0.08458000,0.06900000
2018-02-23 07:05:45,0.08458000,0.06800000
2018-02-23 07:05:45,0.08458000,0.19200000
2018-02-23 07:05:45,0.08458100,0.06800000
2018-02-23 07:05:45,0.08458100,0.90100000
2018-02-23 07:05:45,0.08458100,0.24000000
2018-02-23 07:05:46,0.08457700,0.03900000
2018-02-23 07:05:48,0.08457700,0.18000000
2018-02-23 07:05:49,0.08458000,0.52300000
2018-02-23 07:05:49,0.08458100,2.25400000
2018-02-23 07:05:51,0.08458100,1.18200000
2018-02-23 07:05:51,0.08458100,0.11800000
2018-02-23 07:05:52,0.08458900,0.11800000
2018-02-23 07:05:52,0.08458200,1.09900000
2018-02-23 07:05:53,0.08458200,0.06700000
2018-02-23 07:05:53,0.08458200,0.17600000
2018-02-23 07:05:54,0.08458900,0.06500000
2018-02-23 07:05:54,0.08460000,0.52600000
2018-02-23 07:05:55,0.08458200,0.09100000
2018-02-23 07:05:56,0.08460000,0.59100000
2018-02-23 07:05:56,0.08460000,0.40000000
2018-02-23 07:05:58,0.08460000,0.06400000
2018-02-23 07:05:58,0.08460000,0.06400000
2018-02-23 07:05:58,0.08460000,0.06400000
2018-02-23 07:05:59,0.08460000,0.15000000
2018-02-23 07:05:59,0.08460000,0.27200000
2018-02-23 07:05:59,0.08460000,0.27200000
2018-02-23 07:06:00,0.08460000,0.27200000
2018-02-23 07:06:01,0.08458300,0.02100000
2018-02-23 07:06:01,0.08460000,0.79700000
2018-02-23 07:06:02,0.08458300,0.07800000
2018-02-23 07:06:02,0.08458200,1.90400000
2018-02-23 07:06:05,0.08458200,0.61800000
2018-02-23 07:06:05,0.08460000,0.20700000
2018-02-23 07:06:06,0.08458200,0.17200000
2018-02-23 07:06:06,0.08458300,0.81000000
2018-02-23 07:06:06,0.08458300,0.54600000
2018-02-23 07:06:06,0.08458300,0.54800000
2018-02-23 07:06:06,0.08458300,0.19800000
2018-02-23 07:06:06,0.08458300,0.79200000
2018-02-23 07:06:07,0.08458300,0.08800000
2018-02-23 07:06:07,0.08458300,0.30400000
2018-02-23 07:06:07,0.08458300,0.12000000
2018-02-23 07:06:07,0.08458300,0.38100000
2018-02-23 07:06:07,0.08458300,0.00100000
2018-02-23 07:06:08,0.08460000,0.77800000
2018-02-23 07:06:08,0.08460800,1.03100000
2018-02-23 07:06:09,0.08461100,0.99400000
2018-02-23 07:06:09,0.08462000,0.00600000
2018-02-23 07:06:11,0.08460800,0.00100000
2018-02-23 07:06:11,0.08458600,0.00100000
2018-02-23 07:06:12,0.08458600,0.02600000
2018-02-23 07:06:12,0.08458600,0.15500000
2018-02-23 07:06:12,0.08462000,0.04000000
2018-02-23 07:06:13,0.08459000,0.02000000
2018-02-23 07:06:13,0.08458900,0.07100000
2018-02-23 07:06:13,0.08461900,0.05500000
2018-02-23 07:06:15,0.08461900,0.04400000
2018-02-23 07:06:15,0.08462000,0.35400000
2018-02-23 07:06:15,0.08462300,0.00200000
2018-02-23 07:06:15,0.08459100,0.14500000
2018-02-23 07:06:16,0.08459200,0.02000000
2018-02-23 07:06:16,0.08459100,0.04800000
2018-02-23 07:06:16,0.08459100,0.04700000
2018-02-23 07:06:16,0.08459100,0.03000000
2018-02-23 07:06:18,0.08462100,0.02600000
2018-02-23 07:06:18,0.08459500,0.06900000
2018-02-23 07:06:18,0.08459400,0.33100000
2018-02-23 07:06:18,0.08459400,0.39700000
2018-02-23 07:06:20,0.08459500,0.14100000
2018-02-23 07:06:20,0.08459500,0.10100000
2018-02-23 07:06:20,0.08459500,0.04000000
2018-02-23 07:06:24,0.08459700,0.02600000
2018-02-23 07:06:24,0.08462000,0.02400000
2018-02-23 07:06:25,0.08462000,0.03200000
2018-02-23 07:06:25,0.08462000,0.00100000
2018-02-23 07:06:25,0.08462100,0.02200000
2018-02-23 07:06:25,0.08462200,0.12500000
2018-02-23 07:06:25,0.08462300,0.16800000
2018-02-23 07:06:25,0.08463000,0.36800000
2018-02-23 07:06:25,0.08463100,0.36600000
2018-02-23 07:06:25,0.08459900,1.46400000
2018-02-23 07:06:27,0.08460100,0.02100000
2018-02-23 07:06:28,0.08460100,0.07800000
2018-02-23 07:06:28,0.08459900,0.16000000
2018-02-23 07:06:33,0.08459900,0.06900000
2018-02-23 07:06:33,0.08459900,0.40900000
2018-02-23 07:06:35,0.08460200,0.02900000
2018-02-23 07:06:35,0.08460200,0.02400000
2018-02-23 07:06:36,0.08462600,0.09900000
2018-02-23 07:06:36,0.08462800,0.01900000
2018-02-23 07:06:38,0.08462000,0.10500000
2018-02-23 07:06:38,0.08462800,0.01300000
2018-02-23 07:06:39,0.08460200,0.02600000
2018-02-23 07:06:40,0.08460500,0.73000000
2018-02-23 07:06:41,0.08460500,0.01500000
2018-02-23 07:06:41,0.08460500,0.07400000
2018-02-23 07:06:41,0.08460500,0.03700000
2018-02-23 07:06:41,0.08463100,0.09000000
2018-02-23 07:06:42,0.08460500,0.03000000
2018-02-23 07:06:42,0.08460500,0.28500000
2018-02-23 07:06:42,0.08460500,0.11200000
2018-02-23 07:06:42,0.08460500,0.11300000
2018-02-23 07:06:42,0.08460500,0.02600000
2018-02-23 07:06:42,0.08460500,0.00100000
2018-02-23 07:06:43,0.08460500,0.32100000
2018-02-23 07:06:43,0.08460500,0.02000000
2018-02-23 07:06:43,0.08463000,0.02400000
2018-02-23 07:06:43,0.08460500,0.12000000
2018-02-23 07:06:44,0.08463100,0.10600000
2018-02-23 07:06:44,0.08463100,0.59000000
2018-02-23 07:06:45,0.08460500,0.09100000
2018-02-23 07:06:45,0.08463100,0.40000000
2018-02-23 07:06:46,0.08460500,0.02900000
2018-02-23 07:06:46,0.08460500,0.02900000
2018-02-23 07:06:46,0.08460500,0.19400000
2018-02-23 07:06:49,0.08460500,0.13100000
2018-02-23 07:06:49,0.08460500,0.13100000
2018-02-23 07:06:49,0.08460500,0.13100000
2018-02-23 07:06:52,0.08459100,0.17500000
2018-02-23 07:06:52,0.08462700,0.04400000
2018-02-23 07:06:53,0.08462700,0.03100000
2018-02-23 07:06:53,0.08462700,0.06300000
2018-02-23 07:06:54,0.08460200,0.06600000
2018-02-23 07:06:54,0.08460300,0.02100000
2018-02-23 07:06:54,0.08462800,0.79100000
2018-02-23 07:06:55,0.08460300,0.07800000
2018-02-23 07:06:55,0.08460200,0.97800000
2018-02-23 07:06:55,0.08459200,0.04800000
2018-02-23 07:06:55,0.08459100,0.26800000
2018-02-23 07:06:55,0.08459000,1.70800000
2018-02-23 07:06:55,0.08458200,1.79900000
2018-02-23 07:06:55,0.08458100,0.20000000
2018-02-23 07:06:55,0.08457900,0.02400000
2018-02-23 07:06:55,0.08457700,0.96900000
2018-02-23 07:06:55,0.08456700,0.04900000
2018-02-23 07:06:55,0.08456200,0.50800000
2018-02-23 07:06:55,0.08453000,0.13000000
2018-02-23 07:06:55,0.08452600,0.79100000
2018-02-23 07:06:55,0.08452500,1.23600000
2018-02-23 07:06:55,0.08450800,0.23500000
2018-02-23 07:06:55,0.08450700,2.72200000
2018-02-23 07:06:55,0.08450600,0.05000000
2018-02-23 07:06:55,0.08447000,0.12400000
2018-02-23 07:06:55,0.08446800,0.04800000
2018-02-23 07:06:55,0.08444100,0.05600000
2018-02-23 07:06:55,0.08443900,0.00300000
2018-02-23 07:06:55,0.08462600,0.04800000
2018-02-23 07:06:55,0.08462800,1.76300000
2018-02-23 07:06:55,0.08463000,3.43000000
2018-02-23 07:06:55,0.08463100,1.53800000
2018-02-23 07:06:55,0.08463700,0.65700000
2018-02-23 07:06:55,0.08463800,0.14500000
2018-02-23 07:06:55,0.08464700,0.12100000
2018-02-23 07:06:55,0.08464800,0.10000000
2018-02-23 07:06:55,0.08464900,0.84000000
2018-02-23 07:06:55,0.08465000,0.02300000
2018-02-23 07:06:55,0.08465100,0.22800000
2018-02-23 07:06:55,0.08465200,0.09300000
2018-02-23 07:06:55,0.08465400,0.05000000
2018-02-23 07:06:55,0.08467000,0.00200000
2018-02-23 07:06:55,0.08462800,0.20000000
2018-02-23 07:06:55,0.08464700,0.02000000
2018-02-23 07:06:55,0.08464800,0.02000000
2018-02-23 07:06:55,0.08464900,0.02000000
2018-02-23 07:06:55,0.08465000,0.02000000
2018-02-23 07:06:55,0.08465100,0.02000000
2018-02-23 07:06:55,0.08466900,0.09900000
2018-02-23 07:06:58,0.08453700,0.20000000
2018-02-23 07:06:58,0.08453600,0.00600000
2018-02-23 07:07:00,0.08458200,0.01600000
2018-02-23 07:07:02,0.08458200,0.40300000
2018-02-23 07:07:02,0.08458200,0.00100000
2018-02-23 07:07:02,0.08458200,0.03500000
2018-02-23 07:07:02,0.08459900,0.02200000
2018-02-23 07:07:04,0.08459900,0.11800000
2018-02-23 07:07:05,0.08459900,0.14000000
2018-02-23 07:07:05,0.08459900,0.15000000
2018-02-23 07:07:05,0.08458200,0.02100000
2018-02-23 07:07:05,0.08459900,0.10200000
2018-02-23 07:07:05,0.08459900,2.00000000
2018-02-23 07:07:06,0.08459900,0.15000000
2018-02-23 07:07:08,0.08459900,0.02900000
2018-02-23 07:07:08,0.08459900,0.02900000
2018-02-23 07:07:08,0.08459900,0.08100000
2018-02-23 07:07:08,0.08460000,0.15300000
2018-02-23 07:07:08,0.08460000,0.23400000
2018-02-23 07:07:08,0.08458200,0.17300000
2018-02-23 07:07:08,0.08458200,0.00100000
2018-02-23 07:07:08,0.08460000,0.40000000
2018-02-23 07:07:08,0.08460000,0.42400000
2018-02-23 07:07:08,0.08460000,0.42400000
2018-02-23 07:07:08,0.08460000,0.17000000
2018-02-23 07:07:09,0.08460000,0.51100000
2018-02-23 07:07:09,0.08458200,0.28700000
2018-02-23 07:07:09,0.08458200,0.15400000
2018-02-23 07:07:09,0.08460000,0.51100000
2018-02-23 07:07:09,0.08461000,1.18200000
2018-02-23 07:07:10,0.08454900,0.05000000
2018-02-23 07:07:10,0.08454800,1.13400000
2018-02-23 07:07:16,0.08464300,0.12300000
2018-02-23 07:07:17,0.08464300,0.03100000
2018-02-23 07:07:18,0.08457100,0.09900000
2018-02-23 07:07:18,0.08457000,0.30100000
2018-02-23 07:07:19,0.08464000,0.17300000
2018-02-23 07:07:20,0.08463900,0.46300000
2018-02-23 07:07:20,0.08464000,0.12700000
2018-02-23 07:07:20,0.08464300,0.00100000
2018-02-23 07:07:20,0.08464000,0.02000000
2018-02-23 07:07:20,0.08464300,0.02000000
2018-02-23 07:07:20,0.08464400,0.13000000
2018-02-23 07:07:20,0.08464700,0.02000000
2018-02-23 07:07:20,0.08464800,0.02000000
2018-02-23 07:07:20,0.08464900,0.02000000
2018-02-23 07:07:20,0.08465000,0.02000000
2018-02-23 07:07:20,0.08465100,0.02000000
2018-02-23 07:07:20,0.08465200,0.07000000
2018-02-23 07:07:20,0.08465400,0.02000000
2018-02-23 07:07:20,0.08466500,1.66500000
2018-02-23 07:07:20,0.08466700,0.35000000
2018-02-23 07:07:20,0.08466900,0.02000000
2018-02-23 07:07:20,0.08467000,0.41800000
2018-02-23 07:07:20,0.08467200,0.05000000
2018-02-23 07:07:20,0.08467500,0.12700000
2018-02-23 07:07:20,0.08468000,0.10100000
2018-02-23 07:07:21,0.08458000,0.19300000
2018-02-23 07:07:21,0.08458000,0.38800000
2018-02-23 07:07:21,0.08463900,0.05000000
2018-02-23 07:07:22,0.08463900,0.04900000
2018-02-23 07:07:22,0.08463900,0.04900000
2018-02-23 07:07:22,0.08463800,0.04600000
2018-02-23 07:07:22,0.08463800,0.03000000
2018-02-23 07:07:23,0.08463800,0.01900000
2018-02-23 07:07:23,0.08458400,0.01900000
2018-02-23 07:07:23,0.08463800,0.09300000
2018-02-23 07:07:23,0.08464400,0.02000000
2018-02-23 07:07:23,0.08464700,0.02000000
2018-02-23 07:07:23,0.08464800,0.02000000
2018-02-23 07:07:23,0.08464900,0.02000000
2018-02-23 07:07:23,0.08465000,0.02000000
2018-02-23 07:07:23,0.08465100,0.02000000
2018-02-23 07:07:23,0.08465200,0.02000000
2018-02-23 07:07:23,0.08465400,0.02000000
2018-02-23 07:07:23,0.08466500,0.05000000
2018-02-23 07:07:23,0.08466700,0.02000000
2018-02-23 07:07:23,0.08466900,0.02000000
2018-02-23 07:07:23,0.08467000,0.42000000
2018-02-23 07:07:23,0.08467200,0.02000000
2018-02-23 07:07:23,0.08467500,0.02000000
2018-02-23 07:07:23,0.08468000,0.34800000
2018-02-23 07:07:23,0.08468400,0.97300000
2018-02-23 07:07:23,0.08468500,0.02900000
2018-02-23 07:07:23,0.08468800,0.16100000
2018-02-23 07:07:23,0.08462900,0.15000000
2018-02-23 07:07:23,0.08462800,0.19500000
2018-02-23 07:07:23,0.08462800,1.43200000
2018-02-23 07:07:23,0.08462500,0.03000000
2018-02-23 07:07:23,0.08462500,0.03000000
2018-02-23 07:07:23,0.08462500,0.02000000
2018-02-23 07:07:23,0.08462500,0.03000000
2018-02-23 07:07:23,0.08462500,0.10000000
2018-02-23 07:07:23,0.08462500,0.02000000
2018-02-23 07:07:23,0.08458400,0.02600000
2018-02-23 07:07:23,0.08462500,0.10000000
2018-02-23 07:07:23,0.08462500,0.22400000
2018-02-23 07:07:23,0.08462900,0.05000000
2018-02-23 07:07:23,0.08462900,0.29700000
2018-02-23 07:07:23,0.08462900,0.03000000
2018-02-23 07:07:24,0.08462900,0.31300000
2018-02-23 07:07:24,0.08462900,0.73100000
2018-02-23 07:07:24,0.08462900,0.15900000
2018-02-23 07:07:24,0.08462600,0.73100000
2018-02-23 07:07:25,0.08462900,0.72900000
2018-02-23 07:07:25,0.08464400,0.02000000
2018-02-23 07:07:25,0.08464700,0.02000000
2018-02-23 07:07:25,0.08464800,0.02000000
2018-02-23 07:07:25,0.08464900,0.02000000
2018-02-23 07:07:25,0.08465000,0.02000000
2018-02-23 07:07:25,0.08465100,0.02000000
2018-02-23 07:07:25,0.08465200,0.02000000
2018-02-23 07:07:25,0.08467000,0.26000000
2018-02-23 07:07:25,0.08467000,0.00100000
2018-02-23 07:07:26,0.08463100,0.99900000
2018-02-23 07:07:26,0.08463100,0.99900000
2018-02-23 07:07:26,0.08463200,0.06500000
2018-02-23 07:07:26,0.08463200,0.04500000
2018-02-23 07:07:26,0.08463200,0.99800000
2018-02-23 07:07:27,0.08463200,0.04700000
2018-02-23 07:07:27,0.08463200,0.02000000
2018-02-23 07:07:27,0.08463200,0.03600000
2018-02-23 07:07:27,0.08463200,0.02100000
2018-02-23 07:07:27,0.08463300,0.06900000
2018-02-23 07:07:28,0.08466400,0.11800000
2018-02-23 07:07:28,0.08464000,0.35100000
2018-02-23 07:07:28,0.08463300,0.03000000
2018-02-23 07:07:28,0.08463200,0.01900000
2018-02-23 07:07:29,0.08463200,0.01300000
2018-02-23 07:07:30,0.08463200,0.09500000
2018-02-23 07:07:30,0.08463200,0.04500000
2018-02-23 07:07:30,0.08463200,0.04500000
2018-02-23 07:07:30,0.08463200,0.59100000
2018-02-23 07:07:30,0.08463200,2.29000000
2018-02-23 07:07:31,0.08464000,0.65400000
2018-02-23 07:07:31,0.08463200,0.05700000
2018-02-23 07:07:32,0.08463200,0.05100000
2018-02-23 07:07:32,0.08463200,0.26500000
2018-02-23 07:07:32,0.08462900,0.02000000
2018-02-23 07:07:33,0.08464700,0.02000000
2018-02-23 07:07:33,0.08464700,0.02000000
2018-02-23 07:07:33,0.08464700,0.02000000
2018-02-23 07:07:33,0.08464700,0.03500000
2018-02-23 07:07:33,0.08462900,0.02000000
2018-02-23 07:07:33,0.08464700,0.11800000
2018-02-23 07:07:34,0.08464700,0.02100000
2018-02-23 07:07:34,0.08464700,0.59100000
2018-02-23 07:07:34,0.08464700,0.02000000
2018-02-23 07:07:34,0.08464700,0.31600000
2018-02-23 07:07:34,0.08464700,0.02000000
2018-02-23 07:07:34,0.08464700,0.02000000
2018-02-23 07:07:34,0.08464700,0.02000000
2018-02-23 07:07:34,0.08464700,0.40000000
2018-02-23 07:07:35,0.08464700,0.02000000
2018-02-23 07:07:35,0.08464700,0.02000000
2018-02-23 07:07:35,0.08464700,0.02000000
2018-02-23 07:07:35,0.08464700,0.02000000
2018-02-23 07:07:35,0.08464700,0.02000000
2018-02-23 07:07:36,0.08464700,0.29400000
2018-02-23 07:07:36,0.08464700,1.45800000
2018-02-23 07:07:36,0.08464700,0.94400000
2018-02-23 07:07:37,0.08464700,0.39400000
2018-02-23 07:07:37,0.08464700,0.29500000
2018-02-23 07:07:38,0.08464700,0.58400000
2018-02-23 07:07:38,0.08464700,0.02000000
2018-02-23 07:07:39,0.08464700,0.57200000
2018-02-23 07:07:40,0.08464700,0.02900000
2018-02-23 07:07:40,0.08462900,0.37100000
2018-02-23 07:07:41,0.08462900,0.60900000
2018-02-23 07:07:41,0.08462900,0.61000000
2018-02-23 07:07:41,0.08462900,0.61000000
2018-02-23 07:07:41,0.08462900,0.26500000
2018-02-23 07:07:41,0.08462900,1.03400000
2018-02-23 07:07:41,0.08462900,0.00100000
2018-02-23 07:07:41,0.08462300,0.39900000
2018-02-23 07:07:41,0.08462300,1.03500000
2018-02-23 07:07:41,0.08462300,0.01400000
2018-02-23 07:07:44,0.08460200,0.72100000
2018-02-23 07:07:44,0.08460200,0.13700000
2018-02-23 07:07:44,0.08460200,0.13700000
2018-02-23 07:07:44,0.08460200,0.13700000
2018-02-23 07:07:45,0.08460300,0.10000000
2018-02-23 07:07:45,0.08460200,1.08400000
2018-02-23 07:07:45,0.08460300,0.10000000
2018-02-23 07:07:45,0.08460200,0.25900000
2018-02-23 07:07:45,0.08460200,0.10000000
2018-02-23 07:07:45,0.08460200,0.10000000
2018-02-23 07:07:45,0.08460200,0.10000000
2018-02-23 07:07:45,0.08460200,0.03300000
2018-02-23 07:07:45,0.08460300,0.00100000
2018-02-23 07:07:49,0.08461800,0.04300000
2018-02-23 07:07:49,0.08462900,0.36600000
2018-02-23 07:07:49,0.08459800,0.36600000
2018-02-23 07:07:50,0.08459800,0.07500000
2018-02-23 07:07:53,0.08460000,0.04100000
2018-02-23 07:07:53,0.08460000,0.18900000
2018-02-23 07:07:54,0.08460000,0.05400000
2018-02-23 07:07:54,0.08460000,0.05400000
2018-02-23 07:07:54,0.08459900,0.33600000
2018-02-23 07:07:54,0.08459900,0.09800000
2018-02-23 07:07:54,0.08459900,0.10000000
2018-02-23 07:07:54,0.08459900,0.30000000
2018-02-23 07:07:54,0.08459900,0.32700000
2018-02-23 07:07:54,0.08459900,0.10000000
2018-02-23 07:07:55,0.08459900,0.29800000
2018-02-23 07:07:55,0.08459900,0.04600000
2018-02-23 07:08:01,0.08459900,0.40000000
2018-02-23 07:08:02,0.08459900,0.09800000
2018-02-23 07:08:02,0.08459900,0.09800000
2018-02-23 07:08:03,0.08459900,0.26700000
2018-02-23 07:08:05,0.08459900,0.19100000
2018-02-23 07:08:05,0.08460000,0.01200000
2018-02-23 07:08:06,0.08460000,0.27100000
2018-02-23 07:08:08,0.08460300,0.00100000
2018-02-23 07:08:09,0.08460300,0.02500000
2018-02-23 07:08:09,0.08460300,0.02100000
2018-02-23 07:08:09,0.08460300,0.22400000
2018-02-23 07:08:09,0.08459900,0.02100000
2018-02-23 07:08:10,0.08459900,0.03800000
2018-02-23 07:08:11,0.08459900,0.82800000
2018-02-23 07:08:12,0.08459900,0.13900000
2018-02-23 07:08:12,0.08462500,0.09900000
2018-02-23 07:08:12,0.08464800,0.02000000
2018-02-23 07:08:12,0.08464900,0.02000000
2018-02-23 07:08:12,0.08465000,0.02000000
2018-02-23 07:08:12,0.08465100,0.02000000
2018-02-23 07:08:12,0.08465200,0.02000000
2018-02-23 07:08:12,0.08466100,0.41400000
2018-02-23 07:08:15,0.08460200,0.04700000
2018-02-23 07:08:15,0.08460200,0.03000000
2018-02-23 07:08:15,0.08460200,0.03000000
2018-02-23 07:08:15,0.08460200,0.03000000
2018-02-23 07:08:17,0.08464300,0.00100000
2018-02-23 07:08:17,0.08460500,0.22700000
2018-02-23 07:08:17,0.08460500,0.03100000
2018-02-23 07:08:18,0.08460500,0.33700000
2018-02-23 07:08:18,0.08460500,0.33800000
2018-02-23 07:08:18,0.08460700,0.04800000
2018-02-23 07:08:18,0.08460500,0.44900000
2018-02-23 07:08:18,0.08460200,0.67200000
2018-02-23 07:08:19,0.08460700,0.06800000
2018-02-23 07:08:19,0.08460700,0.03100000
2018-02-23 07:08:19,0.08460300,1.16800000
2018-02-23 07:08:19,0.08460200,0.00100000
2018-02-23 07:08:19,0.08460200,0.23000000
2018-02-23 07:08:19,0.08460200,0.28800000
2018-02-23 07:08:20,0.08460200,0.28900000
2018-02-23 07:08:20,0.08460300,0.08500000
2018-02-23 07:08:20,0.08460200,1.18200000
2018-02-23 07:08:21,0.08460300,0.17200000
2018-02-23 07:08:21,0.08460200,0.02000000
2018-02-23 07:08:21,0.08460200,0.09900000
2018-02-23 07:08:25,0.08460300,0.85500000
2018-02-23 07:08:26,0.08460400,0.09500000
2018-02-23 07:08:26,0.08460500,0.04800000
2018-02-23 07:08:26,0.08460400,0.04800000
2018-02-23 07:08:27,0.08460300,0.28300000
2018-02-23 07:08:27,0.08460000,1.11100000
2018-02-23 07:08:27,0.08459900,0.04100000
2018-02-23 07:08:30,0.08459900,0.01500000
2018-02-23 07:08:30,0.08459900,0.95100000
2018-02-23 07:08:30,0.08460000,0.83900000
2018-02-23 07:08:30,0.08460000,0.01100000
2018-02-23 07:08:30,0.08459900,0.04900000
2018-02-23 07:08:31,0.08459900,0.10300000
2018-02-23 07:08:32,0.08458000,0.04700000
2018-02-23 07:08:36,0.08459600,0.08500000
2018-02-23 07:08:36,0.08459500,0.04400000
2018-02-23 07:08:37,0.08459500,0.08400000
2018-02-23 07:08:37,0.08458000,0.12900000
2018-02-23 07:08:37,0.08458000,0.16900000
2018-02-23 07:08:37,0.08457000,0.10800000
2018-02-23 07:08:37,0.08457000,0.00100000
2018-02-23 07:08:37,0.08454800,0.08200000
2018-02-23 07:08:37,0.08453600,0.04700000
2018-02-23 07:08:37,0.08445300,0.27800000
2018-02-23 07:08:38,0.08445300,0.12900000
2018-02-23 07:08:38,0.08445300,0.12900000
2018-02-23 07:08:38,0.08450100,0.40600000
2018-02-23 07:08:41,0.08450200,0.13800000
2018-02-23 07:08:41,0.08450300,0.23200000
2018-02-23 07:08:42,0.08450300,0.13700000
2018-02-23 07:08:44,0.08456400,0.01400000
2018-02-23 07:08:44,0.08456500,0.34000000
2018-02-23 07:08:44,0.08456300,0.24900000
2018-02-23 07:08:45,0.08456300,0.14000000
2018-02-23 07:08:47,0.08455900,0.08500000
2018-02-23 07:08:47,0.08455800,0.09900000
2018-02-23 07:08:47,0.08455900,0.01100000
2018-02-23 07:08:49,0.08451200,0.04200000
2018-02-23 07:08:50,0.08455700,0.40000000
2018-02-23 07:08:50,0.08455700,0.14700000
2018-02-23 07:08:51,0.08451500,0.15900000
2018-02-23 07:08:51,0.08451500,0.03700000
2018-02-23 07:08:51,0.08451500,0.12200000
2018-02-23 07:08:53,0.08451700,0.29500000
2018-02-23 07:08:53,0.08455200,0.02300000
2018-02-23 07:08:54,0.08455200,2.45200000
2018-02-23 07:08:54,0.08455300,0.22700000
2018-02-23 07:08:54,0.08455300,0.24100000
2018-02-23 07:08:55,0.08451800,0.10500000
2018-02-23 07:08:58,0.08455100,0.11800000
2018-02-23 07:09:08,0.08454800,0.02000000
2018-02-23 07:09:08,0.08454900,0.38000000
2018-02-23 07:09:08,0.08454800,0.02000000
2018-02-23 07:09:08,0.08454900,0.02000000
2018-02-23 07:09:08,0.08454800,0.02000000
2018-02-23 07:09:10,0.08454800,0.02000000
2018-02-23 07:09:10,0.08455000,0.23000000
2018-02-23 07:09:11,0.08455000,0.13000000
2018-02-23 07:09:12,0.08455000,0.50000000
2018-02-23 07:09:12,0.08454900,0.12100000
2018-02-23 07:09:12,0.08454900,0.03100000
2018-02-23 07:09:12,0.08455000,0.04700000
2018-02-23 07:09:13,0.08455000,0.01800000
2018-02-23 07:09:15,0.08455000,0.08400000
2018-02-23 07:09:16,0.08455000,0.65300000
2018-02-23 07:09:17,0.08455100,0.61800000
2018-02-23 07:09:18,0.08455500,0.09700000
2018-02-23 07:09:19,0.08455500,0.06000000
2018-02-23 07:09:20,0.08455200,0.59200000
2018-02-23 07:09:22,0.08455100,0.44200000
2018-02-23 07:09:22,0.08455100,0.15800000
2018-02-23 07:09:22,0.08455400,0.02000000
2018-02-23 07:09:22,0.08455500,0.23000000
2018-02-23 07:09:24,0.08455400,0.02000000
2018-02-23 07:09:24,0.08455500,1.03400000
2018-02-23 07:09:27,0.08455300,0.08400000
2018-02-23 07:09:27,0.08455100,0.02500000
2018-02-23 07:09:27,0.08454700,0.07300000
2018-02-23 07:09:30,0.08454700,0.05900000
2018-02-23 07:09:30,0.08454700,0.37900000
2018-02-23 07:09:30,0.08455100,0.05800000
2018-02-23 07:09:30,0.08455100,1.02600000
2018-02-23 07:09:30,0.08455100,0.14100000
2018-02-23 07:09:30,0.08455500,2.16000000
2018-02-23 07:09:30,0.08456900,0.14200000
2018-02-23 07:09:31,0.08454700,0.10900000
2018-02-23 07:09:31,0.08456900,0.80100000
2018-02-23 07:09:31,0.08456900,0.08400000
2018-02-23 07:09:32,0.08454700,0.32900000
2018-02-23 07:09:32,0.08453300,0.73200000
2018-02-23 07:09:33,0.08456900,3.00300000
2018-02-23 07:09:35,0.08457000,0.09600000
2018-02-23 07:09:37,0.08457200,0.02000000
2018-02-23 07:09:37,0.08457300,0.08000000
2018-02-23 07:09:40,0.08457200,0.02000000
2018-02-23 07:09:43,0.08457300,1.78100000
2018-02-23 07:09:44,0.08459400,0.13000000
2018-02-23 07:09:44,0.08459500,0.04800000
2018-02-23 07:09:44,0.08460000,0.11900000
2018-02-23 07:09:49,0.08456900,0.02000000
2018-02-23 07:09:49,0.08454800,0.03300000
2018-02-23 07:09:50,0.08459300,0.09600000
2018-02-23 07:09:50,0.08459400,0.50600000
2018-02-23 07:09:51,0.08459400,0.03300000
2018-02-23 07:09:51,0.08459300,0.06100000
2018-02-23 07:09:52,0.08459300,0.01500000
2018-02-23 07:09:53,0.08455400,0.59200000
2018-02-23 07:09:55,0.08455700,0.09900000
2018-02-23 07:09:55,0.08455600,0.49300000
2018-02-23 07:09:56,0.08459100,0.01400000
2018-02-23 07:09:56,0.08456000,0.29600000
2018-02-23 07:09:56,0.08456000,0.29600000
2018-02-23 07:09:56,0.08456000,0.11800000
2018-02-23 07:09:56,0.08456000,0.04800000
2018-02-23 07:09:56,0.08456000,0.11800000
2018-02-23 07:09:57,0.08456100,0.02000000
2018-02-23 07:09:57,0.08456000,0.57200000
2018-02-23 07:09:58,0.08458900,0.77500000
2018-02-23 07:09:58,0.08459000,0.45600000
2018-02-23 07:09:58,0.08459000,0.12000000
2018-02-23 07:10:00,0.08456200,0.02300000
2018-02-23 07:10:00,0.08456200,0.02700000
2018-02-23 07:10:01,0.08458800,0.09900000
2018-02-23 07:10:01,0.08459000,0.01900000
2018-02-23 07:10:02,0.08459000,0.16300000
2018-02-23 07:10:02,0.08459200,0.00900000
2018-02-23 07:10:02,0.08456200,0.09900000
2018-02-23 07:10:02,0.08456100,0.04700000
2018-02-23 07:10:02,0.08459200,0.00800000
2018-02-23 07:10:03,0.08459100,0.05000000
2018-02-23 07:10:03,0.08459200,0.45600000
2018-02-23 07:10:03,0.08459300,0.08500000
2018-02-23 07:10:04,0.08456400,0.09900000
2018-02-23 07:10:04,0.08456300,0.05000000
2018-02-23 07:10:04,0.08456100,0.00100000
2018-02-23 07:10:04,0.08455900,0.04800000
2018-02-23 07:10:04,0.08455100,0.39400000
2018-02-23 07:10:06,0.08455300,0.59200000
2018-02-23 07:10:09,0.08458600,0.09900000
2018-02-23 07:10:09,0.08455700,0.97700000
2018-02-23 07:10:11,0.08458700,0.05000000
2018-02-23 07:10:11,0.08458800,0.04800000
2018-02-23 07:10:11,0.08458900,0.04800000
2018-02-23 07:10:11,0.08459100,0.04800000
2018-02-23 07:10:11,0.08459300,0.03300000
2018-02-23 07:10:11,0.08459500,0.24500000
2018-02-23 07:10:11,0.08455900,0.02000000
2018-02-23 07:10:11,0.08455800,0.30300000
2018-02-23 07:10:11,0.08455900,0.02000000
2018-02-23 07:10:11,0.08455800,0.01000000
2018-02-23 07:10:11,0.08455800,0.15100000
2018-02-23 07:10:12,0.08458700,0.02900000
2018-02-23 07:10:13,0.08459400,0.11900000
2018-02-23 07:10:13,0.08459500,0.28100000
2018-02-23 07:10:14,0.08459400,0.02000000
2018-02-23 07:10:14,0.08459500,0.38000000
2018-02-23 07:10:14,0.08459400,0.02000000
2018-02-23 07:10:14,0.08459500,0.06200000
2018-02-23 07:10:15,0.08459400,0.02000000
2018-02-23 07:10:17,0.08459400,0.02000000
2018-02-23 07:10:17,0.08459500,0.08000000
2018-02-23 07:10:18,0.08459200,0.11300000
2018-02-23 07:10:18,0.08459200,0.12500000
2018-02-23 07:10:18,0.08458800,0.20800000
2018-02-23 07:10:20,0.08458700,0.00500000
2018-02-23 07:10:20,0.08456200,0.09500000
2018-02-23 07:10:21,0.08455300,0.02000000
2018-02-23 07:10:21,0.08455200,0.49400000
2018-02-23 07:10:21,0.08458800,0.93200000
2018-02-23 07:10:21,0.08459200,0.14600000
2018-02-23 07:10:21,0.08459400,0.40000000
2018-02-23 07:10:21,0.08459400,0.46400000
2018-02-23 07:10:22,0.08459400,2.82200000
2018-02-23 07:10:22,0.08455500,0.04800000
2018-02-23 07:10:22,0.08455400,1.66700000
2018-02-23 07:10:22,0.08455300,0.02000000
2018-02-23 07:10:22,0.08455100,0.73400000
2018-02-23 07:10:22,0.08455000,0.31400000
2018-02-23 07:10:26,0.08455400,0.09900000
2018-02-23 07:10:26,0.08455100,0.73600000
2018-02-23 07:10:29,0.08455800,0.19100000
2018-02-23 07:10:30,0.08455400,0.02400000
2018-02-23 07:10:31,0.08455800,0.09000000
2018-02-23 07:10:32,0.08455800,5.36900000
2018-02-23 07:10:34,0.08458500,0.59100000
2018-02-23 07:10:34,0.08458500,0.11000000
2018-02-23 07:10:35,0.08458500,0.67100000
2018-02-23 07:10:35,0.08458500,0.02100000
2018-02-23 07:10:37,0.08458500,0.11800000
2018-02-23 07:10:37,0.08455800,0.00300000
2018-02-23 07:10:39,0.08455900,0.02000000
2018-02-23 07:10:39,0.08455900,0.02000000
2018-02-23 07:10:39,0.08455900,0.02000000
2018-02-23 07:10:39,0.08455900,0.02000000
2018-02-23 07:10:39,0.08455900,0.01900000
2018-02-23 07:10:41,0.08458500,0.25100000
2018-02-23 07:10:41,0.08458600,0.04800000
2018-02-23 07:10:41,0.08460000,0.10100000
2018-02-23 07:10:43,0.08456000,0.10900000
2018-02-23 07:10:47,0.08456000,0.01000000
2018-02-23 07:10:47,0.08455900,0.13500000
2018-02-23 07:10:48,0.08456000,0.02000000
2018-02-23 07:10:48,0.08455900,0.16800000
2018-02-23 07:10:48,0.08455800,0.16500000
2018-02-23 07:10:49,0.08458400,0.09900000
2018-02-23 07:10:49,0.08459900,0.02000000
2018-02-23 07:10:49,0.08460000,0.47200000
2018-02-23 07:10:49,0.08455900,0.02000000
2018-02-23 07:10:49,0.08455800,0.03600000
2018-02-23 07:10:49,0.08455800,0.05600000
2018-02-23 07:10:49,0.08455800,0.05600000
2018-02-23 07:10:50,0.08456000,0.02900000
2018-02-23 07:10:51,0.08456300,0.09900000
2018-02-23 07:10:51,0.08456200,0.04800000
2018-02-23 07:10:51,0.08455800,0.03100000
2018-02-23 07:10:52,0.08456400,0.40000000
2018-02-23 07:10:53,0.08459600,0.13500000
2018-02-23 07:10:53,0.08459600,0.12000000
2018-02-23 07:10:57,0.08456600,0.00300000
2018-02-23 07:10:58,0.08456700,0.00500000
2018-02-23 07:10:59,0.08456700,0.00200000
2018-02-23 07:10:59,0.08458400,0.19100000
2018-02-23 07:10:59,0.08456700,0.00300000
2018-02-23 07:10:59,0.08458400,0.20900000
2018-02-23 07:10:59,0.08459600,0.19100000
2018-02-23 07:11:01,0.08456900,0.03500000
2018-02-23 07:11:04,0.08456800,0.09900000
2018-02-23 07:11:04,0.08456600,0.04500000
2018-02-23 07:11:04,0.08456400,0.07800000
2018-02-23 07:11:04,0.08456000,0.01200000
2018-02-23 07:11:04,0.08455800,1.15100000
2018-02-23 07:11:05,0.08459300,0.10600000
2018-02-23 07:11:05,0.08459400,0.01400000
2018-02-23 07:11:06,0.08456200,0.01500000
2018-02-23 07:11:06,0.08456200,0.03300000
2018-02-23 07:11:06,0.08455800,0.00900000
2018-02-23 07:11:09,0.08458900,0.08200000
2018-02-23 07:11:09,0.08459000,0.09900000
2018-02-23 07:11:09,0.08459100,0.04800000
2018-02-23 07:11:09,0.08459400,0.03400000
2018-02-23 07:11:09,0.08459500,0.57700000
2018-02-23 07:11:09,0.08459700,0.16000000
2018-02-23 07:11:10,0.08456100,0.90300000
2018-02-23 07:11:11,0.08456100,2.26100000
2018-02-23 07:11:11,0.08456100,0.90300000
2018-02-23 07:11:11,0.08458400,0.04300000
2018-02-23 07:11:11,0.08459600,0.02000000
2018-02-23 07:11:11,0.08459700,2.53700000
2018-02-23 07:11:12,0.08458500,1.05100000
2018-02-23 07:11:12,0.08458500,0.00200000
2018-02-23 07:11:12,0.08459600,0.02000000
2018-02-23 07:11:12,0.08459700,2.71100000
2018-02-23 07:11:12,0.08460000,0.97800000
2018-02-23 07:11:12,0.08460000,0.43300000
2018-02-23 07:11:12,0.08460200,0.02500000
2018-02-23 07:11:12,0.08462800,0.05000000
2018-02-23 07:11:12,0.08463500,0.01800000
2018-02-23 07:11:12,0.08456100,0.03400000
2018-02-23 07:11:17,0.08456700,0.03600000
2018-02-23 07:11:18,0.08456400,0.04600000
2018-02-23 07:11:20,0.08459500,0.23600000
2018-02-23 07:11:21,0.08456700,0.07400000
2018-02-23 07:11:22,0.08456800,0.09900000
2018-02-23 07:11:24,0.08457000,0.04900000
2018-02-23 07:11:26,0.08457200,0.73500000
2018-02-23 07:11:26,0.08457300,0.11900000
2018-02-23 07:11:26,0.08457200,2.63700000
2018-02-23 07:11:26,0.08459200,0.23600000
2018-02-23 07:11:27,0.08457300,0.02000000
2018-02-23 07:11:27,0.08457000,0.03200000
2018-02-23 07:11:27,0.08456400,0.13400000
2018-02-23 07:11:27,0.08456400,0.28900000
2018-02-23 07:11:27,0.08456100,0.21800000
2018-02-23 07:11:27,0.08456000,0.02300000
2018-02-23 07:11:27,0.08455800,1.30300000
2018-02-23 07:11:28,0.08459000,0.09900000
2018-02-23 07:11:28,0.08459100,2.54300000
2018-02-23 07:11:29,0.08459000,0.07400000
2018-02-23 07:11:29,0.08459100,0.04400000
2018-02-23 07:11:30,0.08459100,0.57300000
2018-02-23 07:11:30,0.08456900,0.03300000
2018-02-23 07:11:31,0.08459100,0.57400000
2018-02-23 07:11:31,0.08459200,0.01700000
2018-02-23 07:11:33,0.08459200,0.15100000
2018-02-23 07:11:33,0.08460000,0.01900000
2018-02-23 07:11:33,0.08462000,0.00200000
2018-02-23 07:11:34,0.08461800,0.02000000
2018-02-23 07:11:34,0.08461900,0.38000000
2018-02-23 07:11:34,0.08461800,0.02000000
2018-02-23 07:11:34,0.08461900,0.57100000
2018-02-23 07:11:38,0.08458000,0.01200000
2018-02-23 07:11:38,0.08461800,0.02000000
2018-02-23 07:11:38,0.08461900,1.53700000
2018-02-23 07:11:40,0.08458300,0.59200000
2018-02-23 07:11:40,0.08458500,0.04700000
2018-02-23 07:11:40,0.08458500,0.00100000
2018-02-23 07:11:41,0.08458400,0.25200000
2018-02-23 07:11:41,0.08458400,0.18400000
2018-02-23 07:11:41,0.08458400,0.30800000
2018-02-23 07:11:41,0.08458500,0.04800000
2018-02-23 07:11:41,0.08458500,0.00200000
2018-02-23 07:11:42,0.08461600,0.23600000
2018-02-23 07:11:44,0.08458900,0.03600000
2018-02-23 07:11:46,0.08458900,0.02000000
2018-02-23 07:11:47,0.08458900,0.02200000
2018-02-23 07:11:47,0.08458900,0.07600000
2018-02-23 07:11:47,0.08461200,0.29500000
2018-02-23 07:11:48,0.08458100,0.36200000
2018-02-23 07:11:48,0.08458100,1.36100000
2018-02-23 07:11:48,0.08458000,0.00100000
2018-02-23 07:11:49,0.08458000,0.04700000
2018-02-23 07:11:49,0.08457800,0.07000000
2018-02-23 07:11:49,0.08456800,0.18000000
2018-02-23 07:11:50,0.08461000,0.11400000
2018-02-23 07:11:52,0.08460700,0.11900000
2018-02-23 07:11:52,0.08460800,1.08000000
2018-02-23 07:11:52,0.08460900,0.50800000
2018-02-23 07:11:52,0.08461000,0.85600000
2018-02-23 07:11:53,0.08458900,0.04000000
2018-02-23 07:11:53,0.08458900,0.18900000
2018-02-23 07:11:53,0.08458900,0.02300000
2018-02-23 07:11:53,0.08457300,0.63200000
2018-02-23 07:11:54,0.08457400,0.02000000
2018-02-23 07:11:54,0.08457300,0.26800000
2018-02-23 07:11:54,0.08458900,0.24600000
2018-02-23 07:11:54,0.08460600,0.67400000
2018-02-23 07:11:54,0.08461000,0.66900000
2018-02-23 07:11:54,0.08461000,0.66900000
2018-02-23 07:11:54,0.08461000,0.45400000
2018-02-23 07:11:58,0.08461000,0.09800000
2018-02-23 07:11:58,0.08461000,0.01500000
2018-02-23 07:11:58,0.08457700,0.02000000
2018-02-23 07:11:58,0.08457600,0.05800000
2018-02-23 07:11:58,0.08461000,0.02100000
2018-02-23 07:11:58,0.08459600,0.12200000
2018-02-23 07:11:58,0.08459600,0.12200000
2018-02-23 07:11:59,0.08461000,0.76800000
2018-02-23 07:11:59,0.08459600,0.04700000
2018-02-23 07:11:59,0.08460000,0.50900000
2018-02-23 07:12:01,0.08461000,0.09600000
2018-02-23 07:12:01,0.08461400,0.04800000
2018-02-23 07:12:01,0.08461700,0.02900000
2018-02-23 07:12:01,0.08459600,0.71000000
2018-02-23 07:12:03,0.08461700,0.01900000
2018-02-23 07:12:03,0.08462000,2.32200000
2018-02-23 07:12:03,0.08462000,0.59000000
2018-02-23 07:12:03,0.08462000,0.04200000
2018-02-23 07:12:03,0.08462000,0.04300000
2018-02-23 07:12:04,0.08462000,0.15600000
2018-02-23 07:12:04,0.08461700,0.02800000
2018-02-23 07:12:06,0.08459700,0.16500000
2018-02-23 07:12:06,0.08459900,0.04800000
2018-02-23 07:12:06,0.08459700,0.04500000
2018-02-23 07:12:09,0.08463200,0.04800000
2018-02-23 07:12:09,0.08463100,0.10000000
2018-02-23 07:12:12,0.08460200,0.27100000
2018-02-23 07:12:15,0.08461000,0.07700000
2018-02-23 07:12:15,0.08461000,0.12000000
2018-02-23 07:12:16,0.08460500,0.09900000
2018-02-23 07:12:16,0.08460400,0.04800000
2018-02-23 07:12:16,0.08460200,0.25300000
2018-02-23 07:12:16,0.08460600,0.15400000
2018-02-23 07:12:17,0.08460600,1.46400000
2018-02-23 07:12:18,0.08463200,0.22000000
2018-02-23 07:12:18,0.08460600,1.24400000
2018-02-23 07:12:18,0.08460600,1.46400000
2018-02-23 07:12:19,0.08460600,1.46400000
2018-02-23 07:12:19,0.08463000,0.02700000
2018-02-23 07:12:19,0.08463200,0.07400000
2018-02-23 07:12:19,0.08460200,1.39000000
2018-02-23 07:12:20,0.08460300,0.17200000
2018-02-23 07:12:20,0.08463200,0.09900000
2018-02-23 07:12:20,0.08463300,0.13700000
2018-02-23 07:12:20,0.08463300,0.31100000
2018-02-23 07:12:21,0.08460300,1.46300000
2018-02-23 07:12:21,0.08463400,0.03100000
2018-02-23 07:12:21,0.08463300,0.17200000
2018-02-23 07:12:21,0.08463300,0.13900000
2018-02-23 07:12:21,0.08460300,0.26100000
2018-02-23 07:12:22,0.08463200,0.13900000
2018-02-23 07:12:22,0.08463200,0.17000000
2018-02-23 07:12:22,0.08463200,0.26000000
2018-02-23 07:12:22,0.08463200,0.07700000
2018-02-23 07:12:23,0.08463200,0.61500000
2018-02-23 07:12:23,0.08463200,0.42700000
2018-02-23 07:12:23,0.08463200,0.00100000
2018-02-23 07:12:23,0.08463200,0.07600000
2018-02-23 07:12:23,0.08460700,0.06400000
2018-02-23 07:12:23,0.08460600,1.46300000
2018-02-23 07:12:24,0.08460600,0.40000000
2018-02-23 07:12:24,0.08463200,0.07600000
2018-02-23 07:12:24,0.08463300,0.13900000
2018-02-23 07:12:24,0.08463400,0.24000000
2018-02-23 07:12:24,0.08463500,0.00300000
2018-02-23 07:12:24,0.08464900,0.23500000
2018-02-23 07:12:24,0.08465000,0.10900000
2018-02-23 07:12:24,0.08460700,0.00800000
2018-02-23 07:12:25,0.08464800,0.00100000
2018-02-23 07:12:26,0.08460800,0.23300000
2018-02-23 07:12:28,0.08461100,0.36100000
2018-02-23 07:12:29,0.08461100,0.68100000
2018-02-23 07:12:30,0.08461400,0.07300000
2018-02-23 07:12:30,0.08461400,0.69800000
2018-02-23 07:12:30,0.08464400,0.09500000
2018-02-23 07:12:31,0.08461400,0.00100000
2018-02-23 07:12:32,0.08464500,0.10500000
2018-02-23 07:12:32,0.08461600,0.02600000
2018-02-23 07:12:33,0.08461600,0.07300000
2018-02-23 07:12:34,0.08464400,0.04900000
2018-02-23 07:12:34,0.08464400,0.05400000
2018-02-23 07:12:34,0.08464500,0.09600000
2018-02-23 07:12:34,0.08464500,0.09700000
2018-02-23 07:12:35,0.08464500,0.02800000
2018-02-23 07:12:35,0.08461600,0.09100000
2018-02-23 07:12:35,0.08464500,0.15000000
2018-02-23 07:12:35,0.08464500,0.24500000
2018-02-23 07:12:36,0.08464400,0.09100000
2018-02-23 07:12:36,0.08464400,0.09900000
2018-02-23 07:12:36,0.08464400,0.00200000
2018-02-23 07:12:39,0.08464400,0.09700000
2018-02-23 07:12:39,0.08464500,0.30300000
2018-02-23 07:12:39,0.08464400,0.09200000
2018-02-23 07:12:39,0.08464400,0.09200000
2018-02-23 07:12:40,0.08464400,0.24600000
2018-02-23 07:12:40,0.08464500,0.01800000
2018-02-23 07:12:41,0.08462300,0.02500000
2018-02-23 07:12:41,0.08464800,0.35400000
2018-02-23 07:12:41,0.08464800,0.35400000
2018-02-23 07:12:41,0.08464800,0.16000000
2018-02-23 07:12:41,0.08462300,0.04900000
2018-02-23 07:12:41,0.08464300,0.03500000
2018-02-23 07:12:41,0.08464800,0.06600000
2018-02-23 07:12:42,0.08465000,0.58000000
2018-02-23 07:12:42,0.08464900,0.09900000
2018-02-23 07:12:42,0.08464900,0.04300000
2018-02-23 07:12:42,0.08464900,0.09900000
2018-02-23 07:12:42,0.08464900,0.04400000
2018-02-23 07:12:43,0.08464900,0.09900000
2018-02-23 07:12:44,0.08464900,1.88100000
2018-02-23 07:12:44,0.08465000,0.19000000
2018-02-23 07:12:45,0.08464900,1.88100000
2018-02-23 07:12:45,0.08465000,1.08100000
2018-02-23 07:12:46,0.08464900,0.15300000
2018-02-23 07:12:48,0.08464900,0.20000000
2018-02-23 07:12:49,0.08464900,0.09100000
2018-02-23 07:12:49,0.08464900,0.02200000
2018-02-23 07:12:50,0.08464900,1.39300000
2018-02-23 07:12:50,0.08464800,0.00100000
2018-02-23 07:12:51,0.08464900,0.09900000
2018-02-23 07:12:51,0.08465000,0.35200000
2018-02-23 07:12:52,0.08465000,0.10800000
2018-02-23 07:12:52,0.08465000,0.09600000
2018-02-23 07:12:52,0.08465000,0.09600000
2018-02-23 07:12:52,0.08465000,0.09600000
2018-02-23 07:12:52,0.08465000,0.09600000
2018-02-23 07:12:54,0.08464800,0.01500000
2018-02-23 07:12:54,0.08462400,0.48500000
2018-02-23 07:12:54,0.08462400,0.03000000
2018-02-23 07:12:54,0.08465000,0.02000000
2018-02-23 07:12:55,0.08462400,0.19700000
2018-02-23 07:12:55,0.08462400,0.40100000
2018-02-23 07:12:55,0.08462400,0.16300000
2018-02-23 07:12:56,0.08462400,2.54900000
2018-02-23 07:12:58,0.08465000,0.35400000
2018-02-23 07:12:59,0.08465000,0.25000000
2018-02-23 07:13:00,0.08462500,0.11400000
2018-02-23 07:13:00,0.08462500,0.19500000
2018-02-23 07:13:00,0.08462500,0.31300000
2018-02-23 07:13:00,0.08464900,0.02400000
2018-02-23 07:13:01,0.08462400,0.99200000
2018-02-23 07:13:02,0.08462400,0.01500000
2018-02-23 07:13:02,0.08463200,0.04300000
2018-02-23 07:13:02,0.08464900,2.03600000
2018-02-23 07:13:02,0.08465900,0.45200000
2018-02-23 07:13:02,0.08462400,1.18300000
2018-02-23 07:13:02,0.08465000,0.23600000
2018-02-23 07:13:04,0.08465000,0.16400000
2018-02-23 07:13:04,0.08465700,0.33500000
2018-02-23 07:13:05,0.08465000,0.06700000
2018-02-23 07:13:06,0.08465000,0.86900000
2018-02-23 07:13:06,0.08465000,1.63400000
2018-02-23 07:13:08,0.08465000,0.09800000
2018-02-23 07:13:08,0.08465000,0.09900000
2018-02-23 07:13:09,0.08465700,2.80100000
2018-02-23 07:13:09,0.08465000,0.59100000
2018-02-23 07:13:09,0.08465000,0.08700000
2018-02-23 07:13:11,0.08465000,0.03200000
2018-02-23 07:13:12,0.08465000,0.12900000
2018-02-23 07:13:13,0.08465700,1.17500000
2018-02-23 07:13:14,0.08465000,0.27900000
2018-02-23 07:13:14,0.08465000,0.02200000
2018-02-23 07:13:15,0.08465100,0.05300000
2018-02-23 07:13:16,0.08465100,0.93700000
2018-02-23 07:13:16,0.08465000,0.58300000
2018-02-23 07:13:16,0.08465000,0.93700000
2018-02-23 07:13:16,0.08465000,0.40400000
2018-02-23 07:13:17,0.08465000,0.71400000
2018-02-23 07:13:17,0.08465000,1.11700000
2018-02-23 07:13:18,0.08465000,1.11500000
2018-02-23 07:13:18,0.08465000,0.09800000
2018-02-23 07:13:19,0.08465000,0.03500000
2018-02-23 07:13:21,0.08465100,0.12900000
2018-02-23 07:13:24,0.08465100,0.10600000
2018-02-23 07:13:25,0.08465300,0.04600000
2018-02-23 07:13:25,0.08465300,0.07300000
2018-02-23 07:13:25,0.08465700,0.11700000
2018-02-23 07:13:25,0.08465300,0.04300000
2018-02-23 07:13:26,0.08465300,0.10000000
2018-02-23 07:13:26,0.08465100,1.89900000
2018-02-23 07:13:26,0.08465700,0.45000000
2018-02-23 07:13:27,0.08465700,1.73200000
2018-02-23 07:13:27,0.08465700,0.18800000
2018-02-23 07:13:27,0.08465800,0.62200000
2018-02-23 07:13:27,0.08466000,0.13000000
2018-02-23 07:13:27,0.08467200,0.26700000
2018-02-23 07:13:27,0.08468700,0.10100000
2018-02-23 07:13:27,0.08468800,0.03600000
2018-02-23 07:13:28,0.08465400,0.76700000
2018-02-23 07:13:28,0.08465600,0.04300000
2018-02-23 07:13:29,0.08465700,0.60400000
2018-02-23 07:13:29,0.08465800,0.02500000
2018-02-23 07:13:29,0.08465700,0.10400000
2018-02-23 07:13:30,0.08465700,0.59100000
2018-02-23 07:13:30,0.08465700,0.71600000
2018-02-23 07:13:30,0.08465800,1.27100000
2018-02-23 07:13:30,0.08465800,0.09400000
2018-02-23 07:13:30,0.08465700,0.09900000
2018-02-23 07:13:30,0.08465700,0.29800000
2018-02-23 07:13:31,0.08465700,0.29800000
2018-02-23 07:13:31,0.08465700,0.96400000
2018-02-23 07:13:31,0.08465800,0.08000000
2018-02-23 07:13:33,0.08465700,0.04700000
2018-02-23 07:13:34,0.08465700,0.17900000
2018-02-23 07:13:35,0.08465700,0.28900000
2018-02-23 07:13:36,0.08465800,0.32700000
2018-02-23 07:13:37,0.08465800,0.35400000
2018-02-23 07:13:37,0.08465600,0.00500000
2018-02-23 07:13:37,0.08465100,0.46400000
2018-02-23 07:13:37,0.08465100,0.85200000
2018-02-23 07:13:38,0.08465600,0.11300000
2018-02-23 07:13:38,0.08465800,0.11800000
2018-02-23 07:13:38,0.08465800,0.00400000
2018-02-23 07:13:38,0.08465500,0.79300000
2018-02-23 07:13:39,0.08465100,0.84900000
2018-02-23 07:13:39,0.08465200,0.09500000
2018-02-23 07:13:40,0.08465800,0.06600000
2018-02-23 07:13:42,0.08465700,4.41000000
2018-02-23 07:13:42,0.08465700,0.21700000
2018-02-23 07:13:43,0.08465700,0.21700000
2018-02-23 07:13:43,0.08465700,0.15600000
2018-02-23 07:13:43,0.08465100,0.11300000
2018-02-23 07:13:45,0.08465100,0.04900000
2018-02-23 07:13:46,0.08465200,0.09500000
2018-02-23 07:13:46,0.08465100,0.07100000
2018-02-23 07:13:46,0.08465100,0.07100000
2018-02-23 07:13:46,0.08465100,0.07200000
2018-02-23 07:13:46,0.08465400,0.06100000
2018-02-23 07:13:46,0.08468300,0.06300000
2018-02-23 07:13:46,0.08465100,0.59100000
2018-02-23 07:13:46,0.08468300,0.03600000
2018-02-23 07:13:46,0.08468400,0.02100000
2018-02-23 07:13:47,0.08465100,0.88300000
2018-02-23 07:13:47,0.08468400,0.02200000
2018-02-23 07:13:47,0.08465100,0.89300000
2018-02-23 07:13:48,0.08465200,0.03300000
2018-02-23 07:13:49,0.08468200,0.09500000
2018-02-23 07:13:49,0.08468300,0.76700000
2018-02-23 07:13:49,0.08468400,3.32700000
2018-02-23 07:13:49,0.08468500,1.00000000
2018-02-23 07:13:49,0.08468500,0.09600000
2018-02-23 07:13:49,0.08465200,0.00300000
2018-02-23 07:13:50,0.08468000,1.36500000
2018-02-23 07:13:50,0.08468200,0.39900000
2018-02-23 07:13:50,0.08468500,3.23600000
2018-02-23 07:13:51,0.08465200,0.09100000
2018-02-23 07:13:51,0.08468000,0.05700000
2018-02-23 07:13:51,0.08465200,0.16100000
2018-02-23 07:13:52,0.08465200,1.52400000
2018-02-23 07:13:52,0.08465200,0.78700000
2018-02-23 07:13:52,0.08465100,1.72900000
2018-02-23 07:13:52,0.08465100,1.22900000
2018-02-23 07:13:52,0.08465000,2.81100000
2018-02-23 07:13:54,0.08465100,0.09900000
2018-02-23 07:13:54,0.08465000,1.26500000
2018-02-23 07:13:54,0.08462600,1.80900000
2018-02-23 07:13:54,0.08462500,0.44200000
2018-02-23 07:13:54,0.08462600,0.45000000
2018-02-23 07:13:55,0.08463000,0.11400000
2018-02-23 07:13:55,0.08463000,0.11800000
2018-02-23 07:13:57,0.08462700,0.09900000
2018-02-23 07:13:57,0.08462900,0.09900000
2018-02-23 07:13:57,0.08463000,0.25500000
2018-02-23 07:13:59,0.08462800,0.21700000
2018-02-23 07:14:03,0.08466600,0.40000000
2018-02-23 07:14:05,0.08466600,0.22000000
2018-02-23 07:14:06,0.08465100,0.23500000
2018-02-23 07:14:09,0.08463200,0.04100000
2018-02-23 07:14:09,0.08463200,0.04100000
2018-02-23 07:14:10,0.08463200,0.01700000
2018-02-23 07:14:11,0.08463200,0.03100000
2018-02-23 07:14:11,0.08465100,0.82500000
2018-02-23 07:14:12,0.08463100,0.06900000
2018-02-23 07:14:15,0.08463000,0.17200000
2018-02-23 07:14:15,0.08463100,0.00100000
2018-02-23 07:14:15,0.08465100,1.70900000
2018-02-23 07:14:17,0.08463000,0.09900000
2018-02-23 07:14:19,0.08463000,0.11700000
2018-02-23 07:14:20,0.08465100,0.03200000
2018-02-23 07:14:20,0.08466500,0.28800000
2018-02-23 07:14:20,0.08466500,0.40000000
2018-02-23 07:14:21,0.08466400,0.02000000
2018-02-23 07:14:21,0.08466500,0.09800000
2018-02-23 07:14:22,0.08463100,0.37500000
2018-02-23 07:14:24,0.08466300,0.44100000
2018-02-23 07:14:25,0.08463500,0.11800000
2018-02-23 07:14:26,0.08466200,0.11800000
2018-02-23 07:14:26,0.08466300,0.87600000
2018-02-23 07:14:33,0.08466200,0.11800000
2018-02-23 07:14:33,0.08463900,0.06300000
2018-02-23 07:14:33,0.08463700,0.06300000
2018-02-23 07:14:34,0.08463700,0.02300000
2018-02-23 07:14:34,0.08463700,0.02300000
2018-02-23 07:14:34,0.08463700,0.02300000
2018-02-23 07:14:34,0.08463700,0.15600000
2018-02-23 07:14:34,0.08463700,0.02300000
2018-02-23 07:14:34,0.08463700,0.09300000
2018-02-23 07:14:34,0.08463700,0.15700000
2018-02-23 07:14:37,0.08463700,0.56100000
2018-02-23 07:14:37,0.08463800,0.52700000
2018-02-23 07:14:37,0.08463900,0.16800000
2018-02-23 07:14:37,0.08466200,3.64200000
2018-02-23 07:14:37,0.08466300,0.24700000
2018-02-23 07:14:37,0.08466600,0.14000000
2018-02-23 07:14:37,0.08466700,0.04200000
2018-02-23 07:14:37,0.08466900,0.09900000
2018-02-23 07:14:37,0.08467700,0.04800000
2018-02-23 07:14:37,0.08467800,0.13000000
2018-02-23 07:14:37,0.08468600,0.04800000
2018-02-23 07:14:37,0.08468800,1.83100000
2018-02-23 07:14:37,0.08468900,0.14800000
2018-02-23 07:14:37,0.08469300,0.35700000
2018-02-23 07:14:37,0.08469400,0.12200000
2018-02-23 07:14:37,0.08469900,0.23600000
2018-02-23 07:14:37,0.08470000,0.04500000
2018-02-23 07:14:37,0.08463600,0.03000000
2018-02-23 07:14:37,0.08463500,0.03500000
2018-02-23 07:14:37,0.08463700,0.04800000
2018-02-23 07:14:38,0.08463600,0.24000000
2018-02-23 07:14:38,0.08464000,0.18200000
2018-02-23 07:14:38,0.08464000,0.09000000
2018-02-23 07:14:38,0.08464100,0.31800000
2018-02-23 07:14:39,0.08467500,0.00700000
2018-02-23 07:14:39,0.08464100,0.90100000
2018-02-23 07:14:39,0.08464100,0.58400000
2018-02-23 07:14:39,0.08464000,0.13900000
2018-02-23 07:14:39,0.08463500,2.09000000
2018-02-23 07:14:39,0.08463500,0.25800000
2018-02-23 07:14:39,0.08463500,0.31900000
2018-02-23 07:14:40,0.08463600,0.02600000
2018-02-23 07:14:40,0.08463600,1.98800000
2018-02-23 07:14:40,0.08463500,0.02700000
2018-02-23 07:14:40,0.08463500,2.40800000
2018-02-23 07:14:41,0.08463500,0.90100000
2018-02-23 07:14:41,0.08463500,2.40800000
2018-02-23 07:14:41,0.08463500,0.90100000
2018-02-23 07:14:41,0.08463500,1.21000000
2018-02-23 07:14:42,0.08463000,0.00100000
2018-02-23 07:14:42,0.08463000,0.65900000
2018-02-23 07:14:43,0.08463000,0.27000000
2018-02-23 07:14:43,0.08463200,0.00100000
2018-02-23 07:14:43,0.08465800,0.43800000
2018-02-23 07:14:46,0.08462700,0.10300000
2018-02-23 07:14:46,0.08463700,0.17000000
2018-02-23 07:14:47,0.08463800,0.90100000
2018-02-23 07:14:47,0.08463800,0.86600000
2018-02-23 07:14:47,0.08463600,0.90200000
2018-02-23 07:14:47,0.08463600,0.17700000
2018-02-23 07:14:48,0.08463600,1.18200000
2018-02-23 07:14:50,0.08463600,0.06600000
2018-02-23 07:14:59,0.08465700,0.11800000
2018-02-23 07:15:01,0.08465700,0.11800000
2018-02-23 07:15:02,0.08465700,0.23300000
2018-02-23 07:15:02,0.08465700,0.40000000
2018-02-23 07:15:03,0.08465700,2.92800000
2018-02-23 07:15:03,0.08465700,0.00300000
2018-02-23 07:15:03,0.08465900,0.94500000
2018-02-23 07:15:03,0.08466400,0.11300000
2018-02-23 07:15:03,0.08466500,0.07300000
2018-02-23 07:15:04,0.08466500,0.11800000
2018-02-23 07:15:04,0.08466700,0.40000000
2018-02-23 07:15:04,0.08465100,0.09900000
2018-02-23 07:15:05,0.08466700,0.11800000
2018-02-23 07:15:07,0.08465100,0.03400000
2018-02-23 07:15:07,0.08465100,1.26800000
2018-02-23 07:15:07,0.08465100,0.23900000
2018-02-23 07:15:07,0.08466700,0.11800000
2018-02-23 07:15:08,0.08465100,1.18300000
2018-02-23 07:15:09,0.08465100,0.23000000
2018-02-23 07:15:09,0.08466500,0.40000000
2018-02-23 07:15:09,0.08466500,0.11800000
2018-02-23 07:15:10,0.08465100,0.09900000
2018-02-23 07:15:10,0.08465000,0.45100000
2018-02-23 07:15:11,0.08466500,0.11800000
2018-02-23 07:15:15,0.08466500,0.21700000
2018-02-23 07:15:15,0.08466400,0.08600000
2018-02-23 07:15:15,0.08466500,0.35100000
2018-02-23 07:15:15,0.08466700,0.04900000
2018-02-23 07:15:15,0.08465000,0.14800000
2018-02-23 07:15:15,0.08466800,0.01300000
2018-02-23 07:15:15,0.08465000,0.04200000
2018-02-23 07:15:15,0.08466800,0.40000000
2018-02-23 07:15:15,0.08465000,0.15700000
2018-02-23 07:15:16,0.08465000,0.01700000
2018-02-23 07:15:16,0.08465000,0.34800000
2018-02-23 07:15:16,0.08466500,0.09900000
2018-02-23 07:15:17,0.08466700,0.40000000
2018-02-23 07:15:17,0.08466500,0.04700000
2018-02-23 07:15:17,0.08466700,0.11800000
2018-02-23 07:15:17,0.08466700,0.51100000
2018-02-23 07:15:17,0.08466700,0.08900000
2018-02-23 07:15:17,0.08466800,0.42100000
2018-02-23 07:15:17,0.08466800,1.30000000
2018-02-23 07:15:17,0.08467600,0.04800000
2018-02-23 07:15:17,0.08469700,0.05000000
2018-02-23 07:15:17,0.08470000,2.37800000
2018-02-23 07:15:17,0.08470500,0.35700000
2018-02-23 07:15:17,0.08470800,0.05000000
2018-02-23 07:15:17,0.08471300,0.35400000
2018-02-23 07:15:17,0.08471500,0.05700000
2018-02-23 07:15:17,0.08472000,0.25000000
2018-02-23 07:15:17,0.08473900,0.17500000
2018-02-23 07:15:17,0.08473900,1.29800000
2018-02-23 07:15:17,0.08470800,0.05000000
2018-02-23 07:15:17,0.08473900,1.11500000
2018-02-23 07:15:17,0.08466500,0.82500000
2018-02-23 07:15:18,0.08470800,0.05000000
2018-02-23 07:15:18,0.08473900,0.42200000
2018-02-23 07:15:18,0.08466600,0.04500000
2018-02-23 07:15:18,0.08466800,0.08000000
2018-02-23 07:15:19,0.08467000,0.01700000
2018-02-23 07:15:20,0.08467100,0.28200000
2018-02-23 07:15:20,0.08470700,0.00700000
2018-02-23 07:15:21,0.08470700,0.09200000
2018-02-23 07:15:21,0.08473900,0.01700000
2018-02-23 07:15:21,0.08474000,0.00900000
2018-02-23 07:15:21,0.08467500,0.11800000
2018-02-23 07:15:22,0.08468000,0.59000000
2018-02-23 07:15:22,0.08467600,0.04800000
2018-02-23 07:15:22,0.08467500,3.16000000
2018-02-23 07:15:22,0.08467300,1.18900000
2018-02-23 07:15:22,0.08467600,0.07400000
2018-02-23 07:15:23,0.08473700,0.02400000
2018-02-23 07:15:24,0.08468000,0.05300000
2018-02-23 07:15:24,0.08468000,0.01200000
2018-02-23 07:15:25,0.08468100,0.09900000
2018-02-23 07:15:25,0.08473000,0.40000000
2018-02-23 07:15:25,0.08468200,0.04800000
2018-02-23 07:15:25,0.08468000,0.19200000
2018-02-23 07:15:25,0.08468000,1.53100000
2018-02-23 07:15:26,0.08468200,0.09400000
2018-02-23 07:15:27,0.08468200,0.02400000
2018-02-23 07:15:27,0.08472900,0.09400000
2018-02-23 07:15:27,0.08468000,0.05900000
2018-02-23 07:15:27,0.08468000,0.05900000
2018-02-23 07:15:27,0.08468000,0.05900000
2018-02-23 07:15:27,0.08468000,0.99500000
2018-02-23 07:15:29,0.08472600,0.11800000
2018-02-23 07:15:30,0.08468500,0.09900000
2018-02-23 07:15:31,0.08471900,0.09100000
2018-02-23 07:15:32,0.08470900,0.11800000
2018-02-23 07:15:32,0.08468700,0.07500000
2018-02-23 07:15:33,0.08470900,0.20400000
2018-02-23 07:15:33,0.08471000,0.19000000
2018-02-23 07:15:33,0.08471800,0.59200000
2018-02-23 07:15:33,0.08468800,0.27100000
2018-02-23 07:15:33,0.08468700,0.04400000
2018-02-23 07:15:33,0.08468600,0.56900000
2018-02-23 07:15:33,0.08468500,0.27000000
2018-02-23 07:15:33,0.08468500,0.27200000
2018-02-23 07:15:33,0.08468500,1.03600000
2018-02-23 07:15:33,0.08468500,1.23300000
2018-02-23 07:15:33,0.08468500,0.69300000
2018-02-23 07:15:33,0.08468500,0.29700000
2018-02-23 07:15:34,0.08468500,2.42000000
2018-02-23 07:15:34,0.08466800,0.05000000
2018-02-23 07:15:34,0.08466500,0.02900000
2018-02-23 07:15:34,0.08465000,0.22200000
2018-02-23 07:15:34,0.08468600,0.03800000
2018-02-23 07:15:34,0.08468600,0.55400000
2018-02-23 07:15:34,0.08466800,0.05000000
2018-02-23 07:15:34,0.08465100,1.13400000
2018-02-23 07:15:35,0.08468500,0.40000000
2018-02-23 07:15:35,0.08466900,0.18900000
2018-02-23 07:15:35,0.08468500,0.59000000
2018-02-23 07:15:35,0.08468500,0.19000000
2018-02-23 07:15:36,0.08468500,0.78900000
2018-02-23 07:15:36,0.08468700,0.01800000
2018-02-23 07:15:36,0.08468700,0.01800000
2018-02-23 07:15:36,0.08468700,0.00200000
2018-02-23 07:15:37,0.08468800,0.09900000
2018-02-23 07:15:38,0.08468700,0.21700000
2018-02-23 07:15:39,0.08468700,0.21700000
2018-02-23 07:15:39,0.08468700,0.87600000
2018-02-23 07:15:40,0.08468700,0.12200000
2018-02-23 07:15:41,0.08468800,0.40000000
2018-02-23 07:15:42,0.08468700,0.50000000
2018-02-23 07:15:42,0.08468800,0.63500000
2018-02-23 07:15:42,0.08470900,0.07900000
2018-02-23 07:15:42,0.08471600,0.03900000
2018-02-23 07:15:42,0.08470900,0.21700000
2018-02-23 07:15:42,0.08471600,0.11800000
2018-02-23 07:15:42,0.08470900,0.04800000
2018-02-23 07:15:43,0.08470900,0.21700000
2018-02-23 07:15:43,0.08470900,0.36300000
2018-02-23 07:15:44,0.08470900,0.21700000
2018-02-23 07:15:44,0.08470900,0.21700000
2018-02-23 07:15:45,0.08470900,0.21700000
2018-02-23 07:15:46,0.08470900,0.21700000
2018-02-23 07:15:46,0.08470900,0.21700000
2018-02-23 07:15:46,0.08470900,0.21700000
2018-02-23 07:15:47,0.08471000,0.09500000
2018-02-23 07:15:47,0.08471600,0.22700000
2018-02-23 07:15:47,0.08470900,0.48600000
2018-02-23 07:15:47,0.08470900,1.12000000
2018-02-23 07:15:48,0.08470900,0.00200000
2018-02-23 07:15:48,0.08471600,0.30800000
2018-02-23 07:15:48,0.08471700,0.27100000
2018-02-23 07:15:48,0.08471800,1.27000000
2018-02-23 07:15:48,0.08472900,1.38700000
2018-02-23 07:15:48,0.08473300,0.04800000
2018-02-23 07:15:48,0.08474000,0.04600000
2018-02-23 07:15:48,0.08474100,0.13000000
2018-02-23 07:15:48,0.08475000,0.01200000
2018-02-23 07:15:48,0.08475700,0.07100000
2018-02-23 07:15:48,0.08474100,0.13000000
2018-02-23 07:15:48,0.08475700,0.70700000
2018-02-23 07:15:48,0.08475700,0.23600000
2018-02-23 07:15:48,0.08475800,0.02000000
2018-02-23 07:15:48,0.08476000,0.25800000
2018-02-23 07:15:48,0.08476100,0.01400000
2018-02-23 07:15:48,0.08477000,0.17600000
2018-02-23 07:15:48,0.08470900,0.03100000
2018-02-23 07:15:50,0.08471200,0.02600000
2018-02-23 07:15:50,0.08475000,0.02000000
2018-02-23 07:15:50,0.08474900,0.40000000
2018-02-23 07:15:50,0.08471300,0.09900000
2018-02-23 07:15:51,0.08471400,0.01200000
2018-02-23 07:15:51,0.08471400,0.09100000
2018-02-23 07:15:52,0.08471300,0.07600000
2018-02-23 07:15:54,0.08471600,0.02300000
2018-02-23 07:15:54,0.08471600,0.09900000
2018-02-23 07:15:56,0.08471800,1.35600000
2018-02-23 07:15:57,0.08471900,0.18000000
2018-02-23 07:15:57,0.08471800,0.83600000
2018-02-23 07:15:58,0.08471900,0.04600000
2018-02-23 07:15:58,0.08471900,0.12700000
2018-02-23 07:15:59,0.08471900,0.05000000
2018-02-23 07:15:59,0.08471900,0.02000000
2018-02-23 07:15:59,0.08471700,0.23200000
2018-02-23 07:16:01,0.08471900,0.03000000
2018-02-23 07:16:03,0.08471700,0.00100000
2018-02-23 07:16:04,0.08471700,0.02600000
2018-02-23 07:16:04,0.08471700,0.02700000
2018-02-23 07:16:07,0.08471800,0.02300000
2018-02-23 07:16:07,0.08473900,0.07600000
2018-02-23 07:16:07,0.08474000,0.30100000
2018-02-23 07:16:07,0.08471800,0.04900000
2018-02-23 07:16:08,0.08471700,0.04500000
2018-02-23 07:16:08,0.08471400,0.08800000
2018-02-23 07:16:08,0.08471400,0.16600000
2018-02-23 07:16:08,0.08471300,0.16600000
2018-02-23 07:16:08,0.08471300,0.01100000
2018-02-23 07:16:08,0.08471300,0.08800000
2018-02-23 07:16:08,0.08471300,0.10300000
2018-02-23 07:16:09,0.08471300,0.04300000
2018-02-23 07:16:09,0.08471300,0.14200000
2018-02-23 07:16:10,0.08471300,0.27100000
2018-02-23 07:16:10,0.08471300,0.05900000
2018-02-23 07:16:11,0.08471300,0.27100000
2018-02-23 07:16:12,0.08471800,0.12100000
2018-02-23 07:16:12,0.08474000,0.08300000
2018-02-23 07:16:12,0.08474900,0.02000000
2018-02-23 07:16:12,0.08475000,0.02000000
2018-02-23 07:16:12,0.08475600,0.09900000
2018-02-23 07:16:12,0.08475700,0.02000000
2018-02-23 07:16:12,0.08475800,0.02000000
2018-02-23 07:16:12,0.08476000,0.01700000
2018-02-23 07:16:13,0.08474000,0.02000000
2018-02-23 07:16:13,0.08474900,0.02000000
2018-02-23 07:16:13,0.08475000,0.02000000
2018-02-23 07:16:13,0.08476000,0.00300000
2018-02-23 07:16:13,0.08476100,0.02000000
2018-02-23 07:16:13,0.08476900,0.03500000
2018-02-23 07:16:13,0.08471300,0.03000000
2018-02-23 07:16:14,0.08471300,0.26500000
2018-02-23 07:16:16,0.08471300,0.81500000
2018-02-23 07:16:16,0.08474000,0.02000000
2018-02-23 07:16:16,0.08474900,0.02000000
2018-02-23 07:16:16,0.08475000,0.02000000
2018-02-23 07:16:16,0.08475300,0.32400000
2018-02-23 07:16:18,0.08471300,0.33000000
2018-02-23 07:16:18,0.08471300,0.32900000
2018-02-23 07:16:19,0.08473900,0.40000000
2018-02-23 07:16:19,0.08471300,0.40000000
2018-02-23 07:16:19,0.08473900,0.16900000
2018-02-23 07:16:20,0.08471300,0.53300000
2018-02-23 07:16:20,0.08473900,0.25100000
2018-02-23 07:16:20,0.08474000,0.02000000
2018-02-23 07:16:20,0.08474900,0.02000000
2018-02-23 07:16:20,0.08475000,0.10700000
2018-02-23 07:16:20,0.08475100,0.00200000
2018-02-23 07:16:21,0.08471300,0.12800000
2018-02-23 07:16:21,0.08471500,0.04800000
2018-02-23 07:16:21,0.08471300,0.04400000
2018-02-23 07:16:22,0.08473600,0.12600000
2018-02-23 07:16:22,0.08473600,0.12500000
2018-02-23 07:16:22,0.08473600,0.02000000
2018-02-23 07:16:22,0.08473600,0.04700000
2018-02-23 07:16:22,0.08473600,0.08200000
2018-02-23 07:16:22,0.08471300,0.01800000
2018-02-23 07:16:23,0.08471300,0.59200000
2018-02-23 07:16:23,0.08471300,0.30800000
2018-02-23 07:16:23,0.08474000,0.02000000
2018-02-23 07:16:23,0.08471300,0.08800000
2018-02-23 07:16:23,0.08474000,0.02000000
2018-02-23 07:16:23,0.08474900,0.06800000
2018-02-23 07:16:23,0.08475000,0.02000000
2018-02-23 07:16:23,0.08475100,0.02000000
2018-02-23 07:16:23,0.08475300,0.02000000
2018-02-23 07:16:23,0.08475600,0.02000000
2018-02-23 07:16:23,0.08475700,0.02000000
2018-02-23 07:16:23,0.08475800,0.02000000
2018-02-23 07:16:23,0.08476000,0.04000000
2018-02-23 07:16:23,0.08476100,0.02000000
2018-02-23 07:16:23,0.08476500,0.02000000
2018-02-23 07:16:23,0.08476500,0.11200000
2018-02-23 07:16:24,0.08474000,0.02000000
2018-02-23 07:16:24,0.08474000,0.07900000
2018-02-23 07:16:26,0.08471400,0.00100000
2018-02-23 07:16:29,0.08471400,0.10500000
2018-02-23 07:16:29,0.08471200,0.04800000
2018-02-23 07:16:29,0.08471000,0.18600000
2018-02-23 07:16:29,0.08473200,0.63000000
2018-02-23 07:16:29,0.08473200,0.02000000
2018-02-23 07:16:30,0.08473200,1.35000000
2018-02-23 07:16:30,0.08471400,0.80900000
2018-02-23 07:16:30,0.08471400,1.39200000
2018-02-23 07:16:30,0.08471400,0.37200000
2018-02-23 07:16:30,0.08471000,0.81400000
2018-02-23 07:16:30,0.08470900,2.16200000
2018-02-23 07:16:30,0.08468800,0.09900000
2018-02-23 07:16:30,0.08468700,0.40000000
2018-02-23 07:16:30,0.08468000,0.89400000
2018-02-23 07:16:30,0.08468000,0.54600000
2018-02-23 07:16:30,0.08465000,4.38100000
2018-02-23 07:16:30,0.08464900,1.21200000
2018-02-23 07:16:30,0.08463700,0.23500000
2018-02-23 07:16:30,0.08463600,0.31300000
2018-02-23 07:16:31,0.08471400,0.40000000
2018-02-23 07:16:31,0.08464000,0.59000000
2018-02-23 07:16:35,0.08470800,0.10300000
2018-02-23 07:16:35,0.08471000,0.01500000
2018-02-23 07:16:37,0.08469000,0.23200000
2018-02-23 07:16:38,0.08468900,0.10600000
2018-02-23 07:16:38,0.08469000,0.29400000
2018-02-23 07:16:39,0.08468000,0.25600000
2018-02-23 07:16:39,0.08468000,0.15000000
2018-02-23 07:16:40,0.08469000,0.21400000
2018-02-23 07:16:40,0.08469000,0.02000000
2018-02-23 07:16:40,0.08469000,0.03000000
2018-02-23 07:16:40,0.08469000,0.10000000
2018-02-23 07:16:40,0.08469000,0.03000000
2018-02-23 07:16:40,0.08469000,0.03000000
2018-02-23 07:16:40,0.08469000,0.01400000
2018-02-23 07:16:44,0.08468000,0.11300000
2018-02-23 07:16:44,0.08467700,0.12600000
2018-02-23 07:16:44,0.08467700,0.11300000
2018-02-23 07:16:44,0.08467700,0.00100000
2018-02-23 07:16:45,0.08468700,0.12600000
2018-02-23 07:16:45,0.08468800,2.11700000
2018-02-23 07:16:45,0.08464400,0.32300000
2018-02-23 07:16:46,0.08464600,0.05000000
2018-02-23 07:16:46,0.08464500,0.07300000
2018-02-23 07:16:46,0.08464600,0.12300000
2018-02-23 07:16:46,0.08464600,0.00700000
2018-02-23 07:16:46,0.08464500,0.14900000
2018-02-23 07:16:46,0.08464700,0.15000000
2018-02-23 07:16:53,0.08467900,0.11800000
2018-02-23 07:16:53,0.08465100,0.65800000
2018-02-23 07:16:53,0.08465000,0.07900000
2018-02-23 07:16:54,0.08465000,1.03800000
2018-02-23 07:16:54,0.08465000,0.67100000
2018-02-23 07:16:55,0.08465000,0.70500000
2018-02-23 07:16:58,0.08467500,0.10000000
2018-02-23 07:16:58,0.08465000,0.04700000
2018-02-23 07:16:58,0.08467500,0.00100000
2018-02-23 07:16:58,0.08467900,0.10000000
2018-02-23 07:16:58,0.08467800,0.10000000
2018-02-23 07:16:58,0.08467500,0.10100000
2018-02-23 07:16:58,0.08465000,0.99600000
2018-02-23 07:16:58,0.08464600,0.01800000
2018-02-23 07:16:58,0.08464400,0.71100000
2018-02-23 07:16:58,0.08464200,0.04800000
2018-02-23 07:16:58,0.08464000,0.02500000
2018-02-23 07:16:58,0.08467900,0.03700000
2018-02-23 07:16:58,0.08467900,0.00100000
2018-02-23 07:16:58,0.08468000,5.09900000
2018-02-23 07:16:58,0.08468700,0.19700000
2018-02-23 07:16:58,0.08468900,0.04800000
2018-02-23 07:16:58,0.08469200,0.02700000
2018-02-23 07:16:58,0.08470800,0.13000000
2018-02-23 07:16:58,0.08471200,0.34600000
2018-02-23 07:16:58,0.08471400,0.78400000
2018-02-23 07:16:58,0.08471600,0.05000000
2018-02-23 07:16:58,0.08473200,0.17500000
2018-02-23 07:16:58,0.08473300,0.09500000
2018-02-23 07:16:58,0.08473700,0.88800000
2018-02-23 07:16:58,0.08474000,0.02000000
2018-02-23 07:16:58,0.08474600,1.17800000
2018-02-23 07:16:58,0.08475000,0.19000000
2018-02-23 07:16:58,0.08475300,0.02000000
2018-02-23 07:16:58,0.08475600,0.02000000
2018-02-23 07:16:58,0.08475700,0.02000000
2018-02-23 07:16:58,0.08475800,0.02000000
2018-02-23 07:16:58,0.08475800,0.03000000
2018-02-23 07:16:58,0.08475800,0.10000000
2018-02-23 07:16:59,0.08475800,0.02000000
2018-02-23 07:16:59,0.08475800,0.03000000
2018-02-23 07:16:59,0.08475800,0.00900000
2018-02-23 07:16:59,0.08468000,0.43000000
2018-02-23 07:16:59,0.08468000,0.26000000
2018-02-23 07:16:59,0.08467900,0.03700000
2018-02-23 07:16:59,0.08464000,0.29800000
2018-02-23 07:16:59,0.08468100,0.10600000
2018-02-23 07:16:59,0.08468000,0.12000000
2018-02-23 07:16:59,0.08464000,0.18900000
2018-02-23 07:17:00,0.08471400,0.06600000
2018-02-23 07:17:04,0.08471300,0.10600000
2018-02-23 07:17:04,0.08471400,0.01200000
2018-02-23 07:17:05,0.08468600,0.00600000
2018-02-23 07:17:05,0.08468600,0.00500000
2018-02-23 07:17:06,0.08468700,0.00500000
2018-02-23 07:17:06,0.08468700,0.09400000
2018-02-23 07:17:06,0.08468600,0.54400000
2018-02-23 07:17:07,0.08468600,0.20000000
2018-02-23 07:17:07,0.08468400,2.00400000
2018-02-23 07:17:07,0.08468400,1.36600000
2018-02-23 07:17:07,0.08468300,0.04800000
2018-02-23 07:17:07,0.08464200,1.80700000
2018-02-23 07:17:07,0.08464000,0.39800000
2018-02-23 07:17:07,0.08468600,0.01300000
2018-02-23 07:17:07,0.08468600,0.08700000
2018-02-23 07:17:07,0.08464000,0.13700000
2018-02-23 07:17:07,0.08463600,0.22800000
2018-02-23 07:17:07,0.08468600,0.05100000
2018-02-23 07:17:07,0.08468600,0.03000000
2018-02-23 07:17:07,0.08468600,0.01800000
2018-02-23 07:17:08,0.08468700,0.04900000
2018-02-23 07:17:08,0.08463600,0.07400000
2018-02-23 07:17:08,0.08468000,4.95100000
2018-02-23 07:17:08,0.08468600,0.04900000
2018-02-23 07:17:08,0.08468400,0.06600000
2018-02-23 07:17:10,0.08468600,0.99400000
2018-02-23 07:17:10,0.08468600,0.00600000
2018-02-23 07:17:11,0.08468600,0.10600000
2018-02-23 07:17:11,0.08468700,0.17000000
2018-02-23 07:17:11,0.08468600,0.09900000
2018-02-23 07:17:11,0.08468700,0.17000000
2018-02-23 07:17:11,0.08468600,0.35300000
2018-02-23 07:17:11,0.08468600,0.35000000
2018-02-23 07:17:11,0.08468600,1.00100000
2018-02-23 07:17:12,0.08468600,0.09900000
2018-02-23 07:17:12,0.08468600,0.02000000
2018-02-23 07:17:12,0.08468700,0.01200000
2018-02-23 07:17:14,0.08468700,1.47500000
2018-02-23 07:17:14,0.08470000,1.35500000
2018-02-23 07:17:14,0.08470000,0.39100000
2018-02-23 07:17:14,0.08470000,0.55800000
2018-02-23 07:17:14,0.08470000,0.39100000
2018-02-23 07:17:14,0.08470000,0.02000000
2018-02-23 07:17:14,0.08470000,0.05100000
2018-02-23 07:17:14,0.08470000,0.25700000
2018-02-23 07:17:14,0.08470000,0.25700000
2018-02-23 07:17:14,0.08470000,0.11000000
2018-02-23 07:17:14,0.08470000,0.25700000
2018-02-23 07:17:15,0.08470000,0.79100000
2018-02-23 07:17:16,0.08470000,0.60900000
2018-02-23 07:17:16,0.08470800,0.40000000
2018-02-23 07:17:17,0.08470000,0.00700000
2018-02-23 07:17:17,0.08470000,0.02000000
2018-02-23 07:17:17,0.08470000,1.00000000
2018-02-23 07:17:18,0.08470000,0.29900000
2018-02-23 07:17:18,0.08470000,0.30100000
2018-02-23 07:17:18,0.08470000,0.30100000
2018-02-23 07:17:18,0.08470000,0.30000000
2018-02-23 07:17:20,0.08470000,1.94100000
2018-02-23 07:17:20,0.08468700,3.55000000
2018-02-23 07:17:20,0.08468600,2.92300000
2018-02-23 07:17:20,0.08468300,0.18500000
2018-02-23 07:17:20,0.08468300,0.02000000
2018-02-23 07:17:21,0.08468300,9.00000000
2018-02-23 07:17:22,0.08468600,0.02000000
2018-02-23 07:17:22,0.08468700,0.02000000
2018-02-23 07:17:22,0.08470800,0.03100000
2018-02-23 07:17:26,0.08468300,1.87900000
2018-02-23 07:17:26,0.08468300,0.02000000
2018-02-23 07:17:26,0.08468600,0.02000000
2018-02-23 07:17:26,0.08468700,0.02000000
2018-02-23 07:17:26,0.08470700,0.04700000
2018-02-23 07:17:26,0.08470800,0.18900000
2018-02-23 07:17:26,0.08471200,0.12400000
2018-02-23 07:17:26,0.08468600,0.02000000
2018-02-23 07:17:26,0.08468700,0.02000000
2018-02-23 07:17:26,0.08471200,0.36000000
2018-02-23 07:17:28,0.08468500,0.40000000
2018-02-23 07:17:28,0.08468500,0.40000000
2018-02-23 07:17:29,0.08468500,0.11800000
2018-02-23 07:17:30,0.08468500,0.15000000
2018-02-23 07:17:30,0.08468600,0.02000000
2018-02-23 07:17:30,0.08468600,0.02000000
2018-02-23 07:17:31,0.08468700,0.02000000
2018-02-23 07:17:31,0.08470700,0.02000000
2018-02-23 07:17:31,0.08470800,0.02000000
2018-02-23 07:17:31,0.08471200,0.05800000
2018-02-23 07:17:31,0.08468600,0.04800000
2018-02-23 07:17:31,0.08468600,0.04800000
2018-02-23 07:17:31,0.08468600,0.04800000
2018-02-23 07:17:32,0.08468700,0.02000000
2018-02-23 07:17:32,0.08470700,0.02000000
2018-02-23 07:17:32,0.08470800,0.02000000
2018-02-23 07:17:32,0.08471200,0.34000000
2018-02-23 07:17:32,0.08468600,0.02000000
2018-02-23 07:17:32,0.08468600,0.02400000
2018-02-23 07:17:32,0.08468600,0.02400000
2018-02-23 07:17:32,0.08468600,0.02000000
2018-02-23 07:17:34,0.08468600,0.40600000
2018-02-23 07:17:36,0.08468700,0.02000000
2018-02-23 07:17:36,0.08470000,0.17200000
2018-02-23 07:17:36,0.08470700,0.02000000
2018-02-23 07:17:36,0.08470800,0.02000000
2018-02-23 07:17:36,0.08471200,0.11200000
2018-02-23 07:17:36,0.08471300,0.05600000
2018-02-23 07:17:37,0.08468600,0.32400000
2018-02-23 07:17:37,0.08468700,0.02000000
2018-02-23 07:17:37,0.08470000,0.02000000
2018-02-23 07:17:37,0.08470700,0.02000000
2018-02-23 07:17:37,0.08470800,0.02000000
2018-02-23 07:17:37,0.08471200,0.02000000
2018-02-23 07:17:37,0.08471300,0.49000000
2018-02-23 07:17:37,0.08468600,0.02000000
2018-02-23 07:17:37,0.08468600,0.02000000
2018-02-23 07:17:37,0.08468700,0.02000000
2018-02-23 07:17:38,0.08468700,0.02000000
2018-02-23 07:17:38,0.08470000,0.02000000
2018-02-23 07:17:38,0.08470700,0.02000000
2018-02-23 07:17:38,0.08470800,0.02000000
2018-02-23 07:17:38,0.08471200,0.02000000
2018-02-23 07:17:38,0.08471300,0.32000000
2018-02-23 07:17:39,0.08470000,0.02000000
2018-02-23 07:17:39,0.08470700,0.02000000
2018-02-23 07:17:39,0.08470800,0.02000000
2018-02-23 07:17:39,0.08471200,0.02000000
2018-02-23 07:17:39,0.08471300,0.03800000
2018-02-23 07:17:39,0.08470000,0.02000000
2018-02-23 07:17:39,0.08470700,0.02000000
2018-02-23 07:17:39,0.08470800,0.02000000
2018-02-23 07:17:39,0.08471000,0.02000000
2018-02-23 07:17:39,0.08471000,0.32000000
2018-02-23 07:17:39,0.08468700,0.14500000
2018-02-23 07:17:40,0.08468700,0.55700000
2018-02-23 07:17:42,0.08468600,0.11200000
2018-02-23 07:17:43,0.08468600,0.02000000
2018-02-23 07:17:43,0.08468600,0.03000000
2018-02-23 07:17:43,0.08468700,0.40000000
2018-02-23 07:17:44,0.08468600,0.35200000
2018-02-23 07:17:44,0.08468600,0.02000000
2018-02-23 07:17:45,0.08468700,0.11800000
2018-02-23 07:17:45,0.08468700,0.40000000
2018-02-23 07:17:45,0.08468600,0.19900000
2018-02-23 07:17:45,0.08468600,0.02000000
2018-02-23 07:17:49,0.08468600,0.22400000
2018-02-23 07:17:49,0.08468600,0.59100000
2018-02-23 07:17:50,0.08468700,0.21700000
2018-02-23 07:17:50,0.08468600,0.14500000
