DATE,PRICE,VOLUME
2018-03-01 09:00:00,0.08164400,0.01400000
2018-03-01 09:00:00,0.08164100,0.01500000
2018-03-01 09:00:00,0.08164000,1.79300000
2018-03-01 09:00:00,0.08153200,1.37600000
2018-03-01 09:00:00,0.08152000,0.00500000
2018-03-01 09:00:00,0.08151900,0.41900000
2018-03-01 09:00:01,0.08164000,0.00400000
2018-03-01 09:00:01,0.08164400,0.00100000
2018-03-01 09:00:01,0.08164500,0.00100000
2018-03-01 09:00:01,0.08164600,0.01800000
2018-03-01 09:00:01,0.08164600,0.01300000
2018-03-01 09:00:01,0.08161600,0.07500000
2018-03-01 09:00:01,0.08161600,0.05800000
2018-03-01 09:00:02,0.08161400,0.20000000
2018-03-01 09:00:02,0.08155900,0.20000000
2018-03-01 09:00:02,0.08155800,1.33300000
2018-03-01 09:00:02,0.08153200,0.32200000
2018-03-01 09:00:02,0.08155900,0.10000000
2018-03-01 09:00:02,0.08153200,0.07800000
2018-03-01 09:00:02,0.08152300,0.01500000
2018-03-01 09:00:02,0.08152200,0.49700000
2018-03-01 09:00:03,0.08164500,0.04000000
2018-03-01 09:00:05,0.08164400,0.20500000
2018-03-01 09:00:05,0.08164400,0.86400000
2018-03-01 09:00:05,0.08164300,0.01900000
2018-03-01 09:00:05,0.08164300,0.00100000
2018-03-01 09:00:05,0.08164400,0.00100000
2018-03-01 09:00:05,0.08164500,0.15800000
2018-03-01 09:00:05,0.08164600,0.02900000
2018-03-01 09:00:06,0.08165600,0.05900000
2018-03-01 09:00:06,0.08164800,0.08700000
2018-03-01 09:00:06,0.08164800,0.01700000
2018-03-01 09:00:06,0.08164800,0.08300000
2018-03-01 09:00:06,0.08156200,0.01500000
2018-03-01 09:00:06,0.08156000,0.01500000
2018-03-01 09:00:06,0.08154700,0.02000000
2018-03-01 09:00:06,0.08154600,0.05300000
2018-03-01 09:00:06,0.08154700,0.02000000
2018-03-01 09:00:06,0.08154600,0.16600000
2018-03-01 09:00:06,0.08165500,0.22900000
2018-03-01 09:00:06,0.08164200,0.01500000
2018-03-01 09:00:06,0.08165200,0.00500000
2018-03-01 09:00:07,0.08164000,0.01900000
2018-03-01 09:00:08,0.08165400,0.01900000
2018-03-01 09:00:08,0.08155000,0.24400000
2018-03-01 09:00:08,0.08155000,0.33400000
2018-03-01 09:00:08,0.08155000,0.05200000
2018-03-01 09:00:08,0.08154800,0.00100000
2018-03-01 09:00:08,0.08155000,0.20000000
2018-03-01 09:00:08,0.08154800,0.01500000
2018-03-01 09:00:08,0.08154000,0.17400000
2018-03-01 09:00:08,0.08155100,0.58100000
2018-03-01 09:00:09,0.08155100,0.35900000
2018-03-01 09:00:09,0.08161000,0.13400000
2018-03-01 09:00:09,0.08155100,0.75400000
2018-03-01 09:00:09,0.08155000,0.17000000
2018-03-01 09:00:09,0.08154000,0.01700000
2018-03-01 09:00:09,0.08163900,0.01400000
2018-03-01 09:00:09,0.08163900,0.01400000
2018-03-01 09:00:09,0.08154900,0.01100000
2018-03-01 09:00:09,0.08163900,0.00700000
2018-03-01 09:00:09,0.08164900,0.37400000
2018-03-01 09:00:09,0.08163900,0.01900000
2018-03-01 09:00:09,0.08163900,0.00100000
2018-03-01 09:00:09,0.08164900,0.01800000
2018-03-01 09:00:10,0.08163900,0.02000000
2018-03-01 09:00:10,0.08164900,0.01900000
2018-03-01 09:00:10,0.08164900,0.01900000
2018-03-01 09:00:10,0.08164800,0.01900000
2018-03-01 09:00:10,0.08164800,0.16100000
2018-03-01 09:00:10,0.08164800,0.16000000
2018-03-01 09:00:10,0.08164800,0.17900000
2018-03-01 09:00:10,0.08164700,1.87600000
2018-03-01 09:00:10,0.08164700,1.19100000
2018-03-01 09:00:10,0.08164700,0.88500000
2018-03-01 09:00:10,0.08164800,0.70400000
2018-03-01 09:00:10,0.08164700,0.01500000
2018-03-01 09:00:10,0.08164800,0.10300000
2018-03-01 09:00:11,0.08164800,1.22500000
2018-03-01 09:00:11,0.08164800,0.06000000
2018-03-01 09:00:11,0.08164800,0.40100000
2018-03-01 09:00:11,0.08164800,1.29800000
2018-03-01 09:00:11,0.08164400,0.41800000
2018-03-01 09:00:11,0.08156200,0.14600000
2018-03-01 09:00:11,0.08164400,1.24800000
2018-03-01 09:00:11,0.08156200,0.05200000
2018-03-01 09:00:12,0.08164400,1.22500000
2018-03-01 09:00:12,0.08164400,2.10800000
2018-03-01 09:00:12,0.08156200,0.03400000
2018-03-01 09:00:12,0.08156200,0.75300000
2018-03-01 09:00:13,0.08164000,0.38000000
2018-03-01 09:00:13,0.08164900,0.08500000
2018-03-01 09:00:13,0.08163900,0.01500000
2018-03-01 09:00:13,0.08164900,0.09500000
2018-03-01 09:00:13,0.08164900,0.25800000
2018-03-01 09:00:14,0.08164800,0.85300000
2018-03-01 09:00:14,0.08156600,1.08300000
2018-03-01 09:00:14,0.08156500,0.06700000
2018-03-01 09:00:16,0.08164800,0.04400000
2018-03-01 09:00:17,0.08164700,0.01900000
2018-03-01 09:00:17,0.08164800,0.29100000
2018-03-01 09:00:17,0.08164800,0.14700000
2018-03-01 09:00:18,0.08164800,0.06400000
2018-03-01 09:00:18,0.08164600,0.21500000
2018-03-01 09:00:18,0.08157100,0.01500000
2018-03-01 09:00:18,0.08156700,0.01500000
2018-03-01 09:00:18,0.08156400,0.01500000
2018-03-01 09:00:18,0.08156100,0.02000000
2018-03-01 09:00:18,0.08155300,1.30000000
2018-03-01 09:00:19,0.08164600,0.07400000
2018-03-01 09:00:19,0.08164600,0.00100000
2018-03-01 09:00:19,0.08164700,0.01500000
2018-03-01 09:00:19,0.08164800,0.05800000
2018-03-01 09:00:19,0.08164800,0.09600000
2018-03-01 09:00:19,0.08164800,0.22000000
2018-03-01 09:00:19,0.08157900,0.15500000
2018-03-01 09:00:20,0.08164800,0.03400000
2018-03-01 09:00:20,0.08157900,0.37500000
2018-03-01 09:00:20,0.08156200,0.18400000
2018-03-01 09:00:20,0.08156200,1.28500000
2018-03-01 09:00:20,0.08156300,0.01300000
2018-03-01 09:00:21,0.08156300,0.05500000
2018-03-01 09:00:21,0.08156600,0.19000000
2018-03-01 09:00:22,0.08156600,0.06800000
2018-03-01 09:00:22,0.08156600,0.13800000
2018-03-01 09:00:25,0.08164500,0.01400000
2018-03-01 09:00:25,0.08158300,0.82400000
2018-03-01 09:00:27,0.08158400,0.01400000
2018-03-01 09:00:27,0.08164400,0.01400000
2018-03-01 09:00:28,0.08164400,0.00100000
2018-03-01 09:00:28,0.08164500,0.00100000
2018-03-01 09:00:28,0.08164600,0.01500000
2018-03-01 09:00:28,0.08164700,0.18300000
2018-03-01 09:00:28,0.08164800,0.18800000
2018-03-01 09:00:28,0.08164800,0.88100000
2018-03-01 09:00:28,0.08165500,0.08500000
2018-03-01 09:00:29,0.08165500,0.05600000
2018-03-01 09:00:29,0.08164400,0.04600000
2018-03-01 09:00:29,0.08165400,0.09400000
2018-03-01 09:00:30,0.08164400,0.00300000
2018-03-01 09:00:30,0.08158500,0.01500000
2018-03-01 09:00:30,0.08158400,0.00100000
2018-03-01 09:00:30,0.08158300,0.00400000
2018-03-01 09:00:30,0.08156800,0.01500000
2018-03-01 09:00:30,0.08156400,4.04000000
2018-03-01 09:00:30,0.08156300,0.24300000
2018-03-01 09:00:30,0.08156000,0.02000000
2018-03-01 09:00:30,0.08155200,0.18000000
2018-03-01 09:00:30,0.08154800,0.47800000
2018-03-01 09:00:31,0.08165400,0.04900000
2018-03-01 09:00:31,0.08165400,0.05800000
2018-03-01 09:00:31,0.08164500,0.01400000
2018-03-01 09:00:31,0.08164500,0.00100000
2018-03-01 09:00:31,0.08156100,0.81900000
2018-03-01 09:00:31,0.08165300,0.09100000
2018-03-01 09:00:31,0.08156100,1.85500000
2018-03-01 09:00:32,0.08156100,1.27900000
2018-03-01 09:00:32,0.08165300,0.09400000
2018-03-01 09:00:32,0.08156200,0.01700000
2018-03-01 09:00:33,0.08156300,0.18400000
2018-03-01 09:00:33,0.08165200,0.01900000
2018-03-01 09:00:33,0.08165200,0.02600000
2018-03-01 09:00:33,0.08165200,0.00600000
2018-03-01 09:00:33,0.08165200,0.04200000
2018-03-01 09:00:33,0.08165200,0.00100000
2018-03-01 09:00:33,0.08156300,0.00200000
2018-03-01 09:00:33,0.08156000,0.02600000
2018-03-01 09:00:33,0.08165300,0.05100000
2018-03-01 09:00:33,0.08165300,1.23300000
2018-03-01 09:00:34,0.08165400,0.30700000
2018-03-01 09:00:34,0.08165400,0.08100000
2018-03-01 09:00:34,0.08165500,0.31800000
2018-03-01 09:00:34,0.08165400,0.05000000
2018-03-01 09:00:34,0.08165500,0.10000000
2018-03-01 09:00:34,0.08165600,0.14900000
2018-03-01 09:00:35,0.08165100,1.08400000
2018-03-01 09:00:35,0.08165200,0.18500000
2018-03-01 09:00:35,0.08156300,0.01400000
2018-03-01 09:00:35,0.08156400,0.10200000
2018-03-01 09:00:35,0.08156400,0.08000000
2018-03-01 09:00:36,0.08156500,0.03400000
2018-03-01 09:00:36,0.08156500,0.00100000
2018-03-01 09:00:36,0.08156400,0.03200000
2018-03-01 09:00:36,0.08156500,0.01700000
2018-03-01 09:00:37,0.08156600,0.01700000
2018-03-01 09:00:37,0.08156600,0.00300000
2018-03-01 09:00:37,0.08156500,1.28500000
2018-03-01 09:00:37,0.08156300,0.00100000
2018-03-01 09:00:37,0.08156200,0.40000000
2018-03-01 09:00:37,0.08156000,0.01100000
2018-03-01 09:00:37,0.08155200,0.18000000
2018-03-01 09:00:37,0.08154700,0.19400000
2018-03-01 09:00:37,0.08156600,0.02000000
2018-03-01 09:00:37,0.08155200,0.10000000
2018-03-01 09:00:37,0.08154700,1.97200000
2018-03-01 09:00:37,0.08156600,0.02000000
2018-03-01 09:00:37,0.08155200,0.18000000
2018-03-01 09:00:37,0.08154700,1.80000000
2018-03-01 09:00:37,0.08156600,0.02000000
2018-03-01 09:00:37,0.08155200,0.18000000
2018-03-01 09:00:37,0.08154700,1.26900000
2018-03-01 09:00:37,0.08165100,0.23200000
2018-03-01 09:00:38,0.08165100,0.18800000
2018-03-01 09:00:38,0.08156700,0.20100000
2018-03-01 09:00:38,0.08156000,0.02000000
2018-03-01 09:00:38,0.08155200,0.18000000
2018-03-01 09:00:38,0.08154700,0.41900000
2018-03-01 09:00:39,0.08164600,0.02000000
2018-03-01 09:00:39,0.08164700,1.20500000
2018-03-01 09:00:39,0.08164600,0.02000000
2018-03-01 09:00:39,0.08155600,0.02000000
2018-03-01 09:00:39,0.08154800,0.15000000
2018-03-01 09:00:39,0.08154700,0.06700000
2018-03-01 09:00:39,0.08164600,0.01600000
2018-03-01 09:00:39,0.08164600,0.00400000
2018-03-01 09:00:39,0.08164600,0.02000000
2018-03-01 09:00:39,0.08164600,0.00100000
2018-03-01 09:00:39,0.08164600,0.20500000
2018-03-01 09:00:39,0.08164700,0.19500000
2018-03-01 09:00:40,0.08164600,0.02000000
2018-03-01 09:00:40,0.08164700,2.31900000
2018-03-01 09:00:42,0.08157000,0.04400000
2018-03-01 09:00:42,0.08156900,0.01500000
2018-03-01 09:00:42,0.08155600,0.02000000
2018-03-01 09:00:42,0.08155000,0.15800000
2018-03-01 09:00:42,0.08155600,0.02000000
2018-03-01 09:00:42,0.08155000,0.03100000
2018-03-01 09:00:43,0.08164600,0.06300000
2018-03-01 09:00:44,0.08155700,0.07200000
2018-03-01 09:00:44,0.08164500,0.01400000
2018-03-01 09:00:44,0.08155800,0.02000000
2018-03-01 09:00:44,0.08155700,0.17300000
2018-03-01 09:00:44,0.08155700,0.01900000
2018-03-01 09:00:44,0.08155800,0.02000000
2018-03-01 09:00:44,0.08155700,0.57000000
2018-03-01 09:00:44,0.08155800,0.02000000
2018-03-01 09:00:44,0.08155700,0.04500000
2018-03-01 09:00:45,0.08155800,0.01900000
2018-03-01 09:00:45,0.08155800,0.00100000
2018-03-01 09:00:45,0.08155700,0.01800000
2018-03-01 09:00:45,0.08155800,0.02000000
2018-03-01 09:00:45,0.08155700,0.01000000
2018-03-01 09:00:45,0.08155800,0.01700000
2018-03-01 09:00:45,0.08155800,0.00300000
2018-03-01 09:00:45,0.08155700,0.02600000
2018-03-01 09:00:46,0.08155800,0.01900000
2018-03-01 09:00:46,0.08164300,0.03500000
2018-03-01 09:00:46,0.08164400,0.00500000
2018-03-01 09:00:46,0.08155900,0.07700000
2018-03-01 09:00:46,0.08155900,0.07700000
2018-03-01 09:00:46,0.08155900,0.03200000
2018-03-01 09:00:46,0.08155700,0.02500000
2018-03-01 09:00:46,0.08155600,0.02000000
2018-03-01 09:00:46,0.08154800,0.10800000
2018-03-01 09:00:47,0.08155600,0.01300000
2018-03-01 09:00:47,0.08164300,0.01900000
2018-03-01 09:00:47,0.08164300,0.00100000
2018-03-01 09:00:47,0.08164100,0.11000000
2018-03-01 09:00:48,0.08164100,0.05400000
2018-03-01 09:00:48,0.08164100,0.04000000
2018-03-01 09:00:49,0.08155700,0.16800000
2018-03-01 09:00:49,0.08155900,0.06400000
2018-03-01 09:00:49,0.08164200,0.01500000
2018-03-01 09:00:49,0.08164400,0.04800000
2018-03-01 09:00:49,0.08164400,0.06300000
2018-03-01 09:00:49,0.08164400,0.06300000
2018-03-01 09:00:49,0.08164400,0.06300000
2018-03-01 09:00:49,0.08164400,0.04100000
2018-03-01 09:00:49,0.08164400,0.06300000
2018-03-01 09:00:49,0.08164400,0.04900000
2018-03-01 09:00:49,0.08164400,0.06300000
2018-03-01 09:00:49,0.08164400,0.01800000
2018-03-01 09:00:49,0.08164400,0.06300000
2018-03-01 09:00:49,0.08164400,0.02200000
2018-03-01 09:00:50,0.08164400,0.17600000
2018-03-01 09:00:50,0.08156300,0.69300000
2018-03-01 09:00:51,0.08164300,0.01500000
2018-03-01 09:00:51,0.08164400,0.00500000
2018-03-01 09:00:51,0.08164400,0.05800000
2018-03-01 09:00:51,0.08156300,0.13100000
2018-03-01 09:00:51,0.08164400,0.02700000
2018-03-01 09:00:51,0.08164400,0.04600000
2018-03-01 09:00:51,0.08164400,0.41300000
2018-03-01 09:00:51,0.08164500,0.67500000
2018-03-01 09:00:52,0.08164500,0.23200000
2018-03-01 09:00:52,0.08164900,0.17900000
2018-03-01 09:00:52,0.08164900,0.00400000
2018-03-01 09:00:52,0.08165000,0.02000000
2018-03-01 09:00:52,0.08165600,0.05000000
2018-03-01 09:00:52,0.08165000,0.01300000
2018-03-01 09:00:53,0.08164300,0.01500000
2018-03-01 09:00:53,0.08165200,0.00500000
2018-03-01 09:00:54,0.08165200,0.19000000
2018-03-01 09:00:54,0.08165200,0.18400000
2018-03-01 09:00:54,0.08165000,0.16700000
2018-03-01 09:00:55,0.08165000,0.27600000
2018-03-01 09:00:55,0.08165000,0.30200000
2018-03-01 09:00:56,0.08165000,0.06900000
2018-03-01 09:00:56,0.08157200,0.16100000
2018-03-01 09:00:58,0.08164600,0.43200000
2018-03-01 09:00:59,0.08157600,0.01900000
2018-03-01 09:00:59,0.08164500,0.01400000
2018-03-01 09:01:01,0.08159600,0.02400000
2018-03-01 09:01:01,0.08159600,0.04000000
2018-03-01 09:01:01,0.08159600,0.03900000
2018-03-01 09:01:01,0.08159600,0.02100000
2018-03-01 09:01:01,0.08164400,0.01500000
2018-03-01 09:01:01,0.08164500,0.02100000
2018-03-01 09:01:01,0.08164600,0.00400000
2018-03-01 09:01:01,0.08164900,0.01500000
2018-03-01 09:01:01,0.08165400,0.02300000
2018-03-01 09:01:01,0.08164500,0.01900000
2018-03-01 09:01:02,0.08157500,0.01500000
2018-03-01 09:01:02,0.08157400,0.01500000
2018-03-01 09:01:02,0.08165400,0.01300000
2018-03-01 09:01:02,0.08164700,0.01800000
2018-03-01 09:01:02,0.08164700,0.00200000
2018-03-01 09:01:02,0.08165400,0.01500000
2018-03-01 09:01:02,0.08164700,0.01800000
2018-03-01 09:01:02,0.08164700,0.00200000
2018-03-01 09:01:02,0.08165400,0.01500000
2018-03-01 09:01:02,0.08165400,0.01900000
2018-03-01 09:01:02,0.08165400,0.18000000
2018-03-01 09:01:03,0.08165400,0.97800000
2018-03-01 09:01:03,0.08156400,0.19900000
2018-03-01 09:01:03,0.08156400,0.10000000
2018-03-01 09:01:04,0.08156400,0.05100000
2018-03-01 09:01:04,0.08164600,0.01400000
2018-03-01 09:01:04,0.08164600,0.00100000
2018-03-01 09:01:04,0.08165400,0.00100000
2018-03-01 09:01:04,0.08165600,0.01200000
2018-03-01 09:01:04,0.08165600,0.01400000
2018-03-01 09:01:04,0.08165600,0.14900000
2018-03-01 09:01:05,0.08165600,0.02100000
2018-03-01 09:01:05,0.08166200,0.01400000
2018-03-01 09:01:05,0.08166400,0.08700000
2018-03-01 09:01:05,0.08165600,0.02000000
2018-03-01 09:01:05,0.08166400,0.56200000
2018-03-01 09:01:05,0.08166400,0.01900000
2018-03-01 09:01:06,0.08166300,0.22100000
2018-03-01 09:01:07,0.08166300,0.18000000
2018-03-01 09:01:07,0.08166300,0.02400000
2018-03-01 09:01:07,0.08157300,0.38400000
2018-03-01 09:01:08,0.08157500,0.05200000
2018-03-01 09:01:08,0.08166900,0.03600000
2018-03-01 09:01:08,0.08166900,0.19400000
2018-03-01 09:01:08,0.08157600,0.01200000
2018-03-01 09:01:09,0.08166900,0.04800000
2018-03-01 09:01:09,0.08166900,0.00400000
2018-03-01 09:01:09,0.08167000,0.01500000
2018-03-01 09:01:09,0.08157800,0.02000000
2018-03-01 09:01:09,0.08157700,0.14500000
2018-03-01 09:01:09,0.08158000,0.02600000
2018-03-01 09:01:10,0.08158000,0.12300000
2018-03-01 09:01:10,0.08158000,0.12400000
2018-03-01 09:01:10,0.08158000,0.05600000
2018-03-01 09:01:10,0.08158000,0.05100000
2018-03-01 09:01:10,0.08157700,0.13900000
2018-03-01 09:01:10,0.08157800,0.04000000
2018-03-01 09:01:10,0.08157800,0.00600000
2018-03-01 09:01:10,0.08164000,0.32000000
2018-03-01 09:01:10,0.08164600,0.54600000
2018-03-01 09:01:11,0.08164600,0.01700000
2018-03-01 09:01:12,0.08163900,0.01500000
2018-03-01 09:01:12,0.08164000,0.00500000
2018-03-01 09:01:12,0.08157800,0.01500000
2018-03-01 09:01:12,0.08155600,0.01500000
2018-03-01 09:01:12,0.08155500,0.01900000
2018-03-01 09:01:13,0.08163900,3.74000000
2018-03-01 09:01:13,0.08164000,0.04900000
2018-03-01 09:01:14,0.08164000,0.02500000
2018-03-01 09:01:14,0.08155600,0.04300000
2018-03-01 09:01:14,0.08163800,0.01600000
2018-03-01 09:01:14,0.08163900,0.01500000
2018-03-01 09:01:14,0.08164100,0.00500000
2018-03-01 09:01:15,0.08163700,0.02800000
2018-03-01 09:01:15,0.08157300,0.26000000
2018-03-01 09:01:15,0.08157300,0.38500000
2018-03-01 09:01:15,0.08163700,0.58200000
2018-03-01 09:01:16,0.08163700,0.04900000
2018-03-01 09:01:16,0.08163600,0.01700000
2018-03-01 09:01:16,0.08157300,0.04800000
2018-03-01 09:01:16,0.08157300,0.04800000
2018-03-01 09:01:16,0.08157300,0.19900000
2018-03-01 09:01:16,0.08163500,0.02000000
2018-03-01 09:01:16,0.08157300,0.01300000
2018-03-01 09:01:16,0.08163600,0.50000000
2018-03-01 09:01:17,0.08163600,0.07000000
2018-03-01 09:01:17,0.08163600,0.03800000
2018-03-01 09:01:17,0.08163600,0.01500000
2018-03-01 09:01:17,0.08164600,0.03300000
2018-03-01 09:01:18,0.08157300,0.09900000
2018-03-01 09:01:18,0.08155100,0.02000000
2018-03-01 09:01:18,0.08155000,0.03600000
2018-03-01 09:01:18,0.08154800,0.10700000
2018-03-01 09:01:18,0.08154700,5.45300000
2018-03-01 09:01:18,0.08154300,0.18000000
2018-03-01 09:01:18,0.08153900,0.01400000
2018-03-01 09:01:18,0.08153800,0.06000000
2018-03-01 09:01:18,0.08153200,0.77100000
2018-03-01 09:01:18,0.08152900,0.06000000
2018-03-01 09:01:18,0.08152800,0.41600000
2018-03-01 09:01:18,0.08152600,0.40500000
2018-03-01 09:01:18,0.08152500,1.21900000
2018-03-01 09:01:19,0.08164300,0.05000000
2018-03-01 09:01:19,0.08164300,0.30000000
2018-03-01 09:01:19,0.08164200,0.21700000
2018-03-01 09:01:19,0.08164200,0.21700000
2018-03-01 09:01:19,0.08164200,0.07800000
2018-03-01 09:01:20,0.08164100,0.02800000
2018-03-01 09:01:20,0.08155000,0.38700000
2018-03-01 09:01:20,0.08164100,0.16000000
2018-03-01 09:01:20,0.08164200,2.83000000
2018-03-01 09:01:20,0.08164100,0.02000000
2018-03-01 09:01:20,0.08164200,0.16000000
2018-03-01 09:01:20,0.08164300,0.20800000
2018-03-01 09:01:20,0.08164100,0.13600000
2018-03-01 09:01:20,0.08155000,0.01700000
2018-03-01 09:01:21,0.08164000,0.99600000
2018-03-01 09:01:21,0.08164000,0.26800000
2018-03-01 09:01:21,0.08155100,0.04600000
2018-03-01 09:01:21,0.08164000,0.50000000
2018-03-01 09:01:22,0.08155200,1.44100000
2018-03-01 09:01:22,0.08163900,0.20800000
2018-03-01 09:01:22,0.08164000,0.28200000
2018-03-01 09:01:24,0.08163700,0.02000000
2018-03-01 09:01:24,0.08163700,0.12300000
2018-03-01 09:01:24,0.08155300,0.02300000
2018-03-01 09:01:25,0.08163600,0.17900000
2018-03-01 09:01:25,0.08163600,0.13100000
2018-03-01 09:01:25,0.08154000,0.00100000
2018-03-01 09:01:25,0.08154000,0.01700000
2018-03-01 09:01:25,0.08163500,0.01500000
2018-03-01 09:01:25,0.08154100,0.65900000
2018-03-01 09:01:26,0.08163600,0.08900000
2018-03-01 09:01:26,0.08163600,0.02100000
2018-03-01 09:01:26,0.08154200,0.02000000
2018-03-01 09:01:26,0.08154100,3.24400000
2018-03-01 09:01:27,0.08163500,0.02000000
2018-03-01 09:01:27,0.08154300,0.02100000
2018-03-01 09:01:27,0.08154300,0.83300000
2018-03-01 09:01:28,0.08163400,0.37100000
2018-03-01 09:01:28,0.08154400,0.03400000
2018-03-01 09:01:28,0.08155000,0.05300000
2018-03-01 09:01:29,0.08163300,0.01900000
2018-03-01 09:01:29,0.08154400,0.02500000
2018-03-01 09:01:29,0.08163300,0.00100000
2018-03-01 09:01:29,0.08163400,0.01900000
2018-03-01 09:01:29,0.08154300,0.02000000
2018-03-01 09:01:29,0.08154000,0.03100000
2018-03-01 09:01:29,0.08163300,0.01700000
2018-03-01 09:01:30,0.08163000,0.04600000
2018-03-01 09:01:30,0.08163000,0.02300000
2018-03-01 09:01:30,0.08154600,0.03000000
2018-03-01 09:01:31,0.08162800,0.02000000
2018-03-01 09:01:31,0.08162900,0.39000000
2018-03-01 09:01:32,0.08162800,0.02000000
2018-03-01 09:01:32,0.08162700,0.01500000
2018-03-01 09:01:32,0.08162900,0.00400000
2018-03-01 09:01:32,0.08162900,0.92300000
2018-03-01 09:01:32,0.08162900,0.00100000
2018-03-01 09:01:32,0.08163200,0.04000000
2018-03-01 09:01:32,0.08163200,0.23100000
2018-03-01 09:01:32,0.08163100,0.10300000
2018-03-01 09:01:33,0.08163100,0.10400000
2018-03-01 09:01:33,0.08163100,0.00100000
2018-03-01 09:01:33,0.08163400,0.10300000
2018-03-01 09:01:33,0.08163400,3.49600000
2018-03-01 09:01:33,0.08163000,0.03200000
2018-03-01 09:01:33,0.08163000,0.00100000
2018-03-01 09:01:33,0.08163400,0.00100000
2018-03-01 09:01:33,0.08163500,0.01500000
2018-03-01 09:01:33,0.08164000,0.01300000
2018-03-01 09:01:34,0.08164000,0.00700000
2018-03-01 09:01:34,0.08164600,0.27300000
2018-03-01 09:01:34,0.08164600,4.13100000
2018-03-01 09:01:35,0.08162900,0.01400000
2018-03-01 09:01:35,0.08162900,0.00100000
2018-03-01 09:01:35,0.08164500,0.01300000
2018-03-01 09:01:35,0.08164500,0.24400000
2018-03-01 09:01:35,0.08164500,0.02400000
2018-03-01 09:01:36,0.08156100,0.21200000
2018-03-01 09:01:36,0.08164500,0.07000000
2018-03-01 09:01:36,0.08156100,0.05600000
2018-03-01 09:01:36,0.08156200,0.07000000
2018-03-01 09:01:36,0.08164400,0.01500000
2018-03-01 09:01:36,0.08166100,0.00900000
2018-03-01 09:01:37,0.08156600,0.19800000
2018-03-01 09:01:38,0.08166100,0.31400000
2018-03-01 09:01:39,0.08165400,1.22500000
2018-03-01 09:01:39,0.08165400,3.77400000
2018-03-01 09:01:40,0.08166000,0.61100000
2018-03-01 09:01:41,0.08166100,0.00300000
2018-03-01 09:01:41,0.08166100,0.07200000
2018-03-01 09:01:42,0.08166100,0.17200000
2018-03-01 09:01:45,0.08166000,1.22500000
2018-03-01 09:01:45,0.08161100,0.02900000
2018-03-01 09:01:45,0.08161100,0.00100000
2018-03-01 09:01:45,0.08157500,0.02800000
2018-03-01 09:01:45,0.08166000,1.81800000
2018-03-01 09:01:46,0.08157500,0.18100000
2018-03-01 09:01:46,0.08166000,0.02400000
2018-03-01 09:01:47,0.08157600,0.64600000
2018-03-01 09:01:47,0.08157600,0.04800000
2018-03-01 09:01:48,0.08157700,0.11300000
2018-03-01 09:01:49,0.08166000,0.12100000
2018-03-01 09:01:49,0.08157600,0.08100000
2018-03-01 09:01:49,0.08166000,0.04000000
2018-03-01 09:01:49,0.08166000,0.10900000
2018-03-01 09:01:50,0.08157600,0.00100000
2018-03-01 09:01:51,0.08157500,0.28500000
2018-03-01 09:01:51,0.08157500,0.19900000
2018-03-01 09:01:51,0.08157500,0.22500000
2018-03-01 09:01:52,0.08157600,0.13500000
2018-03-01 09:01:52,0.08157600,0.02400000
2018-03-01 09:01:53,0.08157600,0.04500000
2018-03-01 09:01:54,0.08157700,0.06100000
2018-03-01 09:01:54,0.08157700,0.10100000
2018-03-01 09:01:54,0.08165900,0.04900000
2018-03-01 09:01:54,0.08165900,0.02500000
2018-03-01 09:01:55,0.08157800,0.01800000
2018-03-01 09:01:55,0.08157800,0.00200000
2018-03-01 09:01:55,0.08157700,0.10200000
2018-03-01 09:01:55,0.08165900,0.01900000
2018-03-01 09:01:55,0.08157800,0.14300000
2018-03-01 09:01:55,0.08157800,0.14300000
2018-03-01 09:01:55,0.08157800,0.14200000
2018-03-01 09:01:56,0.08165900,0.02200000
2018-03-01 09:01:56,0.08157800,0.19800000
2018-03-01 09:01:56,0.08157800,0.17000000
2018-03-01 09:01:56,0.08165900,0.57900000
2018-03-01 09:01:57,0.08158000,0.01900000
2018-03-01 09:01:57,0.08158000,0.00100000
2018-03-01 09:01:57,0.08157900,0.05000000
2018-03-01 09:01:58,0.08158000,0.01900000
2018-03-01 09:01:58,0.08159600,0.01500000
2018-03-01 09:01:59,0.08159600,0.08800000
2018-03-01 09:01:59,0.08159600,0.05000000
2018-03-01 09:01:59,0.08159700,0.19900000
2018-03-01 09:02:00,0.08159700,0.20900000
2018-03-01 09:02:00,0.08159700,0.10200000
2018-03-01 09:02:00,0.08159700,0.00100000
2018-03-01 09:02:00,0.08159600,0.57400000
2018-03-01 09:02:01,0.08159600,0.12200000
2018-03-01 09:02:01,0.08160300,0.05200000
2018-03-01 09:02:01,0.08160300,0.04700000
2018-03-01 09:02:01,0.08165900,0.05100000
2018-03-01 09:02:01,0.08161300,0.10000000
2018-03-01 09:02:01,0.08159600,0.25400000
2018-03-01 09:02:01,0.08157800,0.12700000
2018-03-01 09:02:01,0.08157300,0.02000000
2018-03-01 09:02:01,0.08157000,4.81800000
2018-03-01 09:02:02,0.08165900,0.65200000
2018-03-01 09:02:02,0.08157300,0.01500000
2018-03-01 09:02:02,0.08165900,0.65100000
2018-03-01 09:02:03,0.08165800,0.72800000
2018-03-01 09:02:04,0.08157000,0.18100000
2018-03-01 09:02:04,0.08165800,0.02000000
2018-03-01 09:02:05,0.08165800,0.07000000
2018-03-01 09:02:05,0.08157100,1.47600000
2018-03-01 09:02:05,0.08165800,0.02000000
2018-03-01 09:02:05,0.08165900,0.03000000
2018-03-01 09:02:05,0.08165800,0.01900000
2018-03-01 09:02:06,0.08165800,0.00100000
2018-03-01 09:02:06,0.08165900,0.62800000
2018-03-01 09:02:06,0.08165800,0.02000000
2018-03-01 09:02:06,0.08165900,1.20400000
2018-03-01 09:02:06,0.08165900,1.32000000
2018-03-01 09:02:06,0.08165700,0.27800000
2018-03-01 09:02:06,0.08165700,0.36100000
2018-03-01 09:02:07,0.08165700,0.83600000
2018-03-01 09:02:07,0.08165700,0.00100000
2018-03-01 09:02:07,0.08165900,0.00100000
2018-03-01 09:02:07,0.08166000,0.18600000
2018-03-01 09:02:07,0.08157100,0.01500000
2018-03-01 09:02:08,0.08166000,1.22400000
2018-03-01 09:02:08,0.08166000,0.39600000
2018-03-01 09:02:08,0.08166000,0.00100000
2018-03-01 09:02:08,0.08166100,0.99200000
2018-03-01 09:02:08,0.08166200,0.01400000
2018-03-01 09:02:08,0.08167000,0.01500000
2018-03-01 09:02:08,0.08167500,0.09700000
2018-03-01 09:02:08,0.08167400,0.16700000
2018-03-01 09:02:10,0.08166100,0.02900000
2018-03-01 09:02:10,0.08162400,0.01900000
2018-03-01 09:02:10,0.08162400,0.01100000
2018-03-01 09:02:10,0.08157500,0.01800000
2018-03-01 09:02:10,0.08157500,0.02800000
2018-03-01 09:02:10,0.08166100,0.00100000
2018-03-01 09:02:10,0.08167300,0.31500000
2018-03-01 09:02:10,0.08157500,0.02900000
2018-03-01 09:02:11,0.08167400,0.00300000
2018-03-01 09:02:11,0.08158000,0.38000000
2018-03-01 09:02:11,0.08157800,0.32300000
2018-03-01 09:02:11,0.08157700,0.13700000
2018-03-01 09:02:12,0.08157800,0.02800000
2018-03-01 09:02:13,0.08167000,0.24400000
2018-03-01 09:02:13,0.08167000,0.13500000
2018-03-01 09:02:13,0.08166900,0.04200000
2018-03-01 09:02:13,0.08166900,0.00100000
2018-03-01 09:02:13,0.08167000,0.00100000
2018-03-01 09:02:13,0.08167300,0.04000000
2018-03-01 09:02:13,0.08167300,0.08600000
2018-03-01 09:02:14,0.08167300,0.40800000
2018-03-01 09:02:14,0.08158000,0.24900000
2018-03-01 09:02:14,0.08158000,0.02100000
2018-03-01 09:02:14,0.08157900,0.02800000
2018-03-01 09:02:14,0.08167000,0.03200000
2018-03-01 09:02:15,0.08166000,0.02800000
2018-03-01 09:02:15,0.08166000,0.03100000
2018-03-01 09:02:15,0.08158100,0.02700000
2018-03-01 09:02:15,0.08167000,2.28600000
2018-03-01 09:02:15,0.08158100,0.01600000
2018-03-01 09:02:15,0.08158000,0.04200000
2018-03-01 09:02:15,0.08167000,0.02200000
2018-03-01 09:02:15,0.08166900,0.02000000
2018-03-01 09:02:15,0.08167000,1.25600000
2018-03-01 09:02:16,0.08166900,0.80400000
2018-03-01 09:02:16,0.08166800,0.04200000
2018-03-01 09:02:16,0.08158200,0.00800000
2018-03-01 09:02:17,0.08166800,0.02100000
2018-03-01 09:02:17,0.08166900,0.06300000
2018-03-01 09:02:17,0.08166900,0.02000000
2018-03-01 09:02:19,0.08166900,0.03800000
2018-03-01 09:02:19,0.08166900,0.58000000
2018-03-01 09:02:19,0.08158400,0.01900000
2018-03-01 09:02:19,0.08158400,0.31700000
2018-03-01 09:02:19,0.08166700,0.08700000
2018-03-01 09:02:19,0.08166900,0.31300000
2018-03-01 09:02:20,0.08158400,0.41200000
2018-03-01 09:02:20,0.08166800,0.33600000
2018-03-01 09:02:21,0.08158100,0.01500000
2018-03-01 09:02:21,0.08157200,0.02000000
2018-03-01 09:02:21,0.08156800,0.40000000
2018-03-01 09:02:21,0.08156400,0.18000000
2018-03-01 09:02:21,0.08156100,0.07100000
2018-03-01 09:02:22,0.08158900,0.39900000
2018-03-01 09:02:22,0.08158900,0.00100000
2018-03-01 09:02:22,0.08158400,0.28700000
2018-03-01 09:02:22,0.08157000,0.02000000
2018-03-01 09:02:22,0.08156200,0.18000000
2018-03-01 09:02:22,0.08156100,0.51100000
2018-03-01 09:02:22,0.08157000,0.01900000
2018-03-01 09:02:23,0.08166000,0.26900000
2018-03-01 09:02:23,0.08166000,0.15300000
2018-03-01 09:02:23,0.08165900,0.12700000
2018-03-01 09:02:23,0.08165900,0.28500000
2018-03-01 09:02:23,0.08166000,0.12600000
2018-03-01 09:02:23,0.08166000,0.10200000
2018-03-01 09:02:23,0.08166600,0.01500000
2018-03-01 09:02:23,0.08157100,0.12600000
2018-03-01 09:02:23,0.08157100,1.06500000
2018-03-01 09:02:24,0.08165900,0.03800000
2018-03-01 09:02:24,0.08165900,1.22400000
2018-03-01 09:02:24,0.08165900,3.94800000
2018-03-01 09:02:24,0.08165900,0.00100000
2018-03-01 09:02:24,0.08166000,0.04000000
2018-03-01 09:02:24,0.08166700,0.74700000
2018-03-01 09:02:24,0.08166700,0.31000000
2018-03-01 09:02:24,0.08157200,0.01400000
2018-03-01 09:02:25,0.08157200,0.39800000
2018-03-01 09:02:25,0.08157200,0.00100000
2018-03-01 09:02:25,0.08157100,0.98200000
2018-03-01 09:02:25,0.08155700,0.01900000
2018-03-01 09:02:25,0.08155500,0.13300000
2018-03-01 09:02:25,0.08154800,0.09000000
2018-03-01 09:02:25,0.08158900,0.39900000
2018-03-01 09:02:25,0.08158900,0.00100000
2018-03-01 09:02:25,0.08157100,0.02000000
2018-03-01 09:02:25,0.08154800,0.15000000
2018-03-01 09:02:25,0.08154500,0.22800000
2018-03-01 09:02:25,0.08166500,0.06100000
2018-03-01 09:02:25,0.08166600,0.81800000
2018-03-01 09:02:25,0.08166500,0.13200000
2018-03-01 09:02:25,0.08157000,0.37900000
2018-03-01 09:02:26,0.08166000,0.08700000
2018-03-01 09:02:26,0.08166000,0.33100000
2018-03-01 09:02:26,0.08166500,0.04800000
2018-03-01 09:02:26,0.08166000,0.04800000
2018-03-01 09:02:26,0.08157100,0.81900000
2018-03-01 09:02:26,0.08157000,0.00100000
2018-03-01 09:02:26,0.08155700,0.02000000
2018-03-01 09:02:26,0.08154800,2.91700000
2018-03-01 09:02:26,0.08154800,0.80900000
2018-03-01 09:02:26,0.08153900,0.00900000
2018-03-01 09:02:27,0.08165900,1.22400000
2018-03-01 09:02:27,0.08165900,3.50500000
2018-03-01 09:02:27,0.08165700,0.14200000
2018-03-01 09:02:27,0.08165800,3.26700000
2018-03-01 09:02:27,0.08155400,0.01900000
2018-03-01 09:02:27,0.08155800,0.05400000
2018-03-01 09:02:27,0.08165700,0.36900000
2018-03-01 09:02:27,0.08155800,0.10600000
2018-03-01 09:02:27,0.08165400,4.89700000
2018-03-01 09:02:27,0.08158900,0.40000000
2018-03-01 09:02:27,0.08156000,0.38000000
2018-03-01 09:02:27,0.08155800,0.16300000
2018-03-01 09:02:27,0.08155400,0.00100000
2018-03-01 09:02:27,0.08154600,0.11000000
2018-03-01 09:02:27,0.08154600,0.07000000
2018-03-01 09:02:27,0.08153900,0.00500000
2018-03-01 09:02:27,0.08153600,0.06000000
2018-03-01 09:02:27,0.08153300,0.26400000
2018-03-01 09:02:27,0.08158900,0.05100000
2018-03-01 09:02:27,0.08158900,0.03800000
2018-03-01 09:02:28,0.08158900,0.31000000
2018-03-01 09:02:28,0.08158900,0.00100000
2018-03-01 09:02:28,0.08165400,0.10300000
2018-03-01 09:02:28,0.08165700,0.20600000
2018-03-01 09:02:28,0.08165700,0.14800000
2018-03-01 09:02:28,0.08165700,0.31000000
2018-03-01 09:02:28,0.08155400,0.01900000
2018-03-01 09:02:28,0.08165700,0.02900000
2018-03-01 09:02:28,0.08165700,0.54100000
2018-03-01 09:02:28,0.08165900,0.00800000
2018-03-01 09:02:28,0.08165900,0.81100000
2018-03-01 09:02:29,0.08165000,0.37900000
2018-03-01 09:02:29,0.08165000,0.00100000
2018-03-01 09:02:29,0.08165900,0.00100000
2018-03-01 09:02:29,0.08166000,0.37700000
2018-03-01 09:02:29,0.08164900,0.14300000
2018-03-01 09:02:29,0.08166000,4.47900000
2018-03-01 09:02:29,0.08165900,0.32700000
2018-03-01 09:02:29,0.08157100,0.12200000
2018-03-01 09:02:29,0.08157100,0.15000000
2018-03-01 09:02:29,0.08157100,1.60300000
2018-03-01 09:02:29,0.08155600,0.06300000
2018-03-01 09:02:29,0.08157100,0.50000000
2018-03-01 09:02:29,0.08157100,0.04400000
2018-03-01 09:02:29,0.08157100,0.66600000
2018-03-01 09:02:29,0.08157100,0.08800000
2018-03-01 09:02:29,0.08157100,0.15800000
2018-03-01 09:02:29,0.08164900,0.00800000
2018-03-01 09:02:30,0.08164800,0.32400000
2018-03-01 09:02:30,0.08164900,0.34300000
2018-03-01 09:02:30,0.08164900,0.32300000
2018-03-01 09:02:30,0.08164900,0.00200000
2018-03-01 09:02:30,0.08165500,0.32200000
2018-03-01 09:02:30,0.08158900,0.27700000
2018-03-01 09:02:30,0.08158900,0.12300000
2018-03-01 09:02:30,0.08156000,0.07700000
2018-03-01 09:02:30,0.08165500,0.12200000
2018-03-01 09:02:30,0.08156000,0.64200000
2018-03-01 09:02:31,0.08156000,0.01700000
2018-03-01 09:02:31,0.08164900,0.01900000
2018-03-01 09:02:31,0.08164900,0.00100000
2018-03-01 09:02:31,0.08165500,0.01800000
2018-03-01 09:02:31,0.08165500,0.49900000
2018-03-01 09:02:32,0.08165000,0.37900000
2018-03-01 09:02:32,0.08156100,0.12800000
2018-03-01 09:02:33,0.08164900,0.12700000
2018-03-01 09:02:33,0.08164900,0.00100000
2018-03-01 09:02:34,0.08164900,0.01400000
2018-03-01 09:02:35,0.08164900,0.12600000
2018-03-01 09:02:35,0.08156700,0.56800000
2018-03-01 09:02:36,0.08164800,0.01400000
2018-03-01 09:02:37,0.08164800,0.06400000
2018-03-01 09:02:38,0.08164900,0.00100000
2018-03-01 09:02:38,0.08165900,0.08900000
2018-03-01 09:02:38,0.08165900,4.31300000
2018-03-01 09:02:38,0.08165900,0.00100000
2018-03-01 09:02:38,0.08166000,0.14400000
2018-03-01 09:02:38,0.08166200,0.01400000
2018-03-01 09:02:38,0.08166700,0.07900000
2018-03-01 09:02:39,0.08164800,0.01400000
2018-03-01 09:02:40,0.08164700,0.31800000
2018-03-01 09:02:40,0.08156600,0.03500000
2018-03-01 09:02:40,0.08156500,0.71200000
2018-03-01 09:02:40,0.08156500,0.16600000
2018-03-01 09:02:40,0.08164600,0.01400000
2018-03-01 09:02:41,0.08164600,0.00100000
2018-03-01 09:02:41,0.08164800,0.30500000
2018-03-01 09:02:41,0.08164800,0.06600000
2018-03-01 09:02:41,0.08164800,0.00100000
2018-03-01 09:02:41,0.08166500,0.39900000
2018-03-01 09:02:41,0.08156700,0.00300000
2018-03-01 09:02:41,0.08156700,0.20600000
2018-03-01 09:02:42,0.08157000,0.37900000
2018-03-01 09:02:42,0.08157100,0.11300000
2018-03-01 09:02:42,0.08157000,0.75100000
2018-03-01 09:02:42,0.08157000,0.02200000
2018-03-01 09:02:43,0.08166000,0.37900000
2018-03-01 09:02:43,0.08157100,0.02000000
2018-03-01 09:02:43,0.08157000,0.03100000
2018-03-01 09:02:43,0.08166000,0.02100000
2018-03-01 09:02:43,0.08166000,0.02000000
2018-03-01 09:02:43,0.08166000,0.00800000
2018-03-01 09:02:44,0.08161300,0.38400000
2018-03-01 09:02:44,0.08161300,0.01500000
2018-03-01 09:02:45,0.08161300,0.18200000
2018-03-01 09:02:45,0.08161300,2.74700000
2018-03-01 09:02:45,0.08161300,0.15400000
2018-03-01 09:02:45,0.08166500,4.17100000
2018-03-01 09:02:45,0.08166700,0.05100000
2018-03-01 09:02:45,0.08166900,0.42800000
2018-03-01 09:02:45,0.08167000,0.13300000
2018-03-01 09:02:46,0.08167000,0.03300000
2018-03-01 09:02:46,0.08167000,0.37300000
2018-03-01 09:02:46,0.08166500,0.03500000
2018-03-01 09:02:47,0.08166500,0.01400000
2018-03-01 09:02:47,0.08161300,0.01300000
2018-03-01 09:02:47,0.08161300,0.01300000
2018-03-01 09:02:47,0.08161300,0.01300000
2018-03-01 09:02:47,0.08161300,0.13600000
2018-03-01 09:02:48,0.08161300,0.24900000
2018-03-01 09:02:48,0.08161300,0.15000000
2018-03-01 09:02:48,0.08161300,0.00100000
2018-03-01 09:02:48,0.08157200,0.71200000
2018-03-01 09:02:49,0.08166500,0.02200000
2018-03-01 09:02:49,0.08166500,9.68700000
2018-03-01 09:02:49,0.08157300,0.24400000
2018-03-01 09:02:50,0.08166500,0.11600000
2018-03-01 09:02:51,0.08157400,0.01900000
2018-03-01 09:02:51,0.08166500,0.02000000
2018-03-01 09:02:51,0.08157500,1.48000000
2018-03-01 09:02:52,0.08166600,0.01900000
2018-03-01 09:02:52,0.08158000,0.37900000
2018-03-01 09:02:53,0.08158000,0.01900000
2018-03-01 09:02:53,0.08166400,0.02000000
2018-03-01 09:02:53,0.08166500,0.08300000
2018-03-01 09:02:53,0.08166500,0.88200000
2018-03-01 09:02:54,0.08166500,0.57800000
2018-03-01 09:02:54,0.08158100,0.08200000
2018-03-01 09:02:55,0.08166000,0.37900000
2018-03-01 09:02:55,0.08158200,0.19900000
2018-03-01 09:02:55,0.08166000,0.00100000
2018-03-01 09:02:55,0.08166500,0.00100000
2018-03-01 09:02:55,0.08167500,0.00300000
2018-03-01 09:02:55,0.08167600,0.06000000
2018-03-01 09:02:55,0.08167800,0.01500000
2018-03-01 09:02:55,0.08167900,0.01500000
2018-03-01 09:02:55,0.08168000,0.01500000
2018-03-01 09:02:55,0.08168100,0.01500000
2018-03-01 09:02:55,0.08168200,0.09500000
2018-03-01 09:02:55,0.08168300,0.01500000
2018-03-01 09:02:55,0.08168400,0.01500000
2018-03-01 09:02:55,0.08168500,0.04500000
2018-03-01 09:02:55,0.08168600,0.03000000
2018-03-01 09:02:55,0.08168700,0.04500000
2018-03-01 09:02:55,0.08168800,0.00900000
2018-03-01 09:02:55,0.08158300,0.17900000
2018-03-01 09:02:55,0.08158400,0.99500000
2018-03-01 09:02:56,0.08159000,0.22900000
2018-03-01 09:02:56,0.08159000,0.06100000
2018-03-01 09:02:56,0.08159000,0.10900000
2018-03-01 09:02:58,0.08159100,0.01400000
2018-03-01 09:02:58,0.08159100,0.00100000
2018-03-01 09:02:58,0.08159000,0.00100000
2018-03-01 09:02:58,0.08158800,0.09500000
2018-03-01 09:02:58,0.08159200,0.25800000
2018-03-01 09:02:59,0.08159200,0.02400000
2018-03-01 09:02:59,0.08159200,1.11900000
2018-03-01 09:02:59,0.08159100,1.08800000
2018-03-01 09:02:59,0.08159000,0.02000000
2018-03-01 09:02:59,0.08158400,0.18000000
2018-03-01 09:02:59,0.08158300,0.01500000
2018-03-01 09:02:59,0.08157000,0.19600000
2018-03-01 09:02:59,0.08156900,0.49200000
2018-03-01 09:02:59,0.08153900,0.01400000
2018-03-01 09:02:59,0.08153700,2.62600000
2018-03-01 09:02:59,0.08158400,0.10000000
2018-03-01 09:02:59,0.08154800,0.03000000
2018-03-01 09:02:59,0.08154800,0.02000000
2018-03-01 09:02:59,0.08154800,0.02000000
2018-03-01 09:02:59,0.08154800,0.03000000
2018-03-01 09:02:59,0.08154800,0.04600000
2018-03-01 09:02:59,0.08154800,0.02000000
2018-03-01 09:02:59,0.08154800,0.02900000
2018-03-01 09:02:59,0.08154800,0.10000000
2018-03-01 09:02:59,0.08154800,0.02000000
2018-03-01 09:02:59,0.08154800,0.02000000
2018-03-01 09:02:59,0.08154800,0.30000000
2018-03-01 09:02:59,0.08154800,1.26400000
2018-03-01 09:02:59,0.08154800,0.00100000
2018-03-01 09:02:59,0.08167900,0.04100000
2018-03-01 09:03:00,0.08163800,0.08000000
2018-03-01 09:03:00,0.08163800,0.01400000
2018-03-01 09:03:01,0.08166100,0.01500000
2018-03-01 09:03:01,0.08166200,0.01400000
2018-03-01 09:03:01,0.08166600,0.37100000
2018-03-01 09:03:01,0.08163900,0.01500000
2018-03-01 09:03:01,0.08163800,0.00500000
2018-03-01 09:03:01,0.08163900,0.01600000
2018-03-01 09:03:01,0.08163800,0.03900000
2018-03-01 09:03:01,0.08163800,0.00100000
2018-03-01 09:03:01,0.08156600,0.03800000
2018-03-01 09:03:01,0.08156600,0.03900000
2018-03-01 09:03:02,0.08156600,0.07700000
2018-03-01 09:03:02,0.08153900,0.01500000
2018-03-01 09:03:02,0.08153200,0.53500000
2018-03-01 09:03:02,0.08163800,0.28000000
2018-03-01 09:03:02,0.08163800,0.11000000
2018-03-01 09:03:03,0.08163700,0.01500000
2018-03-01 09:03:03,0.08163800,0.02300000
2018-03-01 09:03:04,0.08153900,0.15300000
2018-03-01 09:03:04,0.08163600,0.06500000
2018-03-01 09:03:04,0.08163600,0.05800000
2018-03-01 09:03:05,0.08163600,0.35500000
2018-03-01 09:03:05,0.08163700,0.10500000
2018-03-01 09:03:05,0.08154400,1.22600000
2018-03-01 09:03:05,0.08154400,1.07300000
2018-03-01 09:03:05,0.08154500,3.84000000
2018-03-01 09:03:05,0.08154400,1.19000000
2018-03-01 09:03:05,0.08153500,4.04500000
2018-03-01 09:03:05,0.08153200,0.51500000
2018-03-01 09:03:05,0.08153000,1.37800000
2018-03-01 09:03:05,0.08154500,0.02000000
2018-03-01 09:03:05,0.08153500,0.12000000
2018-03-01 09:03:05,0.08153000,0.03500000
2018-03-01 09:03:05,0.08163500,0.03400000
2018-03-01 09:03:06,0.08163400,4.03000000
2018-03-01 09:03:06,0.08163300,0.14900000
2018-03-01 09:03:06,0.08154100,0.02000000
2018-03-01 09:03:06,0.08153000,0.02500000
2018-03-01 09:03:06,0.08152900,0.12000000
2018-03-01 09:03:06,0.08152700,0.03000000
2018-03-01 09:03:06,0.08152600,0.26000000
2018-03-01 09:03:06,0.08152500,0.59300000
2018-03-01 09:03:06,0.08163000,0.37900000
2018-03-01 09:03:07,0.08153700,0.01900000
2018-03-01 09:03:07,0.08163000,0.17000000
2018-03-01 09:03:07,0.08163000,0.15100000
2018-03-01 09:03:07,0.08163200,0.01500000
2018-03-01 09:03:07,0.08163500,0.00400000
2018-03-01 09:03:08,0.08163000,0.06000000
2018-03-01 09:03:08,0.08163000,0.13900000
2018-03-01 09:03:08,0.08163000,0.05100000
2018-03-01 09:03:08,0.08163500,0.14800000
2018-03-01 09:03:08,0.08163000,0.16900000
2018-03-01 09:03:08,0.08162900,0.15000000
2018-03-01 09:03:08,0.08162900,0.03700000
2018-03-01 09:03:08,0.08162800,0.17000000
2018-03-01 09:03:08,0.08162900,0.38800000
2018-03-01 09:03:08,0.08162800,0.14600000
2018-03-01 09:03:08,0.08162900,0.41000000
2018-03-01 09:03:09,0.08162800,0.03900000
2018-03-01 09:03:09,0.08162800,0.00100000
2018-03-01 09:03:09,0.08162900,0.03800000
2018-03-01 09:03:09,0.08162800,0.02000000
2018-03-01 09:03:09,0.08162900,0.01400000
2018-03-01 09:03:09,0.08153600,0.01700000
2018-03-01 09:03:09,0.08162900,0.44500000
2018-03-01 09:03:09,0.08162900,0.00100000
2018-03-01 09:03:09,0.08163100,0.02000000
2018-03-01 09:03:09,0.08163800,0.24700000
2018-03-01 09:03:09,0.08163100,0.02000000
2018-03-01 09:03:09,0.08163800,0.24500000
2018-03-01 09:03:09,0.08163800,0.02000000
2018-03-01 09:03:09,0.08163800,1.08800000
2018-03-01 09:03:09,0.08163800,0.01500000
2018-03-01 09:03:09,0.08163800,1.24900000
2018-03-01 09:03:10,0.08163800,0.12200000
2018-03-01 09:03:10,0.08163800,0.02100000
2018-03-01 09:03:10,0.08163800,0.18800000
2018-03-01 09:03:10,0.08163800,1.22600000
2018-03-01 09:03:10,0.08163800,0.80500000
2018-03-01 09:03:10,0.08163900,0.01000000
2018-03-01 09:03:12,0.08164000,0.01400000
2018-03-01 09:03:13,0.08165100,0.25200000
2018-03-01 09:03:14,0.08165000,0.11900000
2018-03-01 09:03:15,0.08165000,0.09400000
2018-03-01 09:03:15,0.08164100,0.01400000
2018-03-01 09:03:15,0.08164100,0.00100000
2018-03-01 09:03:15,0.08164000,0.00100000
2018-03-01 09:03:15,0.08163900,0.00500000
2018-03-01 09:03:15,0.08153600,0.00700000
2018-03-01 09:03:15,0.08153600,0.01400000
2018-03-01 09:03:15,0.08153600,0.01400000
2018-03-01 09:03:15,0.08165000,0.05700000
2018-03-01 09:03:15,0.08165100,0.07200000
2018-03-01 09:03:15,0.08165000,0.05700000
2018-03-01 09:03:16,0.08164900,0.08700000
2018-03-01 09:03:17,0.08154000,0.17400000
2018-03-01 09:03:18,0.08164700,0.60000000
2018-03-01 09:03:18,0.08164700,0.07000000
2018-03-01 09:03:18,0.08164600,0.40000000
2018-03-01 09:03:20,0.08164000,0.05000000
2018-03-01 09:03:20,0.08164000,0.12000000
2018-03-01 09:03:20,0.08164500,0.04800000
2018-03-01 09:03:20,0.08164500,0.07800000
2018-03-01 09:03:20,0.08164500,0.16200000
2018-03-01 09:03:20,0.08164500,0.52700000
2018-03-01 09:03:21,0.08155000,0.07200000
2018-03-01 09:03:22,0.08164000,0.04200000
2018-03-01 09:03:22,0.08164000,0.03800000
2018-03-01 09:03:22,0.08164400,0.00200000
2018-03-01 09:03:22,0.08164400,0.01300000
2018-03-01 09:03:22,0.08164500,0.01500000
2018-03-01 09:03:23,0.08164600,0.02800000
2018-03-01 09:03:23,0.08164600,0.00500000
2018-03-01 09:03:23,0.08155300,0.02700000
2018-03-01 09:03:23,0.08155300,0.03200000
2018-03-01 09:03:23,0.08155400,0.66000000
2018-03-01 09:03:25,0.08156000,0.38700000
2018-03-01 09:03:25,0.08164500,0.07300000
2018-03-01 09:03:26,0.08164000,0.37900000
2018-03-01 09:03:27,0.08163900,0.01300000
2018-03-01 09:03:27,0.08163900,0.00200000
2018-03-01 09:03:27,0.08164000,0.00100000
2018-03-01 09:03:27,0.08164500,0.00100000
2018-03-01 09:03:27,0.08164700,0.01000000
2018-03-01 09:03:27,0.08164700,0.01400000
2018-03-01 09:03:27,0.08164700,1.66000000
2018-03-01 09:03:27,0.08164700,0.56400000
2018-03-01 09:03:27,0.08164700,2.41200000
2018-03-01 09:03:27,0.08155800,0.01300000
2018-03-01 09:03:27,0.08155800,0.00200000
2018-03-01 09:03:27,0.08155700,0.07900000
2018-03-01 09:03:27,0.08155600,0.01500000
2018-03-01 09:03:27,0.08155300,0.01500000
2018-03-01 09:03:27,0.08155000,0.17000000
2018-03-01 09:03:28,0.08164600,0.10000000
2018-03-01 09:03:28,0.08155700,0.01800000
2018-03-01 09:03:28,0.08164600,1.12100000
2018-03-01 09:03:28,0.08164600,0.08300000
2018-03-01 09:03:29,0.08155800,0.21900000
2018-03-01 09:03:29,0.08164500,0.07800000
2018-03-01 09:03:29,0.08164500,0.02100000
2018-03-01 09:03:29,0.08164700,0.02100000
2018-03-01 09:03:29,0.08155900,0.01800000
2018-03-01 09:03:29,0.08164400,0.01400000
2018-03-01 09:03:30,0.08156000,0.05700000
2018-03-01 09:03:30,0.08164300,0.07000000
2018-03-01 09:03:32,0.08164200,0.01400000
2018-03-01 09:03:32,0.08156100,0.01300000
2018-03-01 09:03:32,0.08164200,0.02000000
2018-03-01 09:03:32,0.08164200,0.00100000
2018-03-01 09:03:32,0.08164300,0.01900000
2018-03-01 09:03:33,0.08164300,0.12700000
2018-03-01 09:03:33,0.08164300,0.00300000
2018-03-01 09:03:33,0.08164400,0.00100000
2018-03-01 09:03:33,0.08164700,0.12500000
2018-03-01 09:03:33,0.08164700,0.08100000
2018-03-01 09:03:34,0.08164600,0.01500000
2018-03-01 09:03:36,0.08156500,0.01400000
2018-03-01 09:03:37,0.08164500,2.34400000
2018-03-01 09:03:37,0.08164600,0.05700000
2018-03-01 09:03:38,0.08164700,0.11000000
2018-03-01 09:03:39,0.08164500,0.01400000
2018-03-01 09:03:40,0.08164400,0.01400000
2018-03-01 09:03:41,0.08156700,0.01300000
2018-03-01 09:03:42,0.08156700,0.00200000
2018-03-01 09:03:42,0.08156600,0.03500000
2018-03-01 09:03:42,0.08156500,0.00100000
2018-03-01 09:03:42,0.08156300,0.01000000
2018-03-01 09:03:42,0.08164300,0.24900000
2018-03-01 09:03:42,0.08164300,0.50000000
2018-03-01 09:03:42,0.08164300,0.06100000
2018-03-01 09:03:42,0.08164300,0.16300000
2018-03-01 09:03:42,0.08164300,0.21100000
2018-03-01 09:03:42,0.08164300,2.88200000
2018-03-01 09:03:42,0.08164300,0.01700000
2018-03-01 09:03:42,0.08156800,0.01300000
2018-03-01 09:03:43,0.08156800,0.00200000
2018-03-01 09:03:43,0.08156300,1.63700000
2018-03-01 09:03:43,0.08156300,0.03900000
2018-03-01 09:03:45,0.08164200,0.01400000
2018-03-01 09:03:45,0.08164200,0.00100000
2018-03-01 09:03:45,0.08164300,0.00200000
2018-03-01 09:03:45,0.08164400,0.00100000
2018-03-01 09:03:45,0.08165100,0.01000000
2018-03-01 09:03:45,0.08165100,0.02000000
2018-03-01 09:03:45,0.08156500,0.01400000
2018-03-01 09:03:45,0.08156500,0.18000000
2018-03-01 09:03:46,0.08156500,0.12400000
2018-03-01 09:03:46,0.08156700,0.19900000
2018-03-01 09:03:46,0.08165100,0.40200000
2018-03-01 09:03:46,0.08165800,0.03000000
2018-03-01 09:03:46,0.08156700,0.17000000
2018-03-01 09:03:47,0.08156700,0.18000000
2018-03-01 09:03:47,0.08156800,0.01500000
2018-03-01 09:03:47,0.08156700,0.10800000
2018-03-01 09:03:47,0.08165200,0.01800000
2018-03-01 09:03:48,0.08165200,0.13600000
2018-03-01 09:03:48,0.08165200,0.08900000
2018-03-01 09:03:48,0.08165200,0.02300000
2018-03-01 09:03:48,0.08165200,0.04800000
2018-03-01 09:03:49,0.08165200,0.85400000
2018-03-01 09:03:49,0.08165200,0.08700000
2018-03-01 09:03:49,0.08165200,0.79400000
2018-03-01 09:03:49,0.08165200,0.49300000
2018-03-01 09:03:49,0.08156800,1.00400000
2018-03-01 09:03:49,0.08156800,0.02800000
2018-03-01 09:03:49,0.08156800,0.03100000
2018-03-01 09:03:49,0.08156800,0.37400000
2018-03-01 09:03:49,0.08156800,0.57900000
2018-03-01 09:03:49,0.08156800,1.22500000
2018-03-01 09:03:49,0.08165300,0.01400000
2018-03-01 09:03:49,0.08165300,0.00100000
2018-03-01 09:03:49,0.08156900,0.01200000
2018-03-01 09:03:49,0.08165200,1.28700000
2018-03-01 09:03:50,0.08165200,0.66400000
2018-03-01 09:03:50,0.08165200,0.06600000
2018-03-01 09:03:50,0.08165200,1.22500000
2018-03-01 09:03:50,0.08165200,0.42200000
2018-03-01 09:03:50,0.08156900,1.47200000
2018-03-01 09:03:50,0.08156800,0.28500000
2018-03-01 09:03:50,0.08166200,0.03400000
2018-03-01 09:03:50,0.08156800,0.04500000
2018-03-01 09:03:51,0.08157000,0.40000000
2018-03-01 09:03:52,0.08157100,0.41200000
2018-03-01 09:03:52,0.08157100,0.58300000
2018-03-01 09:03:53,0.08165800,4.87200000
2018-03-01 09:03:54,0.08165600,0.02000000
2018-03-01 09:03:54,0.08165600,0.02000000
2018-03-01 09:03:54,0.08157200,0.01900000
2018-03-01 09:03:55,0.08165700,0.05500000
2018-03-01 09:03:55,0.08157300,0.02500000
2018-03-01 09:03:55,0.08165700,0.95100000
2018-03-01 09:03:56,0.08157300,2.62600000
2018-03-01 09:03:57,0.08165700,0.40000000
2018-03-01 09:03:57,0.08157400,0.02000000
2018-03-01 09:03:57,0.08157300,0.07200000
2018-03-01 09:03:57,0.08156800,0.00100000
2018-03-01 09:03:58,0.08157400,0.02700000
2018-03-01 09:03:58,0.08157500,0.02000000
2018-03-01 09:03:58,0.08157400,0.00500000
2018-03-01 09:03:59,0.08157500,0.01900000
2018-03-01 09:04:00,0.08165500,0.09200000
2018-03-01 09:04:00,0.08165500,0.72300000
2018-03-01 09:04:00,0.08165700,0.07800000
2018-03-01 09:04:00,0.08166000,0.01300000
2018-03-01 09:04:00,0.08159700,0.03000000
2018-03-01 09:04:01,0.08159700,0.05100000
2018-03-01 09:04:01,0.08159700,0.00100000
2018-03-01 09:04:01,0.08166000,0.05000000
2018-03-01 09:04:01,0.08157600,0.01400000
2018-03-01 09:04:02,0.08160000,0.19100000
2018-03-01 09:04:02,0.08160000,0.01400000
2018-03-01 09:04:02,0.08160000,0.17500000
2018-03-01 09:04:02,0.08166000,0.01300000
2018-03-01 09:04:02,0.08166000,0.05000000
2018-03-01 09:04:02,0.08166000,0.05200000
2018-03-01 09:04:02,0.08159700,0.08500000
2018-03-01 09:04:03,0.08159700,0.00100000
2018-03-01 09:04:03,0.08157600,0.00500000
2018-03-01 09:04:03,0.08157600,0.15500000
2018-03-01 09:04:04,0.08158800,0.14200000
2018-03-01 09:04:05,0.08166000,0.03500000
2018-03-01 09:04:06,0.08166000,0.04500000
2018-03-01 09:04:06,0.08158800,0.03600000
2018-03-01 09:04:07,0.08159700,0.04700000
2018-03-01 09:04:08,0.08159700,0.00100000
2018-03-01 09:04:08,0.08159600,0.01400000
2018-03-01 09:04:08,0.08159600,0.00100000
2018-03-01 09:04:08,0.08166000,0.01300000
2018-03-01 09:04:08,0.08166000,1.67700000
2018-03-01 09:04:09,0.08159600,0.02500000
2018-03-01 09:04:09,0.08157800,0.01800000
2018-03-01 09:04:09,0.08166200,0.05200000
2018-03-01 09:04:10,0.08166200,0.02300000
2018-03-01 09:04:10,0.08166200,0.50700000
2018-03-01 09:04:10,0.08166200,0.85600000
2018-03-01 09:04:10,0.08167000,0.02000000
2018-03-01 09:04:10,0.08167500,0.01500000
2018-03-01 09:04:10,0.08167800,0.01500000
2018-03-01 09:04:10,0.08168000,1.00400000
2018-03-01 09:04:11,0.08167600,0.01700000
2018-03-01 09:04:11,0.08167400,0.02800000
2018-03-01 09:04:11,0.08167400,0.01400000
2018-03-01 09:04:11,0.08167400,0.00800000
2018-03-01 09:04:11,0.08168000,0.00900000
2018-03-01 09:04:11,0.08167400,0.01700000
2018-03-01 09:04:12,0.08162600,0.02900000
2018-03-01 09:04:13,0.08162600,0.00100000
2018-03-01 09:04:13,0.08159100,3.40900000
2018-03-01 09:04:13,0.08167500,0.02000000
2018-03-01 09:04:13,0.08167500,0.02000000
2018-03-01 09:04:13,0.08167900,0.02000000
2018-03-01 09:04:13,0.08168000,0.38000000
2018-03-01 09:04:13,0.08162700,0.01400000
2018-03-01 09:04:14,0.08167800,0.04600000
2018-03-01 09:04:14,0.08167800,0.02600000
2018-03-01 09:04:16,0.08167900,0.04900000
2018-03-01 09:04:17,0.08162700,1.22400000
2018-03-01 09:04:17,0.08162700,0.43700000
2018-03-01 09:04:17,0.08167900,0.01700000
2018-03-01 09:04:17,0.08162700,0.03700000
2018-03-01 09:04:17,0.08162700,0.23700000
2018-03-01 09:04:17,0.08168000,0.03200000
2018-03-01 09:04:18,0.08162700,0.03000000
2018-03-01 09:04:18,0.08167900,0.01700000
2018-03-01 09:04:19,0.08167500,0.99900000
2018-03-01 09:04:20,0.08162800,0.01400000
2018-03-01 09:04:21,0.08167500,0.00100000
2018-03-01 09:04:21,0.08168000,0.99800000
2018-03-01 09:04:22,0.08168000,1.21700000
2018-03-01 09:04:23,0.08162900,0.01400000
2018-03-01 09:04:23,0.08162900,0.00100000
2018-03-01 09:04:23,0.08162800,0.00100000
2018-03-01 09:04:23,0.08160100,0.01200000
2018-03-01 09:04:23,0.08160100,0.44500000
2018-03-01 09:04:24,0.08160200,0.02000000
2018-03-01 09:04:24,0.08160100,0.38000000
2018-03-01 09:04:25,0.08168000,0.00100000
2018-03-01 09:04:25,0.08168700,0.01500000
2018-03-01 09:04:25,0.08168800,0.09600000
2018-03-01 09:04:25,0.08168900,0.04400000
2018-03-01 09:04:25,0.08168900,0.00100000
2018-03-01 09:04:25,0.08169000,0.01300000
2018-03-01 09:04:25,0.08169000,0.23300000
2018-03-01 09:04:25,0.08169000,0.17100000
2018-03-01 09:04:25,0.08169000,0.02000000
2018-03-01 09:04:25,0.08169000,0.04100000
2018-03-01 09:04:25,0.08169000,0.10900000
2018-03-01 09:04:25,0.08159500,0.02000000
2018-03-01 09:04:25,0.08157600,0.43400000
2018-03-01 09:04:26,0.08169000,0.17000000
2018-03-01 09:04:26,0.08169000,0.12900000
2018-03-01 09:04:26,0.08160300,0.04800000
2018-03-01 09:04:26,0.08169000,0.09900000
2018-03-01 09:04:26,0.08169100,0.00500000
2018-03-01 09:04:26,0.08169100,0.01000000
2018-03-01 09:04:26,0.08169100,0.02000000
2018-03-01 09:04:26,0.08169100,0.07000000
2018-03-01 09:04:26,0.08160400,0.01900000
2018-03-01 09:04:26,0.08160400,0.00100000
2018-03-01 09:04:26,0.08160300,0.04600000
2018-03-01 09:04:27,0.08167600,0.02900000
2018-03-01 09:04:29,0.08160600,0.01400000
2018-03-01 09:04:29,0.08160600,0.00100000
2018-03-01 09:04:29,0.08160500,0.01300000
2018-03-01 09:04:30,0.08167600,0.00100000
2018-03-01 09:04:30,0.08169000,0.04800000
2018-03-01 09:04:30,0.08169100,0.02000000
2018-03-01 09:04:30,0.08169200,0.01500000
2018-03-01 09:04:30,0.08169300,0.03800000
2018-03-01 09:04:31,0.08160600,0.93500000
2018-03-01 09:04:31,0.08160600,0.10900000
2018-03-01 09:04:32,0.08169200,0.04500000
2018-03-01 09:04:32,0.08160600,0.43000000
2018-03-01 09:04:32,0.08160500,0.00200000
2018-03-01 09:04:32,0.08160300,0.55500000
2018-03-01 09:04:32,0.08169200,0.13200000
2018-03-01 09:04:33,0.08169200,0.03500000
2018-03-01 09:04:33,0.08169100,0.09300000
2018-03-01 09:04:33,0.08160700,0.04400000
2018-03-01 09:04:33,0.08160700,0.03600000
2018-03-01 09:04:33,0.08160500,0.02000000
2018-03-01 09:04:33,0.08160500,0.02000000
2018-03-01 09:04:33,0.08160500,0.02000000
2018-03-01 09:04:33,0.08160500,0.02000000
2018-03-01 09:04:33,0.08160500,0.02000000
2018-03-01 09:04:34,0.08160500,0.02000000
2018-03-01 09:04:34,0.08160500,0.02000000
2018-03-01 09:04:34,0.08160500,0.02000000
2018-03-01 09:04:34,0.08160500,0.00600000
2018-03-01 09:04:34,0.08163600,0.01900000
2018-03-01 09:04:34,0.08163600,0.00100000
2018-03-01 09:04:34,0.08169100,0.01900000
2018-03-01 09:04:34,0.08160700,0.01300000
2018-03-01 09:04:34,0.08169100,0.11800000
2018-03-01 09:04:36,0.08160800,0.01400000
2018-03-01 09:04:36,0.08169100,0.36500000
2018-03-01 09:04:36,0.08169100,0.13700000
2018-03-01 09:04:36,0.08160800,0.00100000
2018-03-01 09:04:36,0.08160300,0.03400000
2018-03-01 09:04:36,0.08169100,0.15100000
2018-03-01 09:04:36,0.08169100,0.16600000
2018-03-01 09:04:36,0.08169200,0.14800000
2018-03-01 09:04:37,0.08169100,0.01900000
2018-03-01 09:04:37,0.08169100,0.00100000
2018-03-01 09:04:37,0.08169200,0.01600000
2018-03-01 09:04:37,0.08160800,0.01900000
2018-03-01 09:04:37,0.08169100,0.01700000
2018-03-01 09:04:37,0.08169000,0.09900000
2018-03-01 09:04:38,0.08160900,0.01400000
2018-03-01 09:04:38,0.08169000,0.35500000
2018-03-01 09:04:39,0.08160900,0.02000000
2018-03-01 09:04:39,0.08169000,0.02000000
2018-03-01 09:04:40,0.08168900,1.08800000
2018-03-01 09:04:40,0.08168900,0.18000000
2018-03-01 09:04:40,0.08168900,0.02300000
2018-03-01 09:04:41,0.08168900,0.00200000
2018-03-01 09:04:41,0.08169300,0.05200000
2018-03-01 09:04:41,0.08169400,0.34600000
2018-03-01 09:04:41,0.08159600,0.02300000
2018-03-01 09:04:42,0.08168900,0.02400000
2018-03-01 09:04:42,0.08168900,0.14500000
2018-03-01 09:04:42,0.08168900,0.20300000
2018-03-01 09:04:43,0.08160000,0.01900000
2018-03-01 09:04:43,0.08160400,0.02000000
2018-03-01 09:04:43,0.08160300,0.05200000
2018-03-01 09:04:44,0.08160400,0.01900000
2018-03-01 09:04:45,0.08160500,0.01400000
2018-03-01 09:04:45,0.08160700,0.02000000
2018-03-01 09:04:45,0.08160600,0.01900000
2018-03-01 09:04:45,0.08160700,0.02000000
2018-03-01 09:04:45,0.08160600,0.15100000
2018-03-01 09:04:46,0.08165700,0.04900000
2018-03-01 09:04:46,0.08165700,0.00100000
2018-03-01 09:04:46,0.08160600,0.01900000
2018-03-01 09:04:46,0.08160600,0.04900000
2018-03-01 09:04:46,0.08160600,0.04900000
2018-03-01 09:04:46,0.08160600,0.04900000
2018-03-01 09:04:49,0.08160700,0.15800000
2018-03-01 09:04:49,0.08168900,3.32300000
2018-03-01 09:04:49,0.08168900,0.13900000
2018-03-01 09:04:51,0.08160800,0.01400000
2018-03-01 09:04:51,0.08160900,0.01400000
2018-03-01 09:04:53,0.08161000,0.01400000
2018-03-01 09:04:53,0.08168900,0.08800000
2018-03-01 09:04:53,0.08169000,0.33600000
2018-03-01 09:04:53,0.08169400,1.66900000
2018-03-01 09:04:53,0.08169500,0.03700000
2018-03-01 09:04:53,0.08169600,0.01500000
2018-03-01 09:04:53,0.08169700,0.03000000
2018-03-01 09:04:53,0.08169800,0.01500000
2018-03-01 09:04:53,0.08169900,0.06000000
2018-03-01 09:04:53,0.08170000,0.63100000
2018-03-01 09:04:53,0.08170300,0.06000000
2018-03-01 09:04:53,0.08170400,0.01500000
2018-03-01 09:04:53,0.08170500,0.03000000
2018-03-01 09:04:53,0.08170600,0.49600000
2018-03-01 09:04:53,0.08170700,0.04500000
2018-03-01 09:04:53,0.08170800,0.01500000
2018-03-01 09:04:53,0.08171000,0.32500000
2018-03-01 09:04:54,0.08161100,0.01900000
2018-03-01 09:04:55,0.08170000,0.02000000
2018-03-01 09:04:55,0.08171000,0.38000000
2018-03-01 09:04:55,0.08161200,0.22200000
2018-03-01 09:04:56,0.08161300,0.01900000
2018-03-01 09:04:56,0.08161300,0.33100000
2018-03-01 09:04:57,0.08170000,0.22100000
2018-03-01 09:04:57,0.08161400,0.04800000
2018-03-01 09:04:57,0.08170000,0.00100000
2018-03-01 09:04:58,0.08171100,0.01900000
2018-03-01 09:04:58,0.08171100,0.00100000
2018-03-01 09:04:58,0.08171300,0.01500000
2018-03-01 09:04:58,0.08171700,0.04300000
2018-03-01 09:04:59,0.08171200,0.01900000
2018-03-01 09:04:59,0.08162000,0.29100000
2018-03-01 09:04:59,0.08171200,0.00100000
2018-03-01 09:04:59,0.08171700,0.01500000
2018-03-01 09:04:59,0.08171200,0.01700000
2018-03-01 09:05:00,0.08171000,0.02400000
2018-03-01 09:05:00,0.08171000,0.12200000
2018-03-01 09:05:00,0.08162100,0.21400000
2018-03-01 09:05:00,0.08162100,0.17100000
2018-03-01 09:05:01,0.08171000,0.14400000
2018-03-01 09:05:01,0.08171400,0.02000000
2018-03-01 09:05:01,0.08171700,0.00100000
2018-03-01 09:05:01,0.08172200,0.17500000
2018-03-01 09:05:01,0.08167500,0.17100000
2018-03-01 09:05:01,0.08167500,0.00100000
2018-03-01 09:05:01,0.08162300,0.17000000
2018-03-01 09:05:01,0.08162500,0.17100000
2018-03-01 09:05:01,0.08162500,0.19600000
2018-03-01 09:05:02,0.08167300,0.16900000
2018-03-01 09:05:02,0.08167300,0.00300000
2018-03-01 09:05:02,0.08171400,0.02000000
2018-03-01 09:05:02,0.08172200,0.24000000
2018-03-01 09:05:02,0.08162500,1.22500000
2018-03-01 09:05:02,0.08167300,0.14000000
2018-03-01 09:05:02,0.08171400,0.01700000
2018-03-01 09:05:02,0.08167300,0.00100000
2018-03-01 09:05:02,0.08162500,0.01200000
2018-03-01 09:05:02,0.08171400,0.00300000
2018-03-01 09:05:02,0.08172200,1.19700000
2018-03-01 09:05:02,0.08171500,0.01900000
2018-03-01 09:05:02,0.08167600,0.01500000
2018-03-01 09:05:02,0.08162600,0.02000000
2018-03-01 09:05:02,0.08162500,0.03100000
2018-03-01 09:05:03,0.08162600,0.01800000
2018-03-01 09:05:03,0.08162700,1.22500000
2018-03-01 09:05:03,0.08162700,0.04300000
2018-03-01 09:05:03,0.08162700,0.21900000
2018-03-01 09:05:03,0.08162700,0.01800000
2018-03-01 09:05:04,0.08162700,1.09000000
2018-03-01 09:05:04,0.08171400,0.08300000
2018-03-01 09:05:04,0.08162700,0.02000000
2018-03-01 09:05:05,0.08171400,0.02400000
2018-03-01 09:05:05,0.08163000,0.01800000
2018-03-01 09:05:05,0.08171400,0.06700000
2018-03-01 09:05:05,0.08163000,0.68700000
2018-03-01 09:05:05,0.08162800,0.01500000
2018-03-01 09:05:05,0.08162700,0.00100000
2018-03-01 09:05:05,0.08162100,0.03400000
2018-03-01 09:05:05,0.08162100,0.04100000
2018-03-01 09:05:06,0.08162200,0.17300000
2018-03-01 09:05:06,0.08162800,0.04200000
2018-03-01 09:05:06,0.08162800,0.04200000
2018-03-01 09:05:06,0.08171300,0.02000000
2018-03-01 09:05:06,0.08171400,0.02100000
2018-03-01 09:05:06,0.08171400,0.08300000
2018-03-01 09:05:06,0.08162200,0.00100000
2018-03-01 09:05:06,0.08162100,0.02000000
2018-03-01 09:05:06,0.08162000,0.15200000
2018-03-01 09:05:06,0.08163800,0.08000000
2018-03-01 09:05:06,0.08162000,0.14700000
2018-03-01 09:05:06,0.08162000,0.08100000
2018-03-01 09:05:06,0.08161800,0.09200000
2018-03-01 09:05:07,0.08171000,0.10200000
2018-03-01 09:05:07,0.08162000,0.10300000
2018-03-01 09:05:07,0.08162000,0.01600000
2018-03-01 09:05:07,0.08161900,2.58300000
2018-03-01 09:05:07,0.08161900,0.01300000
2018-03-01 09:05:07,0.08161900,0.08700000
2018-03-01 09:05:08,0.08162000,0.10000000
2018-03-01 09:05:08,0.08161800,0.30000000
2018-03-01 09:05:08,0.08161800,1.22500000
2018-03-01 09:05:08,0.08161800,0.10600000
2018-03-01 09:05:08,0.08171000,0.15200000
2018-03-01 09:05:08,0.08161800,0.00100000
2018-03-01 09:05:08,0.08161600,0.18000000
2018-03-01 09:05:08,0.08160600,0.04900000
2018-03-01 09:05:08,0.08160300,1.75700000
2018-03-01 09:05:08,0.08156200,0.22200000
2018-03-01 09:05:08,0.08155400,1.51300000
2018-03-01 09:05:08,0.08155300,0.03000000
2018-03-01 09:05:08,0.08155000,0.69400000
2018-03-01 09:05:08,0.08154000,1.02200000
2018-03-01 09:05:08,0.08170900,0.10300000
2018-03-01 09:05:09,0.08170600,0.01900000
2018-03-01 09:05:09,0.08170500,0.39800000
2018-03-01 09:05:09,0.08156100,1.22800000
2018-03-01 09:05:09,0.08156000,0.66400000
2018-03-01 09:05:09,0.08154000,0.41800000
2018-03-01 09:05:09,0.08153900,0.01400000
2018-03-01 09:05:09,0.08153700,1.03500000
2018-03-01 09:05:09,0.08152500,0.43000000
2018-03-01 09:05:09,0.08170500,0.04900000
2018-03-01 09:05:09,0.08162200,0.39700000
2018-03-01 09:05:10,0.08162200,0.26200000
2018-03-01 09:05:10,0.08170300,0.06400000
2018-03-01 09:05:10,0.08162200,0.07500000
2018-03-01 09:05:10,0.08162200,0.01600000
2018-03-01 09:05:12,0.08165800,0.02400000
2018-03-01 09:05:12,0.08165800,3.00100000
2018-03-01 09:05:12,0.08165700,0.61400000
2018-03-01 09:05:12,0.08165700,1.43000000
2018-03-01 09:05:12,0.08165700,0.01900000
2018-03-01 09:05:13,0.08165600,0.06100000
2018-03-01 09:05:13,0.08156300,0.83100000
2018-03-01 09:05:13,0.08165600,0.06000000
2018-03-01 09:05:13,0.08156300,0.00100000
2018-03-01 09:05:13,0.08156200,0.04700000
2018-03-01 09:05:13,0.08165600,0.09000000
2018-03-01 09:05:14,0.08165600,0.01300000
2018-03-01 09:05:14,0.08165600,0.12400000
2018-03-01 09:05:14,0.08165600,0.70400000
2018-03-01 09:05:14,0.08165500,0.19400000
2018-03-01 09:05:15,0.08156500,0.01800000
2018-03-01 09:05:15,0.08165500,0.00100000
2018-03-01 09:05:15,0.08166000,0.39600000
2018-03-01 09:05:16,0.08156700,0.01500000
2018-03-01 09:05:16,0.08156600,0.15900000
2018-03-01 09:05:16,0.08165000,0.03800000
2018-03-01 09:05:16,0.08165000,0.02400000
2018-03-01 09:05:16,0.08165000,0.01300000
2018-03-01 09:05:16,0.08165000,0.02300000
2018-03-01 09:05:16,0.08165000,0.00200000
2018-03-01 09:05:16,0.08165500,0.02100000
2018-03-01 09:05:16,0.08156600,0.01300000
2018-03-01 09:05:16,0.08165500,0.26300000
2018-03-01 09:05:16,0.08165500,0.05900000
2018-03-01 09:05:16,0.08165500,0.05900000
2018-03-01 09:05:16,0.08165500,0.72600000
2018-03-01 09:05:16,0.08165500,0.00100000
2018-03-01 09:05:16,0.08166000,1.21900000
2018-03-01 09:05:16,0.08165000,0.01700000
2018-03-01 09:05:17,0.08165000,0.01700000
2018-03-01 09:05:17,0.08165000,0.09600000
2018-03-01 09:05:17,0.08165500,0.01600000
2018-03-01 09:05:17,0.08165500,0.00400000
2018-03-01 09:05:17,0.08166000,0.39600000
2018-03-01 09:05:17,0.08156700,0.48200000
2018-03-01 09:05:17,0.08165400,0.17000000
2018-03-01 09:05:18,0.08165300,0.48000000
2018-03-01 09:05:18,0.08165300,0.00200000
2018-03-01 09:05:18,0.08165400,0.00200000
2018-03-01 09:05:18,0.08165500,0.02000000
2018-03-01 09:05:18,0.08165900,0.07100000
2018-03-01 09:05:18,0.08165500,0.02000000
2018-03-01 09:05:18,0.08165900,0.05500000
2018-03-01 09:05:19,0.08165500,0.01900000
2018-03-01 09:05:19,0.08165500,0.00100000
2018-03-01 09:05:19,0.08165900,0.01600000
2018-03-01 09:05:19,0.08165500,0.02000000
2018-03-01 09:05:19,0.08165900,0.99500000
2018-03-01 09:05:19,0.08165500,0.01700000
2018-03-01 09:05:20,0.08165900,0.30200000
2018-03-01 09:05:20,0.08165900,0.00100000
2018-03-01 09:05:20,0.08166000,0.05100000
2018-03-01 09:05:20,0.08165400,0.36900000
2018-03-01 09:05:20,0.08166000,0.31600000
2018-03-01 09:05:21,0.08166000,0.17000000
2018-03-01 09:05:21,0.08166000,0.50900000
2018-03-01 09:05:21,0.08166000,0.49300000
2018-03-01 09:05:21,0.08166200,0.01400000
2018-03-01 09:05:21,0.08166200,0.47900000
2018-03-01 09:05:21,0.08162000,0.68500000
2018-03-01 09:05:22,0.08162000,1.22400000
2018-03-01 09:05:22,0.08162000,0.19000000
2018-03-01 09:05:22,0.08162000,0.07700000
2018-03-01 09:05:22,0.08162000,0.08200000
2018-03-01 09:05:22,0.08162000,0.31900000
2018-03-01 09:05:22,0.08162000,0.94200000
2018-03-01 09:05:22,0.08162000,0.01300000
2018-03-01 09:05:22,0.08162000,0.31000000
2018-03-01 09:05:22,0.08162000,0.02500000
2018-03-01 09:05:22,0.08162000,1.36300000
2018-03-01 09:05:22,0.08162000,0.12100000
2018-03-01 09:05:23,0.08162000,0.70600000
2018-03-01 09:05:23,0.08157400,0.01400000
2018-03-01 09:05:23,0.08162000,0.46300000
2018-03-01 09:05:23,0.08162000,0.00100000
2018-03-01 09:05:23,0.08167300,0.46200000
2018-03-01 09:05:23,0.08165900,0.01500000
2018-03-01 09:05:23,0.08167200,0.03000000
2018-03-01 09:05:23,0.08167300,0.97000000
2018-03-01 09:05:23,0.08165900,0.17400000
2018-03-01 09:05:23,0.08165900,0.00200000
2018-03-01 09:05:23,0.08157400,0.00100000
2018-03-01 09:05:23,0.08157300,0.17200000
2018-03-01 09:05:23,0.08157300,0.01100000
2018-03-01 09:05:23,0.08157100,0.01500000
2018-03-01 09:05:23,0.08156900,0.01500000
2018-03-01 09:05:23,0.08156200,0.10600000
2018-03-01 09:05:25,0.08158000,0.38900000
2018-03-01 09:05:25,0.08167300,0.01400000
2018-03-01 09:05:25,0.08167000,0.29300000
2018-03-01 09:05:26,0.08167000,0.09700000
2018-03-01 09:05:26,0.08167200,0.09600000
2018-03-01 09:05:27,0.08158300,0.58600000
2018-03-01 09:05:28,0.08158500,0.02000000
2018-03-01 09:05:28,0.08158400,1.09000000
2018-03-01 09:05:28,0.08158300,4.35800000
2018-03-01 09:05:29,0.08158500,0.02000000
2018-03-01 09:05:29,0.08158300,0.39200000
2018-03-01 09:05:29,0.08167100,0.06200000
2018-03-01 09:05:29,0.08158500,0.02000000
2018-03-01 09:05:29,0.08158300,0.40300000
2018-03-01 09:05:29,0.08167100,0.02400000
2018-03-01 09:05:29,0.08167100,0.12200000
2018-03-01 09:05:29,0.08158500,0.01900000
2018-03-01 09:05:29,0.08158600,0.01500000
2018-03-01 09:05:29,0.08158300,0.78500000
2018-03-01 09:05:29,0.08158000,0.41100000
2018-03-01 09:05:29,0.08157700,0.01500000
2018-03-01 09:05:29,0.08157500,0.44000000
2018-03-01 09:05:29,0.08157000,1.21800000
2018-03-01 09:05:29,0.08154300,1.18500000
2018-03-01 09:05:29,0.08153900,0.01400000
2018-03-01 09:05:29,0.08153700,0.01500000
2018-03-01 09:05:29,0.08153600,0.02000000
2018-03-01 09:05:29,0.08153400,0.53800000
2018-03-01 09:05:29,0.08152500,0.78800000
2018-03-01 09:05:29,0.08152400,0.02500000
2018-03-01 09:05:30,0.08158600,0.23300000
2018-03-01 09:05:30,0.08154300,0.15000000
2018-03-01 09:05:30,0.08152400,1.00500000
2018-03-01 09:05:30,0.08152300,0.09000000
2018-03-01 09:05:30,0.08152200,0.78400000
2018-03-01 09:05:30,0.08152100,0.04500000
2018-03-01 09:05:30,0.08152000,0.12000000
2018-03-01 09:05:30,0.08151700,0.07500000
2018-03-01 09:05:30,0.08151600,0.10000000
2018-03-01 09:05:30,0.08151500,0.01500000
2018-03-01 09:05:30,0.08151400,0.01500000
2018-03-01 09:05:30,0.08151300,0.03000000
2018-03-01 09:05:30,0.08151100,0.03600000
2018-03-01 09:05:30,0.08151000,0.03000000
2018-03-01 09:05:30,0.08150700,0.39400000
2018-03-01 09:05:30,0.08150500,0.09800000
2018-03-01 09:05:30,0.08150400,1.00800000
2018-03-01 09:05:30,0.08150100,0.01500000
2018-03-01 09:05:30,0.08150000,0.25900000
2018-03-01 09:05:30,0.08149500,0.05700000
2018-03-01 09:05:30,0.08149100,0.06000000
2018-03-01 09:05:30,0.08149000,0.71500000
2018-03-01 09:05:30,0.08148400,0.14000000
2018-03-01 09:05:30,0.08166500,0.07900000
2018-03-01 09:05:31,0.08166100,0.11000000
2018-03-01 09:05:31,0.08166100,0.02200000
2018-03-01 09:05:31,0.08166100,0.48200000
2018-03-01 09:05:32,0.08166000,0.02400000
2018-03-01 09:05:32,0.08165800,0.11400000
2018-03-01 09:05:32,0.08165700,0.12900000
2018-03-01 09:05:32,0.08165700,2.19600000
2018-03-01 09:05:33,0.08160300,0.02900000
2018-03-01 09:05:33,0.08160300,0.00100000
2018-03-01 09:05:33,0.08165600,0.02800000
2018-03-01 09:05:33,0.08165600,0.02900000
2018-03-01 09:05:33,0.08161300,0.02700000
2018-03-01 09:05:33,0.08165500,0.11500000
2018-03-01 09:05:33,0.08165500,0.05200000
2018-03-01 09:05:34,0.08165500,0.05800000
2018-03-01 09:05:34,0.08165500,0.05900000
2018-03-01 09:05:34,0.08165400,0.07200000
2018-03-01 09:05:34,0.08165400,0.59100000
2018-03-01 09:05:34,0.08165500,0.07200000
2018-03-01 09:05:34,0.08165500,0.12400000
2018-03-01 09:05:34,0.08165600,0.21600000
2018-03-01 09:05:34,0.08165500,0.13900000
2018-03-01 09:05:34,0.08161300,0.28600000
2018-03-01 09:05:35,0.08161400,0.01400000
2018-03-01 09:05:35,0.08165500,0.00100000
2018-03-01 09:05:35,0.08165600,0.12100000
2018-03-01 09:05:35,0.08165500,0.01900000
2018-03-01 09:05:37,0.08161500,0.01400000
2018-03-01 09:05:37,0.08161500,0.00100000
2018-03-01 09:05:37,0.08161400,0.00100000
2018-03-01 09:05:37,0.08161300,0.00100000
2018-03-01 09:05:37,0.08160800,0.01100000
2018-03-01 09:05:37,0.08160800,0.01400000
2018-03-01 09:05:37,0.08165600,0.69700000
2018-03-01 09:05:38,0.08164000,0.25200000
2018-03-01 09:05:39,0.08160800,0.00500000
2018-03-01 09:05:39,0.08156000,0.42300000
2018-03-01 09:05:39,0.08163900,0.01400000
2018-03-01 09:05:39,0.08163900,0.00100000
2018-03-01 09:05:39,0.08164000,0.00100000
2018-03-01 09:05:39,0.08165200,0.01200000
2018-03-01 09:05:39,0.08160900,0.01400000
2018-03-01 09:05:40,0.08165200,0.04300000
2018-03-01 09:05:40,0.08165200,0.59700000
2018-03-01 09:05:40,0.08166000,0.04200000
2018-03-01 09:05:40,0.08163800,0.47000000
2018-03-01 09:05:40,0.08163800,0.00100000
2018-03-01 09:05:40,0.08166000,0.46900000
2018-03-01 09:05:40,0.08166000,0.17600000
2018-03-01 09:05:40,0.08161400,0.13800000
2018-03-01 09:05:40,0.08161400,1.24800000
2018-03-01 09:05:40,0.08166000,0.17600000
2018-03-01 09:05:41,0.08161400,0.10500000
2018-03-01 09:05:41,0.08161400,0.07000000
2018-03-01 09:05:41,0.08161400,0.13200000
2018-03-01 09:05:41,0.08165500,1.17300000
2018-03-01 09:05:41,0.08165500,3.82700000
2018-03-01 09:05:41,0.08166000,0.43600000
2018-03-01 09:05:41,0.08166200,0.01400000
2018-03-01 09:05:41,0.08166400,0.01500000
2018-03-01 09:05:41,0.08166700,0.70700000
2018-03-01 09:05:41,0.08166700,0.17600000
2018-03-01 09:05:41,0.08166700,0.12300000
2018-03-01 09:05:42,0.08161500,0.01400000
2018-03-01 09:05:42,0.08161500,0.00100000
2018-03-01 09:05:42,0.08161400,0.01300000
2018-03-01 09:05:42,0.08166700,0.00200000
2018-03-01 09:05:42,0.08168000,0.85700000
2018-03-01 09:05:42,0.08160900,0.04800000
2018-03-01 09:05:43,0.08160900,0.01500000
2018-03-01 09:05:43,0.08160900,0.01600000
2018-03-01 09:05:43,0.08168000,1.23700000
2018-03-01 09:05:43,0.08168000,0.23500000
2018-03-01 09:05:43,0.08168500,0.01400000
2018-03-01 09:05:44,0.08168500,0.00100000
2018-03-01 09:05:44,0.08168900,0.01500000
2018-03-01 09:05:44,0.08169100,0.01500000
2018-03-01 09:05:44,0.08169300,0.01500000
2018-03-01 09:05:44,0.08169500,0.65200000
2018-03-01 09:05:44,0.08169600,0.01500000
2018-03-01 09:05:44,0.08169900,0.01500000
2018-03-01 09:05:44,0.08170500,0.01500000
2018-03-01 09:05:44,0.08170800,0.01500000
2018-03-01 09:05:44,0.08171100,4.73600000
2018-03-01 09:05:44,0.08171100,4.65100000
2018-03-01 09:05:44,0.08161100,0.02700000
2018-03-01 09:05:44,0.08161200,0.01300000
2018-03-01 09:05:47,0.08162000,0.38900000
2018-03-01 09:05:47,0.08162000,0.00100000
2018-03-01 09:05:47,0.08161600,0.05400000
2018-03-01 09:05:47,0.08161600,0.05500000
2018-03-01 09:05:47,0.08161600,0.05500000
2018-03-01 09:05:47,0.08161600,1.80000000
2018-03-01 09:05:47,0.08170900,0.03200000
2018-03-01 09:05:47,0.08171000,0.16000000
2018-03-01 09:05:50,0.08162500,0.20800000
2018-03-01 09:05:51,0.08162600,0.06200000
2018-03-01 09:05:51,0.08162600,0.01600000
2018-03-01 09:05:51,0.08171000,0.04800000
2018-03-01 09:05:52,0.08162600,0.14300000
2018-03-01 09:05:53,0.08162700,0.27000000
2018-03-01 09:05:53,0.08162700,0.00100000
2018-03-01 09:05:53,0.08162500,0.03500000
2018-03-01 09:05:53,0.08162400,0.23400000
2018-03-01 09:05:53,0.08162500,0.02000000
2018-03-01 09:05:53,0.08162400,0.25000000
2018-03-01 09:05:53,0.08162500,0.02000000
2018-03-01 09:05:53,0.08162400,0.10900000
2018-03-01 09:05:53,0.08162400,3.29700000
2018-03-01 09:05:53,0.08162300,0.10800000
2018-03-01 09:05:53,0.08167300,0.26200000
2018-03-01 09:05:53,0.08162500,0.02000000
2018-03-01 09:05:53,0.08162300,0.00900000
2018-03-01 09:05:54,0.08167300,0.00100000
2018-03-01 09:05:54,0.08162500,0.01900000
2018-03-01 09:05:54,0.08162500,0.00100000
2018-03-01 09:05:54,0.08162300,0.01800000
2018-03-01 09:05:54,0.08162500,0.02000000
2018-03-01 09:05:54,0.08162300,0.01000000
2018-03-01 09:05:55,0.08162600,0.01400000
2018-03-01 09:05:55,0.08162600,0.00100000
2018-03-01 09:05:55,0.08162500,0.01300000
2018-03-01 09:05:55,0.08170900,0.15200000
2018-03-01 09:05:55,0.08162500,0.00700000
2018-03-01 09:05:55,0.08162300,0.07100000
2018-03-01 09:05:56,0.08170700,0.14700000
2018-03-01 09:05:56,0.08162500,0.01900000
2018-03-01 09:05:56,0.08170700,0.02500000
2018-03-01 09:05:56,0.08162500,0.00100000
2018-03-01 09:05:56,0.08162500,0.17300000
2018-03-01 09:05:57,0.08162600,0.01500000
2018-03-01 09:05:57,0.08162500,0.01000000
2018-03-01 09:05:57,0.08162400,0.02000000
2018-03-01 09:05:57,0.08162300,0.03700000
2018-03-01 09:05:57,0.08162400,0.01400000
2018-03-01 09:05:57,0.08162400,0.00600000
2018-03-01 09:05:57,0.08162300,0.00800000
2018-03-01 09:05:57,0.08170700,0.86800000
2018-03-01 09:05:57,0.08170700,0.01900000
2018-03-01 09:05:58,0.08162400,0.02000000
2018-03-01 09:05:58,0.08162400,0.01900000
2018-03-01 09:05:59,0.08162500,0.01500000
2018-03-01 09:05:59,0.08162400,0.00100000
2018-03-01 09:05:59,0.08162300,1.47600000
2018-03-01 09:06:00,0.08162300,0.31100000
2018-03-01 09:06:00,0.08162300,1.30100000
2018-03-01 09:06:00,0.08162300,0.16400000
2018-03-01 09:06:00,0.08162500,0.69800000
2018-03-01 09:06:00,0.08162500,0.14400000
2018-03-01 09:06:00,0.08162500,0.29600000
2018-03-01 09:06:00,0.08162300,0.93000000
2018-03-01 09:06:00,0.08162300,0.57100000
2018-03-01 09:06:00,0.08162300,0.00100000
2018-03-01 09:06:00,0.08162000,1.47500000
2018-03-01 09:06:00,0.08162000,0.43500000
2018-03-01 09:06:01,0.08168200,0.11400000
2018-03-01 09:06:01,0.08162000,0.30600000
2018-03-01 09:06:01,0.08162000,0.11100000
2018-03-01 09:06:01,0.08162000,0.00400000
2018-03-01 09:06:01,0.08161000,0.11000000
2018-03-01 09:06:01,0.08161000,0.10000000
2018-03-01 09:06:01,0.08160900,0.09400000
2018-03-01 09:06:01,0.08162400,0.19800000
2018-03-01 09:06:01,0.08161100,0.20200000
2018-03-01 09:06:01,0.08160400,0.18000000
2018-03-01 09:06:01,0.08160100,0.25500000
2018-03-01 09:06:02,0.08160400,0.18000000
2018-03-01 09:06:02,0.08160100,0.26700000
2018-03-01 09:06:02,0.08170600,0.15800000
2018-03-01 09:06:03,0.08162400,0.15300000
2018-03-01 09:06:03,0.08162400,0.15700000
2018-03-01 09:06:03,0.08162400,0.00100000
2018-03-01 09:06:03,0.08160600,0.14600000
2018-03-01 09:06:03,0.08160700,0.50000000
2018-03-01 09:06:03,0.08162500,0.01500000
2018-03-01 09:06:03,0.08160700,0.31400000
2018-03-01 09:06:04,0.08169700,0.01900000
2018-03-01 09:06:05,0.08169700,0.48500000
2018-03-01 09:06:05,0.08160800,0.08800000
2018-03-01 09:06:05,0.08160800,0.25900000
2018-03-01 09:06:05,0.08169700,0.01900000
2018-03-01 09:06:05,0.08169700,0.00100000
2018-03-01 09:06:05,0.08169800,0.01800000
2018-03-01 09:06:06,0.08165800,0.02900000
2018-03-01 09:06:06,0.08164800,0.02900000
2018-03-01 09:06:06,0.08164800,0.00100000
2018-03-01 09:06:06,0.08161000,0.02800000
2018-03-01 09:06:06,0.08161000,0.00700000
2018-03-01 09:06:06,0.08160900,0.02200000
2018-03-01 09:06:06,0.08160900,0.02800000
2018-03-01 09:06:06,0.08160900,0.11100000
2018-03-01 09:06:08,0.08165800,0.00100000
2018-03-01 09:06:08,0.08169600,0.16100000
2018-03-01 09:06:08,0.08169700,0.70900000
2018-03-01 09:06:08,0.08169800,1.25700000
2018-03-01 09:06:08,0.08170400,0.35400000
2018-03-01 09:06:09,0.08166000,0.13600000
2018-03-01 09:06:09,0.08166000,0.14200000
2018-03-01 09:06:09,0.08166000,0.11200000
2018-03-01 09:06:11,0.08161400,0.05900000
2018-03-01 09:06:12,0.08169500,0.06700000
2018-03-01 09:06:13,0.08169500,0.15200000
2018-03-01 09:06:13,0.08169500,1.99900000
2018-03-01 09:06:14,0.08169500,0.28700000
2018-03-01 09:06:18,0.08161800,0.11100000
2018-03-01 09:06:18,0.08161700,0.01900000
2018-03-01 09:06:18,0.08161700,0.15000000
2018-03-01 09:06:19,0.08161700,1.22600000
2018-03-01 09:06:19,0.08161700,1.54900000
2018-03-01 09:06:19,0.08161700,0.20200000
2018-03-01 09:06:20,0.08169600,0.95300000
2018-03-01 09:06:22,0.08161800,1.22000000
2018-03-01 09:06:22,0.08169500,0.12400000
2018-03-01 09:06:22,0.08169600,1.55400000
2018-03-01 09:06:22,0.08161800,0.45400000
2018-03-01 09:06:22,0.08161800,0.07900000
2018-03-01 09:06:23,0.08169600,0.01700000
2018-03-01 09:06:23,0.08169600,0.04800000
2018-03-01 09:06:23,0.08161400,0.05800000
2018-03-01 09:06:23,0.08161400,0.14200000
2018-03-01 09:06:24,0.08169500,0.01900000
2018-03-01 09:06:25,0.08169400,0.06700000
2018-03-01 09:06:26,0.08169400,0.07300000
2018-03-01 09:06:27,0.08169400,0.02000000
2018-03-01 09:06:27,0.08169400,0.00100000
2018-03-01 09:06:27,0.08169600,0.01900000
2018-03-01 09:06:27,0.08169400,0.01900000
2018-03-01 09:06:27,0.08169400,0.00100000
2018-03-01 09:06:27,0.08169600,0.01800000
2018-03-01 09:06:27,0.08161400,0.00300000
2018-03-01 09:06:27,0.08160300,0.06200000
2018-03-01 09:06:27,0.08169400,0.01900000
2018-03-01 09:06:27,0.08169400,0.00100000
2018-03-01 09:06:27,0.08169400,0.01900000
2018-03-01 09:06:28,0.08160300,0.01600000
2018-03-01 09:06:28,0.08160300,0.16400000
2018-03-01 09:06:28,0.08160100,0.01500000
2018-03-01 09:06:28,0.08160300,0.02000000
2018-03-01 09:06:28,0.08160100,0.33100000
2018-03-01 09:06:28,0.08169400,0.00100000
2018-03-01 09:06:28,0.08169600,0.24800000
2018-03-01 09:06:29,0.08169400,0.01900000
2018-03-01 09:06:29,0.08169400,0.00100000
2018-03-01 09:06:29,0.08169600,0.01800000
2018-03-01 09:06:29,0.08169400,0.02000000
2018-03-01 09:06:29,0.08169600,0.18400000
2018-03-01 09:06:29,0.08169400,0.01900000
2018-03-01 09:06:29,0.08169400,0.00100000
2018-03-01 09:06:29,0.08169600,0.01800000
2018-03-01 09:06:29,0.08169400,0.01900000
2018-03-01 09:06:29,0.08169400,0.00100000
2018-03-01 09:06:29,0.08169600,0.01800000
2018-03-01 09:06:29,0.08169400,0.01900000
2018-03-01 09:06:29,0.08169400,0.00100000
2018-03-01 09:06:29,0.08169600,0.01800000
2018-03-01 09:06:29,0.08160500,0.01900000
2018-03-01 09:06:29,0.08169400,0.01900000
2018-03-01 09:06:30,0.08160500,0.00100000
2018-03-01 09:06:30,0.08160400,0.71900000
2018-03-01 09:06:31,0.08160600,0.06100000
2018-03-01 09:06:31,0.08160600,0.06200000
2018-03-01 09:06:31,0.08169300,0.29300000
2018-03-01 09:06:31,0.08169300,0.12200000
2018-03-01 09:06:32,0.08169300,0.02400000
2018-03-01 09:06:32,0.08160700,0.05500000
2018-03-01 09:06:32,0.08169300,0.27900000
2018-03-01 09:06:32,0.08169300,0.00100000
2018-03-01 09:06:32,0.08169600,0.27800000
2018-03-01 09:06:32,0.08160700,0.16700000
2018-03-01 09:06:32,0.08169600,0.42200000
2018-03-01 09:06:32,0.08160700,0.05500000
2018-03-01 09:06:32,0.08160800,0.03400000
2018-03-01 09:06:32,0.08160800,0.20900000
2018-03-01 09:06:32,0.08160800,0.57600000
2018-03-01 09:06:33,0.08169300,0.12200000
2018-03-01 09:06:33,0.08169200,0.08600000
2018-03-01 09:06:33,0.08169200,0.08600000
2018-03-01 09:06:34,0.08169200,0.08400000
2018-03-01 09:06:34,0.08169200,0.10800000
2018-03-01 09:06:34,0.08169200,0.12200000
2018-03-01 09:06:35,0.08169200,0.13800000
2018-03-01 09:06:35,0.08169200,0.02400000
2018-03-01 09:06:35,0.08160800,0.01900000
2018-03-01 09:06:36,0.08169200,0.14900000
2018-03-01 09:06:36,0.08169200,0.04200000
2018-03-01 09:06:36,0.08169300,0.00100000
2018-03-01 09:06:36,0.08169500,0.67400000
2018-03-01 09:06:37,0.08169500,0.06000000
2018-03-01 09:06:37,0.08169500,0.02500000
2018-03-01 09:06:37,0.08169500,0.14000000
2018-03-01 09:06:37,0.08169500,0.00100000
2018-03-01 09:06:37,0.08169600,0.12100000
2018-03-01 09:06:38,0.08169600,1.28000000
2018-03-01 09:06:38,0.08160900,0.59000000
2018-03-01 09:06:40,0.08169500,0.02400000
2018-03-01 09:06:40,0.08169500,0.30700000
2018-03-01 09:06:40,0.08161000,0.20900000
2018-03-01 09:06:41,0.08161000,0.14200000
2018-03-01 09:06:41,0.08160900,0.05100000
2018-03-01 09:06:41,0.08161000,0.01900000
2018-03-01 09:06:41,0.08169500,0.12200000
2018-03-01 09:06:41,0.08169500,0.13600000
2018-03-01 09:06:41,0.08169500,0.02000000
2018-03-01 09:06:42,0.08161100,0.25700000
2018-03-01 09:06:42,0.08161100,0.00100000
2018-03-01 09:06:42,0.08161000,0.00100000
2018-03-01 09:06:42,0.08160900,0.18200000
2018-03-01 09:06:42,0.08169400,0.38100000
2018-03-01 09:06:42,0.08169400,0.00100000
2018-03-01 09:06:42,0.08169500,0.00100000
2018-03-01 09:06:42,0.08169600,0.00100000
2018-03-01 09:06:42,0.08170000,0.19400000
2018-03-01 09:06:42,0.08170100,0.18400000
2018-03-01 09:06:42,0.08161000,0.01900000
2018-03-01 09:06:43,0.08169500,0.01900000
2018-03-01 09:06:43,0.08161100,1.05500000
2018-03-01 09:06:43,0.08161000,0.00100000
2018-03-01 09:06:43,0.08160300,0.40000000
2018-03-01 09:06:43,0.08160000,0.09300000
2018-03-01 09:06:43,0.08169400,0.04700000
2018-03-01 09:06:44,0.08169400,0.29300000
2018-03-01 09:06:44,0.08169400,0.12000000
2018-03-01 09:06:44,0.08169400,0.03500000
2018-03-01 09:06:44,0.08169400,0.11900000
2018-03-01 09:06:44,0.08169400,0.00100000
2018-03-01 09:06:44,0.08160700,0.04700000
2018-03-01 09:06:44,0.08160600,0.02000000
2018-03-01 09:06:44,0.08160400,0.04900000
2018-03-01 09:06:47,0.08169200,0.04600000
2018-03-01 09:06:48,0.08169200,0.00100000
2018-03-01 09:06:48,0.08169300,0.19000000
2018-03-01 09:06:49,0.08169300,0.86400000
2018-03-01 09:06:51,0.08169300,0.00100000
2018-03-01 09:06:52,0.08169300,0.07400000
2018-03-01 09:06:52,0.08169300,0.00100000
2018-03-01 09:06:52,0.08161200,0.02000000
2018-03-01 09:06:52,0.08160200,0.00400000
2018-03-01 09:06:52,0.08160200,0.01000000
2018-03-01 09:06:52,0.08160100,0.05100000
2018-03-01 09:06:52,0.08161200,0.02000000
2018-03-01 09:06:52,0.08160100,0.00100000
2018-03-01 09:06:52,0.08160100,0.03500000
2018-03-01 09:06:52,0.08160100,0.07400000
2018-03-01 09:06:52,0.08160100,0.07400000
2018-03-01 09:06:52,0.08161200,0.02000000
2018-03-01 09:06:52,0.08160100,0.05400000
2018-03-01 09:06:53,0.08170000,0.01900000
2018-03-01 09:06:53,0.08170100,0.01900000
2018-03-01 09:06:54,0.08169800,0.02800000
2018-03-01 09:06:54,0.08165000,0.01900000
2018-03-01 09:06:55,0.08169800,0.02100000
2018-03-01 09:06:56,0.08169600,0.13400000
2018-03-01 09:06:56,0.08169700,0.01000000
2018-03-01 09:06:56,0.08169600,0.02000000
2018-03-01 09:06:56,0.08169700,0.02600000
2018-03-01 09:06:57,0.08165000,0.01100000
2018-03-01 09:06:57,0.08160800,0.01000000
2018-03-01 09:06:57,0.08169600,0.02000000
2018-03-01 09:06:57,0.08169700,0.10200000
2018-03-01 09:06:57,0.08169700,1.22300000
2018-03-01 09:06:57,0.08169700,2.54800000
2018-03-01 09:06:57,0.08160800,0.01000000
2018-03-01 09:06:57,0.08160100,0.03800000
2018-03-01 09:06:57,0.08160800,0.01700000
2018-03-01 09:06:57,0.08169500,0.22300000
2018-03-01 09:06:58,0.08169500,0.46800000
2018-03-01 09:06:58,0.08169500,0.08800000
2018-03-01 09:06:58,0.08169500,2.70400000
2018-03-01 09:06:58,0.08161000,0.39000000
2018-03-01 09:06:58,0.08160900,0.31300000
2018-03-01 09:06:58,0.08160900,0.08200000
2018-03-01 09:06:58,0.08161000,0.00400000
2018-03-01 09:06:59,0.08161100,0.01900000
2018-03-01 09:06:59,0.08161100,0.00100000
2018-03-01 09:06:59,0.08161000,0.01600000
2018-03-01 09:06:59,0.08161100,0.01700000
2018-03-01 09:06:59,0.08161100,0.00300000
2018-03-01 09:06:59,0.08161000,0.01600000
2018-03-01 09:06:59,0.08161100,0.01700000
2018-03-01 09:06:59,0.08161300,0.00100000
2018-03-01 09:06:59,0.08161300,0.01700000
2018-03-01 09:07:01,0.08161300,0.00200000
2018-03-01 09:07:01,0.08160000,0.68200000
2018-03-01 09:07:01,0.08158700,0.15300000
2018-03-01 09:07:01,0.08169000,0.18100000
2018-03-01 09:07:01,0.08161300,0.00200000
2018-03-01 09:07:01,0.08167000,0.08700000
2018-03-01 09:07:02,0.08167000,0.00200000
2018-03-01 09:07:02,0.08161300,0.03300000
2018-03-01 09:07:02,0.08161300,0.85400000
2018-03-01 09:07:02,0.08166900,0.03100000
2018-03-01 09:07:03,0.08161300,0.00100000
2018-03-01 09:07:03,0.08160300,0.01200000
2018-03-01 09:07:03,0.08160300,0.00800000
2018-03-01 09:07:03,0.08158800,0.12500000
2018-03-01 09:07:04,0.08160300,0.01900000
2018-03-01 09:07:04,0.08160300,0.00100000
2018-03-01 09:07:04,0.08158800,0.00900000
2018-03-01 09:07:04,0.08158700,0.00700000
2018-03-01 09:07:04,0.08160300,0.01900000
2018-03-01 09:07:05,0.08161300,0.08000000
2018-03-01 09:07:05,0.08166900,0.01600000
2018-03-01 09:07:05,0.08161300,0.00100000
2018-03-01 09:07:05,0.08160300,0.00100000
2018-03-01 09:07:05,0.08160200,0.02000000
2018-03-01 09:07:05,0.08160200,0.00300000
2018-03-01 09:07:06,0.08166900,0.00100000
2018-03-01 09:07:06,0.08169000,0.01900000
2018-03-01 09:07:06,0.08160300,0.01600000
2018-03-01 09:07:06,0.08160500,0.02000000
2018-03-01 09:07:06,0.08160400,1.07500000
2018-03-01 09:07:07,0.08160500,0.01900000
2018-03-01 09:07:07,0.08167000,0.20900000
2018-03-01 09:07:08,0.08159000,0.04100000
2018-03-01 09:07:08,0.08167000,0.00100000
2018-03-01 09:07:08,0.08169300,0.02000000
2018-03-01 09:07:08,0.08169900,0.08700000
2018-03-01 09:07:08,0.08159000,0.00100000
2018-03-01 09:07:08,0.08158100,0.06900000
2018-03-01 09:07:08,0.08169300,0.01900000
2018-03-01 09:07:08,0.08169200,0.14900000
2018-03-01 09:07:09,0.08169200,0.75800000
2018-03-01 09:07:09,0.08159100,1.09000000
2018-03-01 09:07:10,0.08159100,0.02000000
2018-03-01 09:07:10,0.08169100,0.15300000
2018-03-01 09:07:10,0.08166900,1.45300000
2018-03-01 09:07:10,0.08160300,0.54200000
2018-03-01 09:07:10,0.08160300,0.05800000
2018-03-01 09:07:11,0.08160400,0.14600000
2018-03-01 09:07:11,0.08166900,0.16800000
2018-03-01 09:07:11,0.08166900,0.16800000
2018-03-01 09:07:11,0.08166900,0.05400000
2018-03-01 09:07:11,0.08160300,0.02700000
2018-03-01 09:07:11,0.08160300,0.37900000
2018-03-01 09:07:11,0.08166900,0.08500000
2018-03-01 09:07:11,0.08160300,0.15200000
2018-03-01 09:07:11,0.08160300,0.10500000
2018-03-01 09:07:12,0.08160300,0.04800000
2018-03-01 09:07:12,0.08160300,0.11700000
2018-03-01 09:07:12,0.08160300,0.04900000
2018-03-01 09:07:12,0.08169000,0.71800000
2018-03-01 09:07:12,0.08160300,0.33900000
2018-03-01 09:07:12,0.08160300,0.17500000
2018-03-01 09:07:12,0.08160400,0.04100000
2018-03-01 09:07:14,0.08169000,0.09600000
2018-03-01 09:07:14,0.08169000,0.03700000
2018-03-01 09:07:14,0.08160400,0.00500000
2018-03-01 09:07:14,0.08160300,0.02100000
2018-03-01 09:07:14,0.08168900,0.02000000
2018-03-01 09:07:14,0.08169000,0.98100000
2018-03-01 09:07:15,0.08168900,0.01900000
2018-03-01 09:07:15,0.08160400,0.02000000
2018-03-01 09:07:15,0.08160300,2.98800000
2018-03-01 09:07:15,0.08158100,0.14100000
2018-03-01 09:07:15,0.08158000,0.01500000
2018-03-01 09:07:15,0.08157900,0.03200000
2018-03-01 09:07:15,0.08156400,0.13400000
2018-03-01 09:07:15,0.08156300,1.03500000
2018-03-01 09:07:15,0.08156200,0.61000000
2018-03-01 09:07:15,0.08156000,0.04000000
2018-03-01 09:07:15,0.08154000,0.45100000
2018-03-01 09:07:15,0.08160600,0.01700000
2018-03-01 09:07:16,0.08168800,0.09600000
2018-03-01 09:07:16,0.08168800,0.16400000
2018-03-01 09:07:17,0.08168700,0.25100000
2018-03-01 09:07:17,0.08168700,1.03500000
2018-03-01 09:07:17,0.08168700,0.02400000
2018-03-01 09:07:18,0.08168600,0.09600000
2018-03-01 09:07:18,0.08168600,0.79300000
2018-03-01 09:07:18,0.08168600,0.27000000
2018-03-01 09:07:19,0.08168500,0.58100000
2018-03-01 09:07:19,0.08168500,0.03800000
2018-03-01 09:07:20,0.08168400,0.09000000
2018-03-01 09:07:20,0.08158100,0.14600000
2018-03-01 09:07:20,0.08161700,0.13100000
2018-03-01 09:07:21,0.08161700,0.00100000
2018-03-01 09:07:21,0.08168300,0.97200000
2018-03-01 09:07:21,0.08168300,0.12500000
2018-03-01 09:07:21,0.08168400,1.02000000
2018-03-01 09:07:22,0.08163000,0.09700000
2018-03-01 09:07:22,0.08163000,0.15800000
2018-03-01 09:07:22,0.08161700,0.02400000
2018-03-01 09:07:22,0.08158300,0.07200000
2018-03-01 09:07:22,0.08168200,0.01900000
2018-03-01 09:07:22,0.08158300,0.03500000
2018-03-01 09:07:22,0.08168200,0.00100000
2018-03-01 09:07:22,0.08168300,0.02000000
2018-03-01 09:07:22,0.08168400,0.03800000
2018-03-01 09:07:23,0.08168200,0.01900000
2018-03-01 09:07:24,0.08158700,0.01900000
2018-03-01 09:07:24,0.08158700,0.00100000
2018-03-01 09:07:24,0.08158600,0.19800000
2018-03-01 09:07:24,0.08158700,0.01900000
2018-03-01 09:07:25,0.08168200,0.00100000
2018-03-01 09:07:25,0.08159000,0.38600000
2018-03-01 09:07:25,0.08159000,0.00400000
2018-03-01 09:07:25,0.08158800,0.18300000
2018-03-01 09:07:26,0.08158800,0.32200000
2018-03-01 09:07:26,0.08166500,0.06100000
2018-03-01 09:07:26,0.08158800,0.05500000
2018-03-01 09:07:26,0.08166500,0.07200000
2018-03-01 09:07:26,0.08158300,0.02000000
2018-03-01 09:07:26,0.08157500,0.09700000
2018-03-01 09:07:27,0.08166500,0.23100000
2018-03-01 09:07:27,0.08158800,0.04600000
2018-03-01 09:07:27,0.08166500,0.01900000
2018-03-01 09:07:27,0.08166500,0.00200000
2018-03-01 09:07:27,0.08166600,0.01800000
2018-03-01 09:07:27,0.08166400,0.01900000
2018-03-01 09:07:27,0.08166400,0.01900000
2018-03-01 09:07:28,0.08165900,0.03300000
2018-03-01 09:07:28,0.08156200,0.11700000
2018-03-01 09:07:28,0.08165800,0.06300000
2018-03-01 09:07:28,0.08156200,0.43900000
2018-03-01 09:07:28,0.08165700,0.02000000
2018-03-01 09:07:28,0.08164700,0.11700000
2018-03-01 09:07:28,0.08165700,0.40100000
2018-03-01 09:07:29,0.08164700,1.27700000
2018-03-01 09:07:29,0.08165700,0.53900000
2018-03-01 09:07:29,0.08165700,0.29800000
2018-03-01 09:07:29,0.08164700,0.70000000
2018-03-01 09:07:29,0.08164700,1.23400000
2018-03-01 09:07:29,0.08164700,0.18000000
2018-03-01 09:07:29,0.08164700,0.90700000
2018-03-01 09:07:29,0.08164700,0.13400000
2018-03-01 09:07:29,0.08164700,0.32200000
2018-03-01 09:07:29,0.08164700,0.06400000
2018-03-01 09:07:29,0.08164700,0.23400000
2018-03-01 09:07:29,0.08164700,0.82500000
2018-03-01 09:07:33,0.08165500,0.02000000
2018-03-01 09:07:33,0.08165600,0.82700000
2018-03-01 09:07:35,0.08165000,0.40900000
2018-03-01 09:07:35,0.08164700,0.00600000
2018-03-01 09:07:35,0.08164700,0.01800000
2018-03-01 09:07:35,0.08165000,0.00100000
2018-03-01 09:07:35,0.08165600,0.83900000
2018-03-01 09:07:35,0.08165000,0.01600000
2018-03-01 09:07:35,0.08160400,0.15300000
2018-03-01 09:07:36,0.08160400,0.10600000
2018-03-01 09:07:36,0.08160400,0.27400000
2018-03-01 09:07:36,0.08165000,0.00400000
2018-03-01 09:07:36,0.08165600,0.85400000
2018-03-01 09:07:37,0.08165000,0.01900000
2018-03-01 09:07:37,0.08165000,0.00100000
2018-03-01 09:07:37,0.08165600,0.01800000
2018-03-01 09:07:37,0.08165000,0.01900000
2018-03-01 09:07:37,0.08165000,0.00100000
2018-03-01 09:07:37,0.08165600,0.01800000
2018-03-01 09:07:37,0.08165000,0.01900000
2018-03-01 09:07:37,0.08165000,0.00100000
2018-03-01 09:07:37,0.08165700,0.01700000
2018-03-01 09:07:37,0.08160400,0.01300000
2018-03-01 09:07:38,0.08165700,0.89500000
2018-03-01 09:07:38,0.08160400,0.23400000
2018-03-01 09:07:38,0.08160400,0.15300000
2018-03-01 09:07:39,0.08165700,0.03300000
2018-03-01 09:07:39,0.08166000,0.12700000
2018-03-01 09:07:40,0.08156200,0.14900000
2018-03-01 09:07:40,0.08165900,0.11000000
2018-03-01 09:07:40,0.08156200,0.03800000
2018-03-01 09:07:40,0.08156300,0.13400000
2018-03-01 09:07:40,0.08156200,0.20800000
2018-03-01 09:07:41,0.08156300,0.34200000
2018-03-01 09:07:42,0.08156400,0.09900000
2018-03-01 09:07:42,0.08156400,0.05400000
2018-03-01 09:07:42,0.08165500,0.03600000
2018-03-01 09:07:42,0.08165600,0.30800000
2018-03-01 09:07:44,0.08157000,0.12400000
2018-03-01 09:07:45,0.08165400,0.02000000
2018-03-01 09:07:45,0.08165500,0.05200000
2018-03-01 09:07:45,0.08165500,0.02000000
2018-03-01 09:07:46,0.08165000,0.11900000
2018-03-01 09:07:48,0.08165000,0.00100000
2018-03-01 09:07:48,0.08165500,0.62400000
2018-03-01 09:07:48,0.08157200,0.01900000
2018-03-01 09:07:49,0.08165500,0.19000000
2018-03-01 09:07:50,0.08165500,0.00300000
2018-03-01 09:07:52,0.08165500,0.04800000
2018-03-01 09:07:54,0.08165500,0.08900000
2018-03-01 09:07:54,0.08165500,0.19100000
2018-03-01 09:07:55,0.08165500,0.33400000
2018-03-01 09:07:55,0.08165500,0.00100000
2018-03-01 09:07:55,0.08166000,0.09200000
2018-03-01 09:07:55,0.08166000,0.12300000
2018-03-01 09:07:56,0.08166000,0.02000000
2018-03-01 09:07:57,0.08157500,0.03400000
2018-03-01 09:07:57,0.08157200,1.96800000
2018-03-01 09:07:58,0.08157500,0.01900000
2018-03-01 09:07:59,0.08166000,0.00100000
2018-03-01 09:07:59,0.08166400,0.02700000
2018-03-01 09:07:59,0.08166000,0.01700000
2018-03-01 09:07:59,0.08166000,0.00300000
2018-03-01 09:07:59,0.08166300,0.06000000
2018-03-01 09:08:01,0.08159600,0.11000000
2018-03-01 09:08:01,0.08159600,0.05700000
2018-03-01 09:08:01,0.08165400,0.02800000
2018-03-01 09:08:02,0.08165400,0.21600000
2018-03-01 09:08:02,0.08159600,0.02400000
2018-03-01 09:08:02,0.08165400,0.83800000
2018-03-01 09:08:03,0.08165400,0.07000000
2018-03-01 09:08:03,0.08165400,0.51500000
2018-03-01 09:08:06,0.08165400,0.00100000
2018-03-01 09:08:06,0.08165500,0.08700000
2018-03-01 09:08:06,0.08166000,0.02000000
2018-03-01 09:08:06,0.08166400,0.08800000
2018-03-01 09:08:06,0.08166500,0.41500000
2018-03-01 09:08:07,0.08166400,0.03500000
2018-03-01 09:08:08,0.08166400,0.09900000
2018-03-01 09:08:08,0.08159600,0.00100000
2018-03-01 09:08:08,0.08157400,0.02000000
2018-03-01 09:08:08,0.08157300,0.06000000
2018-03-01 09:08:08,0.08157200,0.06400000
2018-03-01 09:08:09,0.08157400,0.01900000
2018-03-01 09:08:09,0.08157600,0.02600000
2018-03-01 09:08:10,0.08157600,0.12700000
2018-03-01 09:08:10,0.08157600,0.10200000
2018-03-01 09:08:11,0.08157700,0.10700000
2018-03-01 09:08:11,0.08166200,0.09900000
2018-03-01 09:08:12,0.08157500,0.01900000
2018-03-01 09:08:12,0.08165500,0.04100000
2018-03-01 09:08:12,0.08165500,0.02900000
2018-03-01 09:08:13,0.08165500,0.00400000
2018-03-01 09:08:13,0.08166200,0.02200000
2018-03-01 09:08:13,0.08166300,0.02300000
2018-03-01 09:08:13,0.08166200,0.01900000
2018-03-01 09:08:13,0.08157600,0.18100000
2018-03-01 09:08:14,0.08157700,0.04500000
2018-03-01 09:08:14,0.08157600,0.00400000
2018-03-01 09:08:15,0.08166100,0.12700000
2018-03-01 09:08:15,0.08166100,0.07700000
2018-03-01 09:08:15,0.08157700,0.01900000
2018-03-01 09:08:15,0.08157700,0.02000000
2018-03-01 09:08:18,0.08157700,0.02400000
2018-03-01 09:08:18,0.08157700,0.07500000
2018-03-01 09:08:18,0.08157500,0.02000000
2018-03-01 09:08:18,0.08157100,1.79600000
2018-03-01 09:08:18,0.08156000,0.18000000
2018-03-01 09:08:18,0.08155000,0.02200000
2018-03-01 09:08:18,0.08154800,0.07100000
2018-03-01 09:08:18,0.08154600,1.60200000
2018-03-01 09:08:18,0.08154000,0.19700000
2018-03-01 09:08:19,0.08156000,0.01900000
2018-03-01 09:08:19,0.08157800,0.57000000
2018-03-01 09:08:19,0.08157800,0.01500000
2018-03-01 09:08:19,0.08166100,0.06800000
2018-03-01 09:08:20,0.08157900,0.02000000
2018-03-01 09:08:20,0.08157800,0.23300000
2018-03-01 09:08:20,0.08157900,0.02000000
2018-03-01 09:08:20,0.08166000,0.14500000
2018-03-01 09:08:20,0.08166000,0.56000000
2018-03-01 09:08:20,0.08166000,0.16100000
2018-03-01 09:08:20,0.08157900,0.02000000
2018-03-01 09:08:20,0.08157200,0.51500000
2018-03-01 09:08:20,0.08155100,0.10400000
2018-03-01 09:08:20,0.08157200,0.02000000
2018-03-01 09:08:20,0.08157200,0.02000000
2018-03-01 09:08:20,0.08157200,0.02000000
2018-03-01 09:08:20,0.08157200,0.07000000
2018-03-01 09:08:20,0.08157200,0.36800000
2018-03-01 09:08:20,0.08166000,0.06500000
2018-03-01 09:08:20,0.08166000,0.10300000
2018-03-01 09:08:20,0.08166200,0.02000000
2018-03-01 09:08:20,0.08166300,0.01300000
2018-03-01 09:08:20,0.08166400,0.04000000
2018-03-01 09:08:20,0.08166400,0.09400000
2018-03-01 09:08:20,0.08166500,0.31100000
2018-03-01 09:08:20,0.08166500,0.30400000
2018-03-01 09:08:20,0.08166600,0.08200000
2018-03-01 09:08:21,0.08166200,0.01900000
2018-03-01 09:08:21,0.08166200,0.00100000
2018-03-01 09:08:21,0.08166600,0.01600000
2018-03-01 09:08:21,0.08157900,0.66400000
2018-03-01 09:08:21,0.08165900,0.04800000
2018-03-01 09:08:21,0.08165900,0.04100000
2018-03-01 09:08:22,0.08165900,0.02900000
2018-03-01 09:08:22,0.08165900,0.14000000
2018-03-01 09:08:22,0.08166200,0.02000000
2018-03-01 09:08:22,0.08166500,0.03800000
2018-03-01 09:08:22,0.08157900,0.02000000
2018-03-01 09:08:22,0.08155400,0.00400000
2018-03-01 09:08:22,0.08166200,0.01700000
2018-03-01 09:08:23,0.08166200,0.12300000
2018-03-01 09:08:23,0.08166200,0.13400000
2018-03-01 09:08:23,0.08166200,0.15600000
2018-03-01 09:08:23,0.08166500,0.09600000
2018-03-01 09:08:23,0.08166600,0.51300000
2018-03-01 09:08:24,0.08166100,0.07600000
2018-03-01 09:08:24,0.08157700,0.02400000
2018-03-01 09:08:24,0.08166100,0.02300000
2018-03-01 09:08:24,0.08166100,0.00300000
2018-03-01 09:08:24,0.08166600,0.85500000
2018-03-01 09:08:25,0.08166100,0.01900000
2018-03-01 09:08:25,0.08166100,0.00100000
2018-03-01 09:08:25,0.08166600,0.22500000
2018-03-01 09:08:25,0.08166100,0.02000000
2018-03-01 09:08:26,0.08166100,0.01900000
2018-03-01 09:08:26,0.08166100,0.00100000
2018-03-01 09:08:26,0.08166600,0.85700000
2018-03-01 09:08:27,0.08166100,0.01900000
2018-03-01 09:08:27,0.08160800,0.02400000
2018-03-01 09:08:28,0.08160800,0.02800000
2018-03-01 09:08:28,0.08160800,0.22200000
2018-03-01 09:08:29,0.08160800,0.03500000
2018-03-01 09:08:30,0.08160800,0.02500000
2018-03-01 09:08:30,0.08160800,0.05800000
2018-03-01 09:08:31,0.08160800,0.00800000
2018-03-01 09:08:31,0.08166100,0.00100000
2018-03-01 09:08:31,0.08166100,0.02000000
2018-03-01 09:08:31,0.08166100,0.97100000
2018-03-01 09:08:34,0.08160000,0.13300000
2018-03-01 09:08:35,0.08164700,0.01400000
2018-03-01 09:08:35,0.08164700,1.62000000
2018-03-01 09:08:35,0.08165900,0.00100000
2018-03-01 09:08:35,0.08166600,0.18900000
2018-03-01 09:08:35,0.08166600,0.35600000
2018-03-01 09:08:36,0.08164700,0.14200000
2018-03-01 09:08:36,0.08166600,0.83000000
2018-03-01 09:08:36,0.08164700,0.15100000
2018-03-01 09:08:36,0.08166600,1.22300000
2018-03-01 09:08:36,0.08164700,0.31800000
2018-03-01 09:08:36,0.08166600,0.70500000
2018-03-01 09:08:36,0.08166600,0.51000000
2018-03-01 09:08:37,0.08166600,1.22300000
2018-03-01 09:08:37,0.08166600,0.29900000
2018-03-01 09:08:37,0.08166600,11.56700000
2018-03-01 09:08:37,0.08164700,0.10700000
2018-03-01 09:08:37,0.08166600,0.22400000
2018-03-01 09:08:38,0.08166600,0.02900000
2018-03-01 09:08:38,0.08164700,0.02700000
2018-03-01 09:08:38,0.08164700,0.03700000
2018-03-01 09:08:39,0.08166600,0.05000000
2018-03-01 09:08:39,0.08166600,0.09500000
2018-03-01 09:08:39,0.08166600,5.98700000
2018-03-01 09:08:40,0.08164700,1.22300000
2018-03-01 09:08:40,0.08166600,0.06600000
2018-03-01 09:08:40,0.08164700,1.36000000
2018-03-01 09:08:40,0.08164700,0.00100000
2018-03-01 09:08:40,0.08164500,1.34400000
2018-03-01 09:08:40,0.08164500,0.01600000
2018-03-01 09:08:41,0.08157800,0.13400000
2018-03-01 09:08:41,0.08157700,2.96800000
2018-03-01 09:08:42,0.08160600,0.05900000
2018-03-01 09:08:42,0.08164500,0.00100000
2018-03-01 09:08:43,0.08166600,1.21800000
2018-03-01 09:08:43,0.08166600,1.32400000
2018-03-01 09:08:43,0.08160600,0.00100000
2018-03-01 09:08:43,0.08157800,0.02000000
2018-03-01 09:08:43,0.08157700,1.09600000
2018-03-01 09:08:44,0.08166500,0.01900000
2018-03-01 09:08:45,0.08166500,0.00100000
2018-03-01 09:08:46,0.08166600,1.21800000
2018-03-01 09:08:46,0.08166500,0.01700000
2018-03-01 09:08:46,0.08166500,0.00700000
2018-03-01 09:08:46,0.08158000,0.01500000
2018-03-01 09:08:46,0.08158000,0.00500000
2018-03-01 09:08:46,0.08157900,0.01900000
2018-03-01 09:08:46,0.08166500,0.02000000
2018-03-01 09:08:46,0.08166600,1.75900000
2018-03-01 09:08:46,0.08162600,0.40000000
2018-03-01 09:08:46,0.08166600,1.92000000
2018-03-01 09:08:46,0.08166600,0.18800000
2018-03-01 09:08:46,0.08158000,0.02000000
2018-03-01 09:08:46,0.08157900,0.13700000
2018-03-01 09:08:46,0.08166500,0.01700000
2018-03-01 09:08:46,0.08166500,0.00300000
2018-03-01 09:08:46,0.08166600,0.01600000
2018-03-01 09:08:46,0.08165900,0.11100000
2018-03-01 09:08:46,0.08165900,0.28800000
2018-03-01 09:08:46,0.08165900,0.28700000
2018-03-01 09:08:47,0.08165900,1.57600000
2018-03-01 09:08:47,0.08165900,0.05600000
2018-03-01 09:08:47,0.08165900,0.34800000
2018-03-01 09:08:47,0.08165900,0.04800000
2018-03-01 09:08:47,0.08157800,0.18200000
2018-03-01 09:08:48,0.08165800,0.15400000
2018-03-01 09:08:48,0.08165800,0.00200000
2018-03-01 09:08:48,0.08165900,0.12300000
2018-03-01 09:08:48,0.08165900,2.12700000
2018-03-01 09:08:48,0.08165900,0.03600000
2018-03-01 09:08:48,0.08166600,0.09100000
2018-03-01 09:08:48,0.08168100,0.10300000
2018-03-01 09:08:48,0.08168100,0.45800000
2018-03-01 09:08:48,0.08169000,0.12900000
2018-03-01 09:08:49,0.08158000,0.13400000
2018-03-01 09:08:49,0.08168900,0.40500000
2018-03-01 09:08:49,0.08157900,0.04300000
2018-03-01 09:08:49,0.08158200,0.92500000
2018-03-01 09:08:50,0.08158400,1.10600000
2018-03-01 09:08:50,0.08168600,0.13300000
2018-03-01 09:08:51,0.08159000,0.38000000
2018-03-01 09:08:51,0.08158400,0.35000000
2018-03-01 09:08:52,0.08159100,0.20800000
2018-03-01 09:08:53,0.08159200,0.02000000
2018-03-01 09:08:53,0.08168500,0.12500000
2018-03-01 09:08:53,0.08168500,0.08300000
2018-03-01 09:08:53,0.08168600,0.08200000
2018-03-01 09:08:54,0.08162100,0.20700000
2018-03-01 09:08:54,0.08162100,0.19300000
2018-03-01 09:08:54,0.08159300,0.18100000
2018-03-01 09:08:54,0.08159300,0.04700000
2018-03-01 09:08:54,0.08168000,0.09100000
2018-03-01 09:08:55,0.08159300,0.02000000
2018-03-01 09:08:55,0.08159300,0.02000000
2018-03-01 09:08:55,0.08159400,0.02700000
2018-03-01 09:08:56,0.08159400,0.26500000
2018-03-01 09:08:57,0.08159200,0.14200000
2018-03-01 09:08:57,0.08166000,0.01300000
