DATE,PRICE,VOLUME
2018-02-28 21:00:00,0.08171800,0.01800000
2018-02-28 21:00:00,0.08171800,0.02400000
2018-02-28 21:00:00,0.08171900,0.09900000
2018-02-28 21:00:01,0.08171900,0.05000000
2018-02-28 21:00:02,0.08178700,0.26300000
2018-02-28 21:00:02,0.08172000,0.01900000
2018-02-28 21:00:02,0.08178700,0.10200000
2018-02-28 21:00:02,0.08172100,0.01900000
2018-02-28 21:00:02,0.08172100,0.00100000
2018-02-28 21:00:02,0.08172000,0.01900000
2018-02-28 21:00:02,0.08172100,0.01900000
2018-02-28 21:00:04,0.08171900,0.01900000
2018-02-28 21:00:05,0.08172100,0.18100000
2018-02-28 21:00:05,0.08172100,0.05800000
2018-02-28 21:00:05,0.08172100,0.05800000
2018-02-28 21:00:05,0.08172100,0.24000000
2018-02-28 21:00:06,0.08172200,0.02000000
2018-02-28 21:00:06,0.08172100,0.40400000
2018-02-28 21:00:06,0.08172200,0.02000000
2018-02-28 21:00:06,0.08172100,0.02000000
2018-02-28 21:00:08,0.08172200,0.01900000
2018-02-28 21:00:09,0.08172200,0.00100000
2018-02-28 21:00:09,0.08172100,0.11200000
2018-02-28 21:00:09,0.08178700,0.00100000
2018-02-28 21:00:09,0.08180500,0.58700000
2018-02-28 21:00:09,0.08180500,0.24300000
2018-02-28 21:00:09,0.08172200,0.01900000
2018-02-28 21:00:10,0.08178700,0.20700000
2018-02-28 21:00:10,0.08178700,0.01000000
2018-02-28 21:00:10,0.08180500,0.20600000
2018-02-28 21:00:11,0.08180500,0.29800000
2018-02-28 21:00:11,0.08180500,0.00100000
2018-02-28 21:00:11,0.08180600,0.03500000
2018-02-28 21:00:11,0.08172200,0.00100000
2018-02-28 21:00:11,0.08172100,0.05600000
2018-02-28 21:00:12,0.08172200,0.02000000
2018-02-28 21:00:12,0.08180600,0.94500000
2018-02-28 21:00:12,0.08172100,0.01900000
2018-02-28 21:00:12,0.08180600,0.14500000
2018-02-28 21:00:12,0.08172100,0.01900000
2018-02-28 21:00:12,0.08172200,0.02000000
2018-02-28 21:00:12,0.08172100,0.22300000
2018-02-28 21:00:12,0.08172200,0.01900000
2018-02-28 21:00:12,0.08172200,0.00100000
2018-02-28 21:00:12,0.08172100,0.02800000
2018-02-28 21:00:12,0.08180600,0.40000000
2018-02-28 21:00:13,0.08179700,0.10000000
2018-02-28 21:00:13,0.08172200,0.02600000
2018-02-28 21:00:13,0.08172200,0.09900000
2018-02-28 21:00:14,0.08172200,0.08500000
2018-02-28 21:00:14,0.08178500,0.15000000
2018-02-28 21:00:14,0.08172200,0.17900000
2018-02-28 21:00:14,0.08178500,0.01600000
2018-02-28 21:00:14,0.08178500,0.03400000
2018-02-28 21:00:14,0.08179700,0.02900000
2018-02-28 21:00:14,0.08180600,0.01100000
2018-02-28 21:00:15,0.08172100,0.03200000
2018-02-28 21:00:16,0.08172200,0.15000000
2018-02-28 21:00:16,0.08180600,0.02800000
2018-02-28 21:00:16,0.08180600,0.05700000
2018-02-28 21:00:17,0.08172200,0.05200000
2018-02-28 21:00:18,0.08180400,0.01900000
2018-02-28 21:00:18,0.08172100,0.02100000
2018-02-28 21:00:19,0.08172200,0.14900000
2018-02-28 21:00:19,0.08180400,0.06100000
2018-02-28 21:00:20,0.08172200,0.06000000
2018-02-28 21:00:21,0.08180400,0.02800000
2018-02-28 21:00:21,0.08180500,0.22200000
2018-02-28 21:00:21,0.08172200,0.38000000
2018-02-28 21:00:21,0.08172200,0.36400000
2018-02-28 21:00:22,0.08172200,0.22600000
2018-02-28 21:00:22,0.08180400,0.02000000
2018-02-28 21:00:22,0.08180500,0.01400000
2018-02-28 21:00:23,0.08180400,0.01900000
2018-02-28 21:00:23,0.08180400,0.00100000
2018-02-28 21:00:23,0.08180400,0.02000000
2018-02-28 21:00:23,0.08180600,0.00100000
2018-02-28 21:00:23,0.08181500,0.07600000
2018-02-28 21:00:23,0.08181500,0.37500000
2018-02-28 21:00:23,0.08181600,0.02000000
2018-02-28 21:00:23,0.08182000,0.25300000
2018-02-28 21:00:23,0.08180400,1.41000000
2018-02-28 21:00:24,0.08180400,1.37300000
2018-02-28 21:00:24,0.08181600,0.02000000
2018-02-28 21:00:24,0.08182000,0.02700000
2018-02-28 21:00:24,0.08182100,0.10000000
2018-02-28 21:00:24,0.08182500,0.25700000
2018-02-28 21:00:24,0.08181600,0.02000000
2018-02-28 21:00:24,0.08183300,1.83300000
2018-02-28 21:00:24,0.08184000,0.09500000
2018-02-28 21:00:24,0.08184100,0.04800000
2018-02-28 21:00:24,0.08184200,0.87500000
2018-02-28 21:00:25,0.08181500,0.05900000
2018-02-28 21:00:25,0.08172700,0.28500000
2018-02-28 21:00:26,0.08182500,0.02000000
2018-02-28 21:00:26,0.08184200,1.10800000
2018-02-28 21:00:26,0.08182500,0.01500000
2018-02-28 21:00:26,0.08173000,0.17600000
2018-02-28 21:00:26,0.08182700,0.02000000
2018-02-28 21:00:26,0.08184200,0.88000000
2018-02-28 21:00:27,0.08182000,0.17900000
2018-02-28 21:00:27,0.08173100,0.23200000
2018-02-28 21:00:27,0.08173100,1.82300000
2018-02-28 21:00:27,0.08173200,0.02000000
2018-02-28 21:00:27,0.08173100,1.45500000
2018-02-28 21:00:27,0.08173000,0.34700000
2018-02-28 21:00:28,0.08180400,0.03700000
2018-02-28 21:00:28,0.08180400,0.03800000
2018-02-28 21:00:28,0.08173200,0.09700000
2018-02-28 21:00:28,0.08180400,0.06500000
2018-02-28 21:00:28,0.08180400,0.29900000
2018-02-28 21:00:28,0.08180400,0.00100000
2018-02-28 21:00:28,0.08182000,0.02100000
2018-02-28 21:00:28,0.08184200,0.27700000
2018-02-28 21:00:28,0.08173200,0.12900000
2018-02-28 21:00:28,0.08173200,0.06100000
2018-02-28 21:00:28,0.08181400,0.06000000
2018-02-28 21:00:28,0.08181400,0.07000000
2018-02-28 21:00:28,0.08182000,0.05900000
2018-02-28 21:00:28,0.08182000,0.12000000
2018-02-28 21:00:29,0.08182000,0.40500000
2018-02-28 21:00:29,0.08173300,0.19900000
2018-02-28 21:00:29,0.08173300,0.08600000
2018-02-28 21:00:30,0.08183400,0.12000000
2018-02-28 21:00:32,0.08174000,0.05300000
2018-02-28 21:00:32,0.08174000,0.13300000
2018-02-28 21:00:32,0.08174000,0.13200000
2018-02-28 21:00:32,0.08183300,0.14900000
2018-02-28 21:00:32,0.08183400,0.55800000
2018-02-28 21:00:33,0.08183000,0.04600000
2018-02-28 21:00:34,0.08183000,0.31700000
2018-02-28 21:00:34,0.08182900,0.02000000
2018-02-28 21:00:34,0.08183000,0.02100000
2018-02-28 21:00:34,0.08174400,0.15000000
2018-02-28 21:00:34,0.08174300,0.19500000
2018-02-28 21:00:34,0.08174300,0.04900000
2018-02-28 21:00:36,0.08174400,0.06000000
2018-02-28 21:00:36,0.08174500,0.02000000
2018-02-28 21:00:36,0.08174400,0.11800000
2018-02-28 21:00:36,0.08174400,0.73800000
2018-02-28 21:00:36,0.08174500,0.02000000
2018-02-28 21:00:36,0.08174400,0.03000000
2018-02-28 21:00:36,0.08174500,0.01900000
2018-02-28 21:00:37,0.08181400,0.03500000
2018-02-28 21:00:37,0.08181400,0.07400000
2018-02-28 21:00:37,0.08174500,0.11900000
2018-02-28 21:00:37,0.08175600,0.08700000
2018-02-28 21:00:38,0.08175600,0.03700000
2018-02-28 21:00:38,0.08175600,0.00100000
2018-02-28 21:00:38,0.08181000,0.03600000
2018-02-28 21:00:38,0.08181000,0.03700000
2018-02-28 21:00:38,0.08181000,0.03800000
2018-02-28 21:00:38,0.08181000,0.03600000
2018-02-28 21:00:38,0.08177200,0.04900000
2018-02-28 21:00:38,0.08181000,0.78900000
2018-02-28 21:00:38,0.08177200,0.02200000
2018-02-28 21:00:39,0.08177200,0.02300000
2018-02-28 21:00:39,0.08181000,0.17000000
2018-02-28 21:00:39,0.08181000,0.70000000
2018-02-28 21:00:40,0.08181000,0.10000000
2018-02-28 21:00:40,0.08181000,0.51400000
2018-02-28 21:00:40,0.08177200,0.02500000
2018-02-28 21:00:41,0.08181000,0.03600000
2018-02-28 21:00:41,0.08181000,0.12300000
2018-02-28 21:00:42,0.08181400,0.37700000
2018-02-28 21:00:42,0.08182800,0.24400000
2018-02-28 21:00:42,0.08183000,0.05200000
2018-02-28 21:00:42,0.08183000,0.00100000
2018-02-28 21:00:42,0.08177200,0.00100000
2018-02-28 21:00:42,0.08174500,0.05000000
2018-02-28 21:00:42,0.08174500,0.05200000
2018-02-28 21:00:42,0.08174500,0.05000000
2018-02-28 21:00:42,0.08174500,0.05200000
2018-02-28 21:00:42,0.08174500,0.03500000
2018-02-28 21:00:42,0.08174500,0.05200000
2018-02-28 21:00:42,0.08174500,0.05200000
2018-02-28 21:00:42,0.08174600,0.02000000
2018-02-28 21:00:42,0.08174500,0.03500000
2018-02-28 21:00:43,0.08183400,0.01000000
2018-02-28 21:00:43,0.08174600,0.01900000
2018-02-28 21:00:43,0.08174600,0.00100000
2018-02-28 21:00:43,0.08174500,0.01400000
2018-02-28 21:00:43,0.08174600,0.65800000
2018-02-28 21:00:43,0.08174600,0.07400000
2018-02-28 21:00:43,0.08174700,0.00100000
2018-02-28 21:00:44,0.08174700,0.65500000
2018-02-28 21:00:44,0.08174600,0.69800000
2018-02-28 21:00:44,0.08174700,0.02000000
2018-02-28 21:00:44,0.08174600,0.13200000
2018-02-28 21:00:45,0.08174700,0.04700000
2018-02-28 21:00:45,0.08174700,0.02900000
2018-02-28 21:00:46,0.08175000,0.43400000
2018-02-28 21:00:46,0.08175100,0.04700000
2018-02-28 21:00:48,0.08175100,0.02300000
2018-02-28 21:00:49,0.08175100,0.02000000
2018-02-28 21:00:49,0.08175100,0.01900000
2018-02-28 21:00:49,0.08182900,0.20600000
2018-02-28 21:00:49,0.08175100,0.01500000
2018-02-28 21:00:50,0.08182900,2.20700000
2018-02-28 21:00:50,0.08175100,0.01500000
2018-02-28 21:00:52,0.08175100,0.25900000
2018-02-28 21:00:52,0.08183100,0.01900000
2018-02-28 21:00:53,0.08175100,0.35600000
2018-02-28 21:00:53,0.08175100,0.45300000
2018-02-28 21:00:53,0.08183100,0.33800000
2018-02-28 21:00:53,0.08177100,0.23700000
2018-02-28 21:00:54,0.08183200,0.04000000
2018-02-28 21:00:55,0.08177100,0.13700000
2018-02-28 21:00:55,0.08183200,0.02500000
2018-02-28 21:00:55,0.08183200,0.59100000
2018-02-28 21:00:55,0.08183300,0.94600000
2018-02-28 21:00:55,0.08183400,1.50000000
2018-02-28 21:00:55,0.08184200,0.29300000
2018-02-28 21:00:55,0.08184400,0.06000000
2018-02-28 21:00:55,0.08184600,0.06000000
2018-02-28 21:00:55,0.08185600,0.12000000
2018-02-28 21:00:55,0.08185900,0.18000000
2018-02-28 21:00:55,0.08186000,8.46500000
2018-02-28 21:00:55,0.08183300,0.14900000
2018-02-28 21:00:56,0.08184300,0.02000000
2018-02-28 21:00:56,0.08177100,1.40000000
2018-02-28 21:00:57,0.08184700,0.02000000
2018-02-28 21:00:57,0.08184700,0.02000000
2018-02-28 21:00:58,0.08184700,0.02000000
2018-02-28 21:00:58,0.08184700,0.02000000
2018-02-28 21:00:58,0.08177100,0.05000000
2018-02-28 21:00:59,0.08177100,0.03000000
2018-02-28 21:01:00,0.08177200,0.01700000
2018-02-28 21:01:00,0.08186100,0.02000000
2018-02-28 21:01:00,0.08186200,0.19400000
2018-02-28 21:01:00,0.08186200,0.21400000
2018-02-28 21:01:01,0.08177200,0.62600000
2018-02-28 21:01:01,0.08177200,0.00200000
2018-02-28 21:01:01,0.08177100,0.02000000
2018-02-28 21:01:01,0.08176500,0.01500000
2018-02-28 21:01:02,0.08185900,0.01800000
2018-02-28 21:01:02,0.08185900,0.00600000
2018-02-28 21:01:02,0.08177300,0.01700000
2018-02-28 21:01:02,0.08177300,0.00200000
2018-02-28 21:01:02,0.08177100,0.01700000
2018-02-28 21:01:02,0.08177100,0.00300000
2018-02-28 21:01:02,0.08176500,0.02000000
2018-02-28 21:01:02,0.08176500,0.02200000
2018-02-28 21:01:02,0.08176500,0.02300000
2018-02-28 21:01:02,0.08176500,0.02300000
2018-02-28 21:01:02,0.08176500,0.02300000
2018-02-28 21:01:02,0.08176500,0.02300000
2018-02-28 21:01:02,0.08176500,0.02300000
2018-02-28 21:01:02,0.08176500,0.02300000
2018-02-28 21:01:02,0.08176500,0.02300000
2018-02-28 21:01:02,0.08176500,0.02300000
2018-02-28 21:01:02,0.08177100,0.02000000
2018-02-28 21:01:02,0.08176500,0.07200000
2018-02-28 21:01:02,0.08186000,0.01900000
2018-02-28 21:01:02,0.08177100,0.02000000
2018-02-28 21:01:02,0.08176500,0.47300000
2018-02-28 21:01:02,0.08186000,0.03500000
2018-02-28 21:01:03,0.08178000,0.34500000
2018-02-28 21:01:03,0.08178000,0.70200000
2018-02-28 21:01:03,0.08186000,0.12200000
2018-02-28 21:01:04,0.08178000,3.59900000
2018-02-28 21:01:04,0.08178100,0.12800000
2018-02-28 21:01:07,0.08183300,0.84700000
2018-02-28 21:01:07,0.08178300,0.01900000
2018-02-28 21:01:08,0.08176500,0.08800000
2018-02-28 21:01:08,0.08172100,0.01500000
2018-02-28 21:01:08,0.08171000,0.06000000
2018-02-28 21:01:08,0.08169000,0.04500000
2018-02-28 21:01:08,0.08168700,0.92000000
2018-02-28 21:01:08,0.08183300,0.20100000
2018-02-28 21:01:08,0.08183300,0.20000000
2018-02-28 21:01:08,0.08183300,0.06100000
2018-02-28 21:01:08,0.08183300,0.17100000
2018-02-28 21:01:08,0.08168800,0.02300000
2018-02-28 21:01:08,0.08183300,0.03700000
2018-02-28 21:01:08,0.08183200,0.24300000
2018-02-28 21:01:08,0.08183200,0.06100000
2018-02-28 21:01:09,0.08183200,0.09700000
2018-02-28 21:01:09,0.08183300,0.07300000
2018-02-28 21:01:09,0.08174200,1.01300000
2018-02-28 21:01:10,0.08184600,0.02000000
2018-02-28 21:01:10,0.08184600,0.02000000
2018-02-28 21:01:10,0.08174300,0.15500000
2018-02-28 21:01:11,0.08174500,0.01900000
2018-02-28 21:01:11,0.08174400,0.03100000
2018-02-28 21:01:12,0.08184900,0.02000000
2018-02-28 21:01:12,0.08186800,0.21500000
2018-02-28 21:01:12,0.08186900,0.18500000
2018-02-28 21:01:13,0.08184900,0.04800000
2018-02-28 21:01:13,0.08186900,0.01300000
2018-02-28 21:01:13,0.08175900,0.02500000
2018-02-28 21:01:13,0.08175900,0.11800000
2018-02-28 21:01:13,0.08176000,0.04300000
2018-02-28 21:01:14,0.08186800,0.04300000
2018-02-28 21:01:14,0.08186900,2.38300000
2018-02-28 21:01:14,0.08186900,0.12900000
2018-02-28 21:01:14,0.08186900,0.06600000
2018-02-28 21:01:15,0.08176300,0.08600000
2018-02-28 21:01:17,0.08176400,0.92700000
2018-02-28 21:01:17,0.08176400,2.96400000
2018-02-28 21:01:19,0.08177100,0.01900000
2018-02-28 21:01:19,0.08177200,0.03000000
2018-02-28 21:01:21,0.08177300,0.13000000
2018-02-28 21:01:21,0.08177300,0.05300000
2018-02-28 21:01:22,0.08177400,1.20600000
2018-02-28 21:01:24,0.08186600,0.04700000
2018-02-28 21:01:24,0.08186500,0.02000000
2018-02-28 21:01:24,0.08186600,0.03800000
2018-02-28 21:01:27,0.08186500,0.03000000
2018-02-28 21:01:27,0.08186500,1.97400000
2018-02-28 21:01:27,0.08186500,0.98200000
2018-02-28 21:01:27,0.08186600,0.63600000
2018-02-28 21:01:28,0.08186600,0.13500000
2018-02-28 21:01:28,0.08179000,0.11800000
2018-02-28 21:01:28,0.08179000,0.29300000
2018-02-28 21:01:28,0.08179000,0.30500000
2018-02-28 21:01:28,0.08179000,0.08300000
2018-02-28 21:01:28,0.08179000,0.03900000
2018-02-28 21:01:29,0.08179000,0.04300000
2018-02-28 21:01:29,0.08186600,0.78000000
2018-02-28 21:01:29,0.08179000,0.23900000
2018-02-28 21:01:31,0.08186500,0.04900000
2018-02-28 21:01:31,0.08179000,0.50000000
2018-02-28 21:01:32,0.08179000,1.22300000
2018-02-28 21:01:32,0.08186500,0.03600000
2018-02-28 21:01:32,0.08179000,0.10000000
2018-02-28 21:01:33,0.08186500,1.22100000
2018-02-28 21:01:33,0.08179000,1.22300000
2018-02-28 21:01:33,0.08179000,1.86200000
2018-02-28 21:01:33,0.08186500,0.67600000
2018-02-28 21:01:33,0.08186500,0.26300000
2018-02-28 21:01:35,0.08179000,0.00100000
2018-02-28 21:01:35,0.08176600,0.20300000
2018-02-28 21:01:35,0.08186500,0.02200000
2018-02-28 21:01:35,0.08179000,0.24300000
2018-02-28 21:01:35,0.08179000,0.00100000
2018-02-28 21:01:35,0.08186400,0.02900000
2018-02-28 21:01:35,0.08186400,0.09000000
2018-02-28 21:01:35,0.08176500,0.04500000
2018-02-28 21:01:37,0.08177000,0.02000000
2018-02-28 21:01:37,0.08186000,0.01900000
2018-02-28 21:01:39,0.08177200,1.22300000
2018-02-28 21:01:39,0.08186000,0.00100000
2018-02-28 21:01:39,0.08186300,0.05000000
2018-02-28 21:01:39,0.08186300,0.08700000
2018-02-28 21:01:39,0.08186300,0.78800000
2018-02-28 21:01:40,0.08177200,0.05500000
2018-02-28 21:01:40,0.08186200,1.22000000
2018-02-28 21:01:40,0.08186200,0.00300000
2018-02-28 21:01:40,0.08186300,0.39700000
2018-02-28 21:01:40,0.08186200,0.08200000
2018-02-28 21:01:40,0.08186300,0.13100000
2018-02-28 21:01:40,0.08186300,0.03100000
2018-02-28 21:01:40,0.08186300,0.57600000
2018-02-28 21:01:40,0.08186300,0.12500000
2018-02-28 21:01:41,0.08186300,0.13300000
2018-02-28 21:01:41,0.08186200,0.00100000
2018-02-28 21:01:41,0.08177300,0.04900000
2018-02-28 21:01:41,0.08177400,0.02000000
2018-02-28 21:01:41,0.08177300,0.10700000
2018-02-28 21:01:42,0.08177700,0.02000000
2018-02-28 21:01:42,0.08177600,0.09400000
2018-02-28 21:01:43,0.08186100,0.04100000
2018-02-28 21:01:44,0.08186100,0.13400000
2018-02-28 21:01:44,0.08177200,0.34600000
2018-02-28 21:01:45,0.08177700,0.32200000
2018-02-28 21:01:45,0.08177700,0.12500000
2018-02-28 21:01:47,0.08177800,0.01500000
2018-02-28 21:01:47,0.08177800,0.04300000
2018-02-28 21:01:48,0.08186100,0.03500000
2018-02-28 21:01:48,0.08186100,0.06800000
2018-02-28 21:01:48,0.08186100,0.01900000
2018-02-28 21:01:49,0.08186100,0.05600000
2018-02-28 21:01:49,0.08177700,0.14400000
2018-02-28 21:01:49,0.08186000,0.02000000
2018-02-28 21:01:50,0.08185900,0.05300000
2018-02-28 21:01:50,0.08185900,0.07100000
2018-02-28 21:01:50,0.08185900,0.01100000
2018-02-28 21:01:50,0.08186200,0.02400000
2018-02-28 21:01:50,0.08186100,0.01700000
2018-02-28 21:01:51,0.08186100,0.06600000
2018-02-28 21:01:52,0.08177800,0.73000000
2018-02-28 21:01:52,0.08177700,0.47000000
2018-02-28 21:01:52,0.08177700,0.11900000
2018-02-28 21:01:54,0.08186100,0.06300000
2018-02-28 21:01:54,0.08177700,0.04900000
2018-02-28 21:01:54,0.08186100,0.08100000
2018-02-28 21:01:54,0.08186100,0.02800000
2018-02-28 21:01:54,0.08186200,0.03000000
2018-02-28 21:01:54,0.08186300,0.86900000
2018-02-28 21:01:54,0.08177800,0.02000000
2018-02-28 21:01:54,0.08177700,0.19500000
2018-02-28 21:01:55,0.08186200,0.12300000
2018-02-28 21:01:56,0.08186200,0.06900000
2018-02-28 21:01:58,0.08177800,1.05200000
2018-02-28 21:01:59,0.08177700,0.33300000
2018-02-28 21:02:00,0.08177800,0.02000000
2018-02-28 21:02:01,0.08177800,0.04800000
2018-02-28 21:02:01,0.08186000,0.04700000
2018-02-28 21:02:02,0.08177700,0.36000000
2018-02-28 21:02:03,0.08177700,0.03400000
2018-02-28 21:02:04,0.08186000,0.17000000
2018-02-28 21:02:05,0.08177700,0.43800000
2018-02-28 21:02:05,0.08176500,0.07400000
2018-02-28 21:02:05,0.08176400,0.20000000
2018-02-28 21:02:05,0.08175800,0.02000000
2018-02-28 21:02:05,0.08174700,0.12800000
2018-02-28 21:02:05,0.08174400,0.39500000
2018-02-28 21:02:05,0.08185800,0.02000000
2018-02-28 21:02:05,0.08185900,0.08000000
2018-02-28 21:02:06,0.08175800,0.02000000
2018-02-28 21:02:06,0.08174700,0.06200000
2018-02-28 21:02:07,0.08185600,0.01800000
2018-02-28 21:02:07,0.08185600,0.02100000
2018-02-28 21:02:09,0.08185500,1.45700000
2018-02-28 21:02:09,0.08185500,0.15200000
2018-02-28 21:02:09,0.08185500,0.07100000
2018-02-28 21:02:09,0.08185500,1.78100000
2018-02-28 21:02:10,0.08174400,0.31400000
2018-02-28 21:02:10,0.08173600,0.06000000
2018-02-28 21:02:10,0.08173300,0.06000000
2018-02-28 21:02:10,0.08172700,0.03000000
2018-02-28 21:02:10,0.08172300,0.18000000
2018-02-28 21:02:10,0.08169200,0.06700000
2018-02-28 21:02:10,0.08172300,0.03000000
2018-02-28 21:02:10,0.08172300,0.03000000
2018-02-28 21:02:10,0.08172300,0.10000000
2018-02-28 21:02:10,0.08172300,0.48600000
2018-02-28 21:02:11,0.08185300,0.06200000
2018-02-28 21:02:11,0.08176200,0.24400000
2018-02-28 21:02:11,0.08185300,0.11500000
2018-02-28 21:02:11,0.08184300,0.88700000
2018-02-28 21:02:11,0.08184300,0.25900000
2018-02-28 21:02:11,0.08185300,0.16300000
2018-02-28 21:02:11,0.08185400,1.43700000
2018-02-28 21:02:12,0.08177700,0.02900000
2018-02-28 21:02:12,0.08177700,0.00100000
2018-02-28 21:02:12,0.08185400,0.02800000
2018-02-28 21:02:12,0.08185400,0.02900000
2018-02-28 21:02:12,0.08185400,0.02900000
2018-02-28 21:02:12,0.08185400,0.02900000
2018-02-28 21:02:12,0.08185400,0.02900000
2018-02-28 21:02:12,0.08180400,0.02900000
2018-02-28 21:02:12,0.08180400,0.00100000
2018-02-28 21:02:12,0.08176800,0.02800000
2018-02-28 21:02:12,0.08176800,0.02900000
2018-02-28 21:02:12,0.08176800,0.02700000
2018-02-28 21:02:12,0.08176800,0.02900000
2018-02-28 21:02:12,0.08176800,0.28700000
2018-02-28 21:02:12,0.08176200,0.01100000
2018-02-28 21:02:12,0.08172200,0.18000000
2018-02-28 21:02:12,0.08169300,0.16000000
2018-02-28 21:02:13,0.08172200,0.04600000
2018-02-28 21:02:13,0.08172200,0.02800000
2018-02-28 21:02:13,0.08176800,0.00100000
2018-02-28 21:02:13,0.08176900,0.06100000
2018-02-28 21:02:13,0.08176900,0.03800000
2018-02-28 21:02:14,0.08176900,0.11500000
2018-02-28 21:02:15,0.08172900,0.15000000
2018-02-28 21:02:15,0.08172800,0.08000000
2018-02-28 21:02:15,0.08172100,0.18000000
2018-02-28 21:02:15,0.08169500,3.61600000
2018-02-28 21:02:15,0.08169200,1.07300000
2018-02-28 21:02:15,0.08169000,0.35200000
2018-02-28 21:02:16,0.08173000,0.02200000
2018-02-28 21:02:16,0.08184800,0.00200000
2018-02-28 21:02:16,0.08173000,0.27400000
2018-02-28 21:02:17,0.08184700,0.34900000
2018-02-28 21:02:17,0.08173000,0.04300000
2018-02-28 21:02:17,0.08173000,0.01300000
2018-02-28 21:02:18,0.08184400,0.17900000
2018-02-28 21:02:18,0.08184400,0.03900000
2018-02-28 21:02:18,0.08184400,0.02000000
2018-02-28 21:02:18,0.08173300,0.04900000
2018-02-28 21:02:19,0.08184000,0.06200000
2018-02-28 21:02:19,0.08173300,0.32700000
2018-02-28 21:02:19,0.08184000,0.00800000
2018-02-28 21:02:19,0.08184200,0.05100000
2018-02-28 21:02:19,0.08173300,0.17200000
2018-02-28 21:02:19,0.08173300,0.04300000
2018-02-28 21:02:20,0.08184000,0.04000000
2018-02-28 21:02:20,0.08173400,0.02700000
2018-02-28 21:02:20,0.08183900,0.45600000
2018-02-28 21:02:20,0.08184000,0.23000000
2018-02-28 21:02:20,0.08184100,0.41500000
2018-02-28 21:02:20,0.08184300,0.15100000
2018-02-28 21:02:20,0.08184400,0.92200000
2018-02-28 21:02:20,0.08173400,0.28800000
2018-02-28 21:02:20,0.08183900,0.08000000
2018-02-28 21:02:20,0.08184000,0.11200000
2018-02-28 21:02:21,0.08174000,0.03800000
2018-02-28 21:02:21,0.08183900,0.45600000
2018-02-28 21:02:22,0.08174100,0.19700000
2018-02-28 21:02:22,0.08174100,0.23300000
2018-02-28 21:02:22,0.08174100,0.29300000
2018-02-28 21:02:23,0.08174200,0.02000000
2018-02-28 21:02:23,0.08174100,0.08400000
2018-02-28 21:02:23,0.08183400,0.02000000
2018-02-28 21:02:23,0.08183500,0.10600000
2018-02-28 21:02:23,0.08183500,0.12600000
2018-02-28 21:02:24,0.08174200,0.04400000
2018-02-28 21:02:24,0.08183500,0.02500000
2018-02-28 21:02:24,0.08174300,0.16200000
2018-02-28 21:02:24,0.08174300,0.07200000
2018-02-28 21:02:25,0.08182500,0.16300000
2018-02-28 21:02:25,0.08182500,0.00100000
2018-02-28 21:02:25,0.08183400,0.02000000
2018-02-28 21:02:25,0.08183500,0.04400000
2018-02-28 21:02:25,0.08183600,0.09800000
2018-02-28 21:02:25,0.08183700,0.20400000
2018-02-28 21:02:25,0.08183700,0.01900000
2018-02-28 21:02:25,0.08183700,0.10100000
2018-02-28 21:02:26,0.08183500,0.11400000
2018-02-28 21:02:26,0.08183500,0.61000000
2018-02-28 21:02:27,0.08174300,0.02700000
2018-02-28 21:02:29,0.08183000,0.03900000
2018-02-28 21:02:29,0.08183000,0.00100000
2018-02-28 21:02:29,0.08183400,0.02700000
2018-02-28 21:02:29,0.08183500,0.01100000
2018-02-28 21:02:31,0.08183200,1.22100000
2018-02-28 21:02:31,0.08183200,0.04900000
2018-02-28 21:02:31,0.08183200,1.22300000
2018-02-28 21:02:31,0.08175100,0.73600000
2018-02-28 21:02:31,0.08174500,0.18300000
2018-02-28 21:02:31,0.08174200,0.04800000
2018-02-28 21:02:31,0.08172900,0.02000000
2018-02-28 21:02:31,0.08171600,0.18000000
2018-02-28 21:02:31,0.08170900,0.13300000
2018-02-28 21:02:31,0.08183100,0.10000000
2018-02-28 21:02:32,0.08172900,0.02000000
2018-02-28 21:02:32,0.08183100,0.11900000
2018-02-28 21:02:32,0.08183100,0.02000000
2018-02-28 21:02:32,0.08183100,0.73600000
2018-02-28 21:02:32,0.08183100,0.00100000
2018-02-28 21:02:32,0.08183200,0.73500000
2018-02-28 21:02:32,0.08173000,0.04900000
2018-02-28 21:02:32,0.08183200,0.92700000
2018-02-28 21:02:32,0.08183000,0.38600000
2018-02-28 21:02:33,0.08173100,0.02000000
2018-02-28 21:02:33,0.08173000,0.93600000
2018-02-28 21:02:33,0.08183000,0.35000000
2018-02-28 21:02:33,0.08183000,0.52100000
2018-02-28 21:02:34,0.08183100,1.22300000
2018-02-28 21:02:34,0.08183100,0.20500000
2018-02-28 21:02:34,0.08183100,4.00600000
2018-02-28 21:02:34,0.08183100,0.02400000
2018-02-28 21:02:34,0.08183000,0.04900000
2018-02-28 21:02:35,0.08182900,0.85100000
2018-02-28 21:02:35,0.08173400,0.01900000
2018-02-28 21:02:35,0.08182900,0.00100000
2018-02-28 21:02:35,0.08183000,0.12100000
2018-02-28 21:02:35,0.08182900,0.02000000
2018-02-28 21:02:35,0.08183000,0.05700000
2018-02-28 21:02:35,0.08183000,0.12200000
2018-02-28 21:02:36,0.08183000,0.91100000
2018-02-28 21:02:36,0.08182900,0.71200000
2018-02-28 21:02:36,0.08182900,0.00100000
2018-02-28 21:02:36,0.08174000,0.05100000
2018-02-28 21:02:37,0.08183000,0.04500000
2018-02-28 21:02:37,0.08174200,0.01900000
2018-02-28 21:02:39,0.08174300,0.03100000
2018-02-28 21:02:39,0.08174300,0.22600000
2018-02-28 21:02:39,0.08174300,0.06500000
2018-02-28 21:02:39,0.08174300,0.46300000
2018-02-28 21:02:39,0.08174300,0.02600000
2018-02-28 21:02:40,0.08182800,0.46200000
2018-02-28 21:02:40,0.08174300,0.02400000
2018-02-28 21:02:40,0.08182800,0.12000000
2018-02-28 21:02:41,0.08182700,0.04900000
2018-02-28 21:02:41,0.08182700,0.00100000
2018-02-28 21:02:41,0.08182800,0.04800000
2018-02-28 21:02:41,0.08182800,0.13000000
2018-02-28 21:02:41,0.08182800,0.04400000
2018-02-28 21:02:41,0.08174400,0.46300000
2018-02-28 21:02:41,0.08174300,0.27000000
2018-02-28 21:02:42,0.08174300,0.01000000
2018-02-28 21:02:42,0.08182700,0.74100000
2018-02-28 21:02:42,0.08174400,0.04200000
2018-02-28 21:02:43,0.08174400,0.20800000
2018-02-28 21:02:43,0.08174300,0.47400000
2018-02-28 21:02:43,0.08171900,0.02000000
2018-02-28 21:02:43,0.08171100,0.18000000
2018-02-28 21:02:43,0.08170000,0.17700000
2018-02-28 21:02:43,0.08169900,0.06000000
2018-02-28 21:02:43,0.08169400,0.49900000
2018-02-28 21:02:43,0.08169100,3.15500000
2018-02-28 21:02:43,0.08169000,0.16200000
2018-02-28 21:02:43,0.08168900,0.18500000
2018-02-28 21:02:43,0.08168500,0.61000000
2018-02-28 21:02:43,0.08182700,0.00100000
2018-02-28 21:02:43,0.08182700,0.20100000
2018-02-28 21:02:43,0.08183000,0.05000000
2018-02-28 21:02:43,0.08183100,0.15000000
2018-02-28 21:02:43,0.08182800,0.05800000
2018-02-28 21:02:43,0.08182800,0.11900000
2018-02-28 21:02:43,0.08172000,0.05200000
2018-02-28 21:02:43,0.08172000,0.01500000
2018-02-28 21:02:44,0.08172000,4.82000000
2018-02-28 21:02:44,0.08182800,0.28200000
2018-02-28 21:02:44,0.08182800,0.01000000
2018-02-28 21:02:44,0.08172000,0.02200000
2018-02-28 21:02:44,0.08182800,0.52800000
2018-02-28 21:02:44,0.08182800,0.03700000
2018-02-28 21:02:45,0.08182700,0.29200000
2018-02-28 21:02:45,0.08182700,0.13900000
2018-02-28 21:02:45,0.08182700,0.18900000
2018-02-28 21:02:45,0.08182700,0.16900000
2018-02-28 21:02:45,0.08182700,0.16900000
2018-02-28 21:02:47,0.08182500,0.03600000
2018-02-28 21:02:47,0.08172100,0.40300000
2018-02-28 21:02:49,0.08172100,0.03800000
2018-02-28 21:02:50,0.08182200,0.41700000
2018-02-28 21:02:50,0.08182300,0.08600000
2018-02-28 21:02:51,0.08172200,0.06100000
2018-02-28 21:02:53,0.08172400,0.06000000
2018-02-28 21:02:53,0.08182200,0.20800000
2018-02-28 21:02:53,0.08182200,1.42600000
2018-02-28 21:02:55,0.08182000,0.89300000
2018-02-28 21:02:56,0.08173100,0.38000000
2018-02-28 21:02:56,0.08172400,0.32000000
2018-02-28 21:02:57,0.08173000,0.03900000
2018-02-28 21:02:59,0.08181700,0.06200000
2018-02-28 21:02:59,0.08181800,0.54800000
2018-02-28 21:03:00,0.08173000,0.01500000
2018-02-28 21:03:00,0.08172600,0.02000000
2018-02-28 21:03:00,0.08172400,0.49600000
2018-02-28 21:03:01,0.08181700,0.05400000
2018-02-28 21:03:02,0.08173000,0.29000000
2018-02-28 21:03:02,0.08172600,0.02000000
2018-02-28 21:03:02,0.08172500,1.54100000
2018-02-28 21:03:02,0.08172400,0.34700000
2018-02-28 21:03:02,0.08172200,0.02400000
2018-02-28 21:03:02,0.08181700,0.15300000
2018-02-28 21:03:02,0.08173100,0.03400000
2018-02-28 21:03:02,0.08172200,0.01900000
2018-02-28 21:03:03,0.08172900,0.03300000
2018-02-28 21:03:03,0.08172900,0.00100000
2018-02-28 21:03:03,0.08181700,0.03300000
2018-02-28 21:03:03,0.08181700,0.03300000
2018-02-28 21:03:03,0.08181700,0.03100000
2018-02-28 21:03:03,0.08181700,0.03300000
2018-02-28 21:03:03,0.08181700,0.03300000
2018-02-28 21:03:03,0.08181700,0.03300000
2018-02-28 21:03:03,0.08181700,0.03000000
2018-02-28 21:03:03,0.08181700,0.03300000
2018-02-28 21:03:03,0.08173100,0.02000000
2018-02-28 21:03:03,0.08173000,0.07800000
2018-02-28 21:03:04,0.08173200,0.12600000
2018-02-28 21:03:05,0.08181000,0.05000000
2018-02-28 21:03:05,0.08181500,0.03400000
2018-02-28 21:03:05,0.08181600,0.02000000
2018-02-28 21:03:05,0.08181700,0.69600000
2018-02-28 21:03:06,0.08173200,0.01900000
2018-02-28 21:03:08,0.08181000,0.05700000
2018-02-28 21:03:10,0.08181000,0.24900000
2018-02-28 21:03:10,0.08180700,2.36100000
2018-02-28 21:03:10,0.08180700,0.35700000
2018-02-28 21:03:10,0.08173000,0.26400000
2018-02-28 21:03:11,0.08180700,1.20400000
2018-02-28 21:03:12,0.08180700,0.08400000
2018-02-28 21:03:12,0.08173000,0.06000000
2018-02-28 21:03:12,0.08173000,0.84800000
2018-02-28 21:03:12,0.08173000,0.05500000
2018-02-28 21:03:12,0.08173000,2.97700000
2018-02-28 21:03:12,0.08173000,0.00400000
2018-02-28 21:03:12,0.08172900,0.09900000
2018-02-28 21:03:12,0.08170000,0.02400000
2018-02-28 21:03:12,0.08168900,0.18000000
2018-02-28 21:03:12,0.08168600,0.05900000
2018-02-28 21:03:12,0.08168100,0.08000000
2018-02-28 21:03:12,0.08168000,0.06800000
2018-02-28 21:03:13,0.08180700,1.22300000
2018-02-28 21:03:13,0.08180700,0.23300000
2018-02-28 21:03:13,0.08180700,0.03100000
2018-02-28 21:03:13,0.08169000,0.31800000
2018-02-28 21:03:13,0.08169000,0.06500000
2018-02-28 21:03:13,0.08177200,0.01700000
2018-02-28 21:03:14,0.08177200,0.16800000
2018-02-28 21:03:14,0.08169100,0.19900000
2018-02-28 21:03:14,0.08177200,0.13400000
2018-02-28 21:03:17,0.08173200,1.00000000
2018-02-28 21:03:17,0.08169600,0.13300000
2018-02-28 21:03:18,0.08177200,0.39900000
2018-02-28 21:03:18,0.08177200,0.40800000
2018-02-28 21:03:18,0.08177200,0.10100000
2018-02-28 21:03:18,0.08177200,0.11200000
2018-02-28 21:03:18,0.08177200,0.12500000
2018-02-28 21:03:19,0.08177800,0.13400000
2018-02-28 21:03:19,0.08180600,0.42900000
2018-02-28 21:03:20,0.08177700,0.02000000
2018-02-28 21:03:20,0.08177800,0.01600000
2018-02-28 21:03:21,0.08179100,0.02000000
2018-02-28 21:03:21,0.08170000,0.19900000
2018-02-28 21:03:21,0.08177700,4.87400000
2018-02-28 21:03:21,0.08170000,0.18000000
2018-02-28 21:03:22,0.08172000,0.01900000
2018-02-28 21:03:23,0.08171900,0.03900000
2018-02-28 21:03:23,0.08171900,1.03300000
2018-02-28 21:03:23,0.08171900,0.00200000
2018-02-28 21:03:23,0.08171600,0.02000000
2018-02-28 21:03:23,0.08170000,0.02200000
2018-02-28 21:03:23,0.08170000,0.12900000
2018-02-28 21:03:23,0.08169600,0.05000000
2018-02-28 21:03:23,0.08167900,0.37100000
2018-02-28 21:03:23,0.08167900,0.06300000
2018-02-28 21:03:23,0.08167800,0.29700000
2018-02-28 21:03:23,0.08179800,0.02000000
2018-02-28 21:03:23,0.08180300,0.01600000
2018-02-28 21:03:23,0.08171600,0.01900000
2018-02-28 21:03:24,0.08179800,0.20000000
2018-02-28 21:03:24,0.08179800,0.20000000
2018-02-28 21:03:24,0.08169700,0.01900000
2018-02-28 21:03:24,0.08169700,0.00100000
2018-02-28 21:03:24,0.08168900,0.01800000
2018-02-28 21:03:24,0.08169800,0.01900000
2018-02-28 21:03:24,0.08169800,0.69400000
2018-02-28 21:03:24,0.08179500,0.01700000
2018-02-28 21:03:25,0.08179500,0.23600000
2018-02-28 21:03:25,0.08179500,0.17100000
2018-02-28 21:03:26,0.08179300,0.41600000
2018-02-28 21:03:27,0.08171700,0.03500000
2018-02-28 21:03:28,0.08171700,0.06100000
2018-02-28 21:03:29,0.08172000,0.02700000
2018-02-28 21:03:29,0.08179200,0.10000000
2018-02-28 21:03:31,0.08179400,4.60200000
2018-02-28 21:03:32,0.08171700,0.00100000
2018-02-28 21:03:32,0.08171700,0.01300000
2018-02-28 21:03:32,0.08171700,0.01100000
2018-02-28 21:03:32,0.08179200,0.01100000
2018-02-28 21:03:32,0.08179200,0.02300000
2018-02-28 21:03:32,0.08170500,0.07100000
2018-02-28 21:03:32,0.08179200,0.02300000
2018-02-28 21:03:32,0.08170500,0.59900000
2018-02-28 21:03:33,0.08178700,0.06200000
2018-02-28 21:03:34,0.08178700,0.15700000
2018-02-28 21:03:34,0.08178700,0.28100000
2018-02-28 21:03:34,0.08180000,0.02400000
2018-02-28 21:03:34,0.08181600,0.09500000
2018-02-28 21:03:34,0.08178700,0.07900000
2018-02-28 21:03:35,0.08179200,0.09700000
2018-02-28 21:03:35,0.08170100,0.51700000
2018-02-28 21:03:36,0.08170400,0.48900000
2018-02-28 21:03:36,0.08179200,0.09400000
2018-02-28 21:03:37,0.08179200,0.36600000
2018-02-28 21:03:37,0.08179200,0.99100000
2018-02-28 21:03:39,0.08176000,0.29900000
2018-02-28 21:03:39,0.08176000,0.12100000
2018-02-28 21:03:39,0.08176000,0.08300000
2018-02-28 21:03:40,0.08179200,0.41300000
2018-02-28 21:03:40,0.08176000,0.00500000
2018-02-28 21:03:40,0.08176000,0.24500000
2018-02-28 21:03:40,0.08179200,0.03400000
2018-02-28 21:03:40,0.08176000,0.32700000
2018-02-28 21:03:40,0.08176000,1.49300000
2018-02-28 21:03:40,0.08176000,0.12200000
2018-02-28 21:03:40,0.08176000,0.24500000
2018-02-28 21:03:40,0.08176000,1.32500000
2018-02-28 21:03:40,0.08176000,0.34900000
2018-02-28 21:03:40,0.08176000,2.24500000
2018-02-28 21:03:40,0.08176000,0.13300000
2018-02-28 21:03:40,0.08176000,0.01800000
2018-02-28 21:03:41,0.08176000,3.98600000
2018-02-28 21:03:41,0.08176000,0.00200000
2018-02-28 21:03:41,0.08176000,0.00200000
2018-02-28 21:03:41,0.08171600,0.00300000
2018-02-28 21:03:41,0.08171600,0.00100000
2018-02-28 21:03:42,0.08179200,0.03800000
2018-02-28 21:03:42,0.08179200,1.22300000
2018-02-28 21:03:42,0.08179200,1.17100000
2018-02-28 21:03:42,0.08179200,0.44700000
2018-02-28 21:03:42,0.08171600,0.60600000
2018-02-28 21:03:42,0.08171600,0.31900000
2018-02-28 21:03:43,0.08179200,0.00100000
2018-02-28 21:03:44,0.08179900,0.20100000
2018-02-28 21:03:45,0.08179900,0.90300000
2018-02-28 21:03:45,0.08171600,0.24200000
2018-02-28 21:03:45,0.08179900,0.69000000
2018-02-28 21:03:46,0.08179900,0.39700000
2018-02-28 21:03:46,0.08179900,0.29500000
2018-02-28 21:03:47,0.08171700,0.02000000
2018-02-28 21:03:47,0.08171600,0.16000000
2018-02-28 21:03:47,0.08179900,0.06500000
2018-02-28 21:03:47,0.08172000,0.02000000
2018-02-28 21:03:47,0.08172000,0.06100000
2018-02-28 21:03:47,0.08179900,0.54700000
2018-02-28 21:03:47,0.08179900,0.08000000
2018-02-28 21:03:47,0.08179900,0.08000000
2018-02-28 21:03:47,0.08179900,0.07300000
2018-02-28 21:03:47,0.08179900,0.07700000
2018-02-28 21:03:48,0.08171800,0.02000000
2018-02-28 21:03:48,0.08171700,0.27400000
2018-02-28 21:03:49,0.08171800,0.02000000
2018-02-28 21:03:49,0.08171700,0.00200000
2018-02-28 21:03:50,0.08180500,0.01100000
2018-02-28 21:03:50,0.08171800,0.03100000
2018-02-28 21:03:52,0.08179600,12.22600000
2018-02-28 21:03:52,0.08171900,0.31900000
2018-02-28 21:03:53,0.08180500,0.50600000
2018-02-28 21:03:53,0.08172000,0.01900000
2018-02-28 21:03:53,0.08181600,0.40500000
2018-02-28 21:03:54,0.08181600,1.22300000
2018-02-28 21:03:54,0.08172200,0.01900000
2018-02-28 21:03:54,0.08181600,1.69300000
2018-02-28 21:03:55,0.08180200,0.73000000
2018-02-28 21:03:55,0.08180200,0.00100000
2018-02-28 21:03:55,0.08181600,0.00100000
2018-02-28 21:03:55,0.08181700,0.01500000
2018-02-28 21:03:55,0.08181600,0.01900000
2018-02-28 21:03:57,0.08180200,0.04700000
2018-02-28 21:03:57,0.08180200,0.00100000
2018-02-28 21:03:57,0.08172400,0.02000000
2018-02-28 21:03:57,0.08172300,0.02600000
2018-02-28 21:03:57,0.08172300,0.04700000
2018-02-28 21:03:57,0.08172300,0.04700000
2018-02-28 21:03:57,0.08172400,0.02000000
2018-02-28 21:03:57,0.08172300,0.02700000
2018-02-28 21:03:57,0.08172300,0.02400000
2018-02-28 21:03:57,0.08172300,0.04600000
2018-02-28 21:03:57,0.08172400,0.02000000
2018-02-28 21:03:57,0.08172300,0.02700000
2018-02-28 21:03:59,0.08181500,0.24300000
2018-02-28 21:03:59,0.08175800,0.03100000
2018-02-28 21:03:59,0.08175800,0.03900000
2018-02-28 21:03:59,0.08175800,0.17400000
2018-02-28 21:03:59,0.08175800,0.00100000
2018-02-28 21:03:59,0.08173000,0.03600000
2018-02-28 21:03:59,0.08173000,0.30300000
2018-02-28 21:03:59,0.08181500,0.10000000
2018-02-28 21:03:59,0.08181600,0.00100000
2018-02-28 21:03:59,0.08181700,0.29900000
2018-02-28 21:04:00,0.08173100,0.39900000
2018-02-28 21:04:00,0.08181000,0.29300000
2018-02-28 21:04:00,0.08181000,0.04700000
2018-02-28 21:04:00,0.08181600,0.02000000
2018-02-28 21:04:01,0.08181600,0.02000000
2018-02-28 21:04:01,0.08181700,0.04000000
2018-02-28 21:04:01,0.08181500,0.07700000
2018-02-28 21:04:02,0.08181600,0.02000000
2018-02-28 21:04:02,0.08181500,0.03900000
2018-02-28 21:04:02,0.08181600,0.02000000
2018-02-28 21:04:02,0.08181500,0.07900000
2018-02-28 21:04:02,0.08181700,0.01300000
2018-02-28 21:04:02,0.08181500,0.12600000
2018-02-28 21:04:02,0.08181500,0.06700000
2018-02-28 21:04:02,0.08173100,0.44600000
2018-02-28 21:04:02,0.08173100,1.04500000
2018-02-28 21:04:02,0.08170300,0.17900000
2018-02-28 21:04:02,0.08170300,0.04300000
2018-02-28 21:04:02,0.08173100,0.02000000
2018-02-28 21:04:02,0.08170300,0.24600000
2018-02-28 21:04:03,0.08181600,0.02000000
2018-02-28 21:04:03,0.08181600,0.02000000
2018-02-28 21:04:03,0.08181600,0.02000000
2018-02-28 21:04:03,0.08181600,0.02000000
2018-02-28 21:04:03,0.08173200,0.01900000
2018-02-28 21:04:04,0.08173100,0.02000000
2018-02-28 21:04:04,0.08170300,0.01900000
2018-02-28 21:04:04,0.08181400,0.02000000
2018-02-28 21:04:04,0.08181400,0.02000000
2018-02-28 21:04:04,0.08173100,0.01400000
2018-02-28 21:04:05,0.08181400,0.02000000
2018-02-28 21:04:05,0.08181500,0.86000000
2018-02-28 21:04:05,0.08173100,0.48800000
2018-02-28 21:04:07,0.08181500,0.61000000
2018-02-28 21:04:08,0.08181500,0.00100000
2018-02-28 21:04:08,0.08181700,0.02500000
2018-02-28 21:04:08,0.08181700,1.73000000
2018-02-28 21:04:09,0.08181700,1.11900000
2018-02-28 21:04:09,0.08173300,0.47100000
2018-02-28 21:04:10,0.08173300,0.06400000
2018-02-28 21:04:10,0.08181700,0.01100000
2018-02-28 21:04:10,0.08173300,0.10200000
2018-02-28 21:04:10,0.08173200,0.02000000
2018-02-28 21:04:10,0.08173100,0.16900000
2018-02-28 21:04:11,0.08173200,0.01900000
2018-02-28 21:04:12,0.08181600,0.01900000
2018-02-28 21:04:14,0.08181600,0.00100000
2018-02-28 21:04:14,0.08181700,4.98300000
2018-02-28 21:04:15,0.08181700,0.11200000
2018-02-28 21:04:15,0.08181700,0.00100000
2018-02-28 21:04:15,0.08182000,0.02000000
2018-02-28 21:04:15,0.08182400,0.37900000
2018-02-28 21:04:15,0.08173200,0.00100000
2018-02-28 21:04:15,0.08173100,2.50400000
2018-02-28 21:04:15,0.08173200,0.01500000
2018-02-28 21:04:15,0.08181600,0.03000000
2018-02-28 21:04:16,0.08181600,0.05000000
2018-02-28 21:04:16,0.08181600,0.41800000
2018-02-28 21:04:16,0.08173200,0.10600000
2018-02-28 21:04:16,0.08173200,0.15500000
2018-02-28 21:04:16,0.08173300,0.01900000
2018-02-28 21:04:17,0.08181600,0.00200000
2018-02-28 21:04:17,0.08182400,1.19800000
2018-02-28 21:04:17,0.08182600,0.76600000
2018-02-28 21:04:17,0.08182600,0.20100000
2018-02-28 21:04:17,0.08182600,0.10000000
2018-02-28 21:04:18,0.08173300,0.19600000
2018-02-28 21:04:18,0.08182600,0.07000000
2018-02-28 21:04:18,0.08173300,0.02000000
2018-02-28 21:04:18,0.08170400,0.17300000
2018-02-28 21:04:18,0.08182600,0.18500000
2018-02-28 21:04:19,0.08182500,0.63600000
2018-02-28 21:04:19,0.08173400,0.94200000
2018-02-28 21:04:19,0.08173400,0.19300000
2018-02-28 21:04:19,0.08173300,2.87400000
2018-02-28 21:04:20,0.08182400,0.06900000
2018-02-28 21:04:20,0.08182400,0.25700000
2018-02-28 21:04:20,0.08182400,0.50900000
2018-02-28 21:04:20,0.08182500,0.20100000
2018-02-28 21:04:20,0.08183000,1.10600000
2018-02-28 21:04:20,0.08173500,0.01500000
2018-02-28 21:04:21,0.08174100,0.48400000
2018-02-28 21:04:21,0.08182500,0.02000000
2018-02-28 21:04:21,0.08183000,0.02800000
2018-02-28 21:04:22,0.08182600,0.01900000
2018-02-28 21:04:23,0.08181600,0.03600000
2018-02-28 21:04:24,0.08181600,0.00100000
2018-02-28 21:04:24,0.08183300,0.13900000
2018-02-28 21:04:24,0.08174400,0.01500000
2018-02-28 21:04:24,0.08183300,0.35900000
2018-02-28 21:04:24,0.08174400,0.39900000
2018-02-28 21:04:25,0.08174500,0.19900000
2018-02-28 21:04:25,0.08183300,0.00100000
2018-02-28 21:04:25,0.08183500,0.06000000
2018-02-28 21:04:25,0.08185300,0.10000000
2018-02-28 21:04:25,0.08186100,0.85100000
2018-02-28 21:04:25,0.08186100,0.06600000
2018-02-28 21:04:25,0.08186200,0.39100000
2018-02-28 21:04:25,0.08186600,0.04800000
2018-02-28 21:04:25,0.08187000,0.06000000
2018-02-28 21:04:25,0.08187300,0.06000000
2018-02-28 21:04:25,0.08187500,0.05600000
2018-02-28 21:04:25,0.08187600,0.06000000
2018-02-28 21:04:25,0.08187700,0.06000000
2018-02-28 21:04:25,0.08188700,0.22900000
2018-02-28 21:04:25,0.08189200,0.05600000
2018-02-28 21:04:25,0.08189300,0.06000000
2018-02-28 21:04:25,0.08189500,0.00100000
2018-02-28 21:04:25,0.08190000,1.40800000
2018-02-28 21:04:25,0.08190200,0.00700000
2018-02-28 21:04:25,0.08174500,0.17700000
2018-02-28 21:04:25,0.08185300,0.10000000
2018-02-28 21:04:25,0.08185300,0.10000000
2018-02-28 21:04:25,0.08190200,0.05300000
2018-02-28 21:04:25,0.08190700,0.06000000
2018-02-28 21:04:25,0.08191000,0.01500000
2018-02-28 21:04:25,0.08191200,0.13800000
2018-02-28 21:04:25,0.08191300,0.16900000
2018-02-28 21:04:25,0.08183200,0.41300000
2018-02-28 21:04:25,0.08183200,0.00100000
2018-02-28 21:04:25,0.08191000,0.33300000
2018-02-28 21:04:25,0.08191000,0.33300000
2018-02-28 21:04:25,0.08191000,0.16800000
2018-02-28 21:04:25,0.08175100,0.33300000
2018-02-28 21:04:26,0.08189000,0.02500000
2018-02-28 21:04:26,0.08189000,0.05000000
2018-02-28 21:04:26,0.08189000,0.07700000
2018-02-28 21:04:26,0.08189000,0.52600000
2018-02-28 21:04:26,0.08175600,0.15100000
2018-02-28 21:04:26,0.08175600,0.32700000
2018-02-28 21:04:26,0.08175600,0.02000000
2018-02-28 21:04:26,0.08191000,0.03600000
2018-02-28 21:04:26,0.08191000,0.54600000
2018-02-28 21:04:26,0.08191000,0.20300000
2018-02-28 21:04:26,0.08191000,0.42100000
2018-02-28 21:04:26,0.08191000,2.35600000
2018-02-28 21:04:26,0.08191000,0.07800000
2018-02-28 21:04:26,0.08182600,0.12200000
2018-02-28 21:04:26,0.08182600,0.19900000
2018-02-28 21:04:27,0.08191200,0.13900000
2018-02-28 21:04:27,0.08191200,0.10600000
2018-02-28 21:04:27,0.08182600,0.12200000
2018-02-28 21:04:27,0.08182600,0.15000000
2018-02-28 21:04:27,0.08182600,0.10500000
2018-02-28 21:04:27,0.08182600,0.10500000
2018-02-28 21:04:27,0.08182600,0.24400000
2018-02-28 21:04:27,0.08191300,0.34000000
2018-02-28 21:04:27,0.08191400,0.79000000
2018-02-28 21:04:27,0.08191400,0.06000000
2018-02-28 21:04:27,0.08175700,0.10600000
2018-02-28 21:04:27,0.08190800,0.49800000
2018-02-28 21:04:27,0.08191000,3.85100000
2018-02-28 21:04:27,0.08175700,0.01300000
2018-02-28 21:04:27,0.08185400,0.02900000
2018-02-28 21:04:28,0.08182600,0.09900000
2018-02-28 21:04:28,0.08182600,0.02500000
2018-02-28 21:04:28,0.08182600,0.30500000
2018-02-28 21:04:28,0.08182600,0.03000000
2018-02-28 21:04:28,0.08182600,0.02400000
2018-02-28 21:04:29,0.08182600,0.02400000
2018-02-28 21:04:29,0.08177600,0.05100000
2018-02-28 21:04:29,0.08182600,0.00100000
2018-02-28 21:04:29,0.08185300,0.07400000
2018-02-28 21:04:29,0.08185300,0.02100000
2018-02-28 21:04:29,0.08177600,0.17700000
2018-02-28 21:04:29,0.08177600,0.17700000
2018-02-28 21:04:29,0.08177600,0.18500000
2018-02-28 21:04:29,0.08176400,0.11800000
2018-02-28 21:04:30,0.08176400,0.09700000
2018-02-28 21:04:30,0.08176500,0.42100000
2018-02-28 21:04:31,0.08185300,0.19300000
2018-02-28 21:04:32,0.08182600,0.03000000
2018-02-28 21:04:33,0.08181800,0.54100000
2018-02-28 21:04:33,0.08177600,0.02900000
2018-02-28 21:04:33,0.08181800,0.00100000
2018-02-28 21:04:33,0.08183300,0.03200000
2018-02-28 21:04:34,0.08183300,0.12000000
2018-02-28 21:04:34,0.08183300,0.03900000
2018-02-28 21:04:34,0.08183300,0.06000000
2018-02-28 21:04:34,0.08183300,0.03300000
2018-02-28 21:04:35,0.08177800,0.10800000
2018-02-28 21:04:35,0.08183300,0.27000000
2018-02-28 21:04:35,0.08183300,0.00100000
2018-02-28 21:04:36,0.08177800,0.03500000
2018-02-28 21:04:37,0.08181600,0.05300000
2018-02-28 21:04:37,0.08178000,0.11600000
2018-02-28 21:04:38,0.08178000,0.16900000
2018-02-28 21:04:39,0.08178000,0.04000000
2018-02-28 21:04:39,0.08181500,0.18700000
2018-02-28 21:04:39,0.08181500,0.17700000
2018-02-28 21:04:40,0.08181500,0.19000000
2018-02-28 21:04:40,0.08178000,0.12000000
2018-02-28 21:04:42,0.08177700,0.01500000
2018-02-28 21:04:42,0.08181500,0.00100000
2018-02-28 21:04:42,0.08181600,0.00100000
2018-02-28 21:04:42,0.08185400,0.00100000
2018-02-28 21:04:42,0.08186000,0.04900000
2018-02-28 21:04:42,0.08177700,0.33300000
2018-02-28 21:04:43,0.08185900,0.02000000
2018-02-28 21:04:43,0.08186000,5.90000000
2018-02-28 21:04:44,0.08177700,0.45000000
2018-02-28 21:04:44,0.08186000,0.02000000
2018-02-28 21:04:44,0.08190000,0.02900000
2018-02-28 21:04:45,0.08181700,0.02000000
2018-02-28 21:04:45,0.08181700,0.55500000
2018-02-28 21:04:45,0.08181700,0.09000000
2018-02-28 21:04:45,0.08181700,0.33400000
2018-02-28 21:04:45,0.08181700,0.00100000
2018-02-28 21:04:45,0.08185800,0.33300000
2018-02-28 21:04:45,0.08185800,0.03000000
2018-02-28 21:04:47,0.08177700,0.21300000
2018-02-28 21:04:48,0.08185300,0.55500000
2018-02-28 21:04:48,0.08186300,0.18200000
2018-02-28 21:04:48,0.08186300,0.06100000
2018-02-28 21:04:48,0.08186300,0.02100000
2018-02-28 21:04:48,0.08186300,0.27500000
2018-02-28 21:04:48,0.08178100,0.01900000
2018-02-28 21:04:48,0.08178000,0.03000000
2018-02-28 21:04:48,0.08179000,2.40800000
2018-02-28 21:04:48,0.08179000,0.24400000
2018-02-28 21:04:51,0.08179200,0.04900000
2018-02-28 21:04:53,0.08179400,0.07400000
2018-02-28 21:04:54,0.08187700,0.15900000
2018-02-28 21:04:55,0.08179400,0.24400000
2018-02-28 21:04:55,0.08187700,0.42000000
2018-02-28 21:04:57,0.08179400,0.12000000
2018-02-28 21:04:57,0.08179000,3.92900000
2018-02-28 21:04:59,0.08179100,0.49700000
2018-02-28 21:05:01,0.08181500,0.22400000
2018-02-28 21:05:01,0.08187200,0.08900000
2018-02-28 21:05:02,0.08178600,0.01600000
2018-02-28 21:05:02,0.08178600,0.00400000
2018-02-28 21:05:02,0.08178100,0.02100000
2018-02-28 21:05:02,0.08178600,0.01600000
2018-02-28 21:05:02,0.08178700,0.00300000
2018-02-28 21:05:03,0.08178700,0.97100000
2018-02-28 21:05:03,0.08187100,0.01900000
2018-02-28 21:05:03,0.08178700,0.00100000
2018-02-28 21:05:03,0.08187100,0.21800000
2018-02-28 21:05:04,0.08178700,0.01600000
2018-02-28 21:05:04,0.08187100,0.02000000
2018-02-28 21:05:04,0.08187200,0.36400000
2018-02-28 21:05:06,0.08178700,0.00300000
2018-02-28 21:05:06,0.08178700,0.00100000
2018-02-28 21:05:06,0.08178700,0.01600000
2018-02-28 21:05:07,0.08178700,0.00400000
2018-02-28 21:05:07,0.08178100,0.03700000
2018-02-28 21:05:07,0.08178700,0.01600000
2018-02-28 21:05:07,0.08178700,0.00400000
2018-02-28 21:05:07,0.08178700,0.02000000
2018-02-28 21:05:07,0.08178700,0.02000000
2018-02-28 21:05:07,0.08178700,0.02000000
2018-02-28 21:05:08,0.08178700,0.33100000
2018-02-28 21:05:08,0.08178700,0.02000000
2018-02-28 21:05:08,0.08178200,0.02000000
2018-02-28 21:05:08,0.08178100,0.01500000
2018-02-28 21:05:08,0.08178700,0.29000000
2018-02-28 21:05:08,0.08178700,0.00100000
2018-02-28 21:05:08,0.08178700,0.07300000
2018-02-28 21:05:08,0.08178300,1.02500000
2018-02-28 21:05:08,0.08178700,0.26600000
2018-02-28 21:05:08,0.08178700,0.10500000
2018-02-28 21:05:08,0.08187100,0.02000000
2018-02-28 21:05:08,0.08187200,0.00400000
2018-02-28 21:05:09,0.08178700,0.02700000
2018-02-28 21:05:09,0.08178700,0.04500000
2018-02-28 21:05:09,0.08178700,0.04800000
2018-02-28 21:05:09,0.08186900,0.06000000
2018-02-28 21:05:09,0.08186900,0.02400000
2018-02-28 21:05:09,0.08186900,0.03900000
2018-02-28 21:05:10,0.08186800,0.02000000
2018-02-28 21:05:10,0.08186900,0.13200000
2018-02-28 21:05:10,0.08179000,0.02200000
2018-02-28 21:05:10,0.08186800,0.02000000
2018-02-28 21:05:10,0.08186900,0.02800000
2018-02-28 21:05:10,0.08186800,0.02000000
2018-02-28 21:05:10,0.08187200,0.04100000
2018-02-28 21:05:10,0.08186800,0.02000000
2018-02-28 21:05:10,0.08186900,0.00400000
2018-02-28 21:05:11,0.08182800,0.04900000
2018-02-28 21:05:11,0.08179000,0.21900000
2018-02-28 21:05:11,0.08179000,0.04800000
2018-02-28 21:05:12,0.08179000,0.21000000
2018-02-28 21:05:18,0.08187000,0.01900000
2018-02-28 21:05:18,0.08187000,0.00100000
2018-02-28 21:05:18,0.08187200,0.00500000
2018-02-28 21:05:19,0.08186200,0.11700000
2018-02-28 21:05:19,0.08186200,0.03500000
2018-02-28 21:05:19,0.08179000,0.00100000
2018-02-28 21:05:19,0.08178700,0.38600000
2018-02-28 21:05:20,0.08186100,0.02000000
2018-02-28 21:05:20,0.08186200,0.87000000
2018-02-28 21:05:20,0.08178700,0.34000000
2018-02-28 21:05:20,0.08178700,0.14600000
2018-02-28 21:05:20,0.08178000,0.04000000
2018-02-28 21:05:20,0.08178000,0.14500000
2018-02-28 21:05:20,0.08186100,0.02000000
2018-02-28 21:05:20,0.08178000,0.31500000
2018-02-28 21:05:20,0.08178000,0.04500000
2018-02-28 21:05:20,0.08178000,0.02300000
2018-02-28 21:05:20,0.08178000,0.06400000
2018-02-28 21:05:21,0.08186100,1.22100000
2018-02-28 21:05:21,0.08178000,0.19900000
2018-02-28 21:05:21,0.08186100,0.23400000
2018-02-28 21:05:22,0.08178100,0.11700000
2018-02-28 21:05:22,0.08186100,0.01800000
2018-02-28 21:05:22,0.08178100,0.26100000
2018-02-28 21:05:23,0.08186200,0.90700000
2018-02-28 21:05:23,0.08178100,0.12300000
2018-02-28 21:05:23,0.08186100,2.31000000
2018-02-28 21:05:25,0.08178200,0.02000000
2018-02-28 21:05:25,0.08178100,0.38600000
2018-02-28 21:05:26,0.08178100,0.01900000
2018-02-28 21:05:26,0.08178100,0.90500000
2018-02-28 21:05:26,0.08178100,0.38600000
2018-02-28 21:05:26,0.08178100,0.22300000
2018-02-28 21:05:26,0.08178100,0.38700000
2018-02-28 21:05:26,0.08178100,0.02100000
2018-02-28 21:05:26,0.08178100,0.02100000
2018-02-28 21:05:28,0.08178200,0.01900000
2018-02-28 21:05:29,0.08178400,0.01900000
2018-02-28 21:05:29,0.08186300,0.21900000
2018-02-28 21:05:31,0.08186700,0.01900000
2018-02-28 21:05:33,0.08186000,0.98300000
2018-02-28 21:05:33,0.08186000,1.05300000
2018-02-28 21:05:34,0.08178300,0.16600000
2018-02-28 21:05:34,0.08178300,0.10300000
2018-02-28 21:05:34,0.08178300,0.01400000
2018-02-28 21:05:36,0.08178300,0.03500000
2018-02-28 21:05:36,0.08186000,0.07000000
2018-02-28 21:05:37,0.08186000,0.03400000
2018-02-28 21:05:38,0.08186000,0.05400000
2018-02-28 21:05:38,0.08178400,0.59100000
2018-02-28 21:05:38,0.08178400,0.02400000
2018-02-28 21:05:38,0.08178400,0.00900000
2018-02-28 21:05:39,0.08178400,0.07500000
2018-02-28 21:05:39,0.08178400,0.00100000
2018-02-28 21:05:39,0.08178400,0.44700000
2018-02-28 21:05:40,0.08186000,0.02500000
2018-02-28 21:05:40,0.08178500,0.82000000
2018-02-28 21:05:40,0.08186000,0.35100000
2018-02-28 21:05:40,0.08178500,0.09400000
2018-02-28 21:05:40,0.08178500,3.06400000
2018-02-28 21:05:42,0.08186000,0.93600000
2018-02-28 21:05:43,0.08186000,0.02400000
2018-02-28 21:05:43,0.08186000,0.02500000
2018-02-28 21:05:45,0.08178800,0.19400000
2018-02-28 21:05:46,0.08178900,0.05300000
2018-02-28 21:05:46,0.08178800,0.69300000
2018-02-28 21:05:47,0.08178900,0.01900000
2018-02-28 21:05:47,0.08178900,0.05600000
2018-02-28 21:05:49,0.08178900,0.32500000
2018-02-28 21:05:49,0.08178900,0.02400000
2018-02-28 21:05:49,0.08178900,3.77500000
2018-02-28 21:05:53,0.08178900,0.00100000
2018-02-28 21:05:53,0.08178800,0.04800000
2018-02-28 21:05:53,0.08178000,0.01500000
2018-02-28 21:05:54,0.08179000,0.24400000
2018-02-28 21:05:54,0.08179000,0.57400000
2018-02-28 21:05:54,0.08179000,3.34100000
2018-02-28 21:05:55,0.08185900,0.24500000
2018-02-28 21:05:55,0.08185900,0.18400000
2018-02-28 21:05:55,0.08179000,0.00100000
2018-02-28 21:05:55,0.08178900,0.05900000
2018-02-28 21:05:56,0.08179000,0.08400000
2018-02-28 21:05:56,0.08179000,0.03000000
2018-02-28 21:05:56,0.08179000,0.40200000
2018-02-28 21:05:56,0.08179000,0.00100000
2018-02-28 21:05:56,0.08178900,0.07400000
2018-02-28 21:05:56,0.08178900,0.03200000
2018-02-28 21:05:56,0.08178000,0.05900000
2018-02-28 21:05:57,0.08178000,1.34800000
2018-02-28 21:05:58,0.08178000,0.01500000
2018-02-28 21:05:58,0.08178000,0.09900000
2018-02-28 21:05:58,0.08178000,0.06000000
2018-02-28 21:06:00,0.08185900,0.02000000
2018-02-28 21:06:00,0.08186000,0.07400000
2018-02-28 21:06:00,0.08180500,0.02400000
2018-02-28 21:06:01,0.08180500,0.09200000
2018-02-28 21:06:01,0.08178100,0.02900000
2018-02-28 21:06:01,0.08178000,0.01400000
2018-02-28 21:06:01,0.08180500,0.10700000
2018-02-28 21:06:01,0.08178000,0.98400000
2018-02-28 21:06:01,0.08177800,0.98000000
2018-02-28 21:06:01,0.08180500,0.02800000
2018-02-28 21:06:01,0.08178100,0.04100000
2018-02-28 21:06:02,0.08178100,0.00100000
2018-02-28 21:06:02,0.08177800,0.02000000
2018-02-28 21:06:02,0.08185900,0.01900000
2018-02-28 21:06:02,0.08177800,0.02100000
2018-02-28 21:06:04,0.08177800,0.03100000
2018-02-28 21:06:04,0.08177800,0.01700000
2018-02-28 21:06:04,0.08177800,0.00100000
2018-02-28 21:06:04,0.08177700,0.01600000
2018-02-28 21:06:04,0.08177700,0.01900000
2018-02-28 21:06:04,0.08177700,0.00100000
2018-02-28 21:06:04,0.08177600,0.00100000
2018-02-28 21:06:04,0.08177000,0.02000000
2018-02-28 21:06:04,0.08176700,1.02900000
2018-02-28 21:06:04,0.08176700,0.00400000
2018-02-28 21:06:04,0.08176200,0.01500000
2018-02-28 21:06:04,0.08177000,0.01900000
2018-02-28 21:06:04,0.08178900,0.13500000
2018-02-28 21:06:04,0.08177000,0.00100000
2018-02-28 21:06:04,0.08176200,0.01800000
2018-02-28 21:06:05,0.08177000,0.01900000
2018-02-28 21:06:05,0.08177000,0.00100000
2018-02-28 21:06:05,0.08176200,0.01800000
2018-02-28 21:06:05,0.08178900,0.02800000
2018-02-28 21:06:05,0.08178900,1.22100000
2018-02-28 21:06:05,0.08178900,0.03500000
2018-02-28 21:06:05,0.08178900,0.13200000
2018-02-28 21:06:05,0.08178900,0.03600000
2018-02-28 21:06:05,0.08178900,0.00100000
2018-02-28 21:06:05,0.08185700,0.06000000
2018-02-28 21:06:06,0.08176300,0.01900000
2018-02-28 21:06:06,0.08176300,0.00100000
2018-02-28 21:06:06,0.08176200,0.01800000
2018-02-28 21:06:06,0.08176300,0.01900000
2018-02-28 21:06:06,0.08176300,0.00100000
2018-02-28 21:06:06,0.08176200,0.01800000
2018-02-28 21:06:06,0.08176300,0.01900000
2018-02-28 21:06:06,0.08176300,0.00100000
2018-02-28 21:06:06,0.08175400,0.01800000
2018-02-28 21:06:06,0.08182500,0.01800000
2018-02-28 21:06:07,0.08176300,0.01900000
2018-02-28 21:06:07,0.08176300,0.00100000
2018-02-28 21:06:07,0.08175400,0.01800000
2018-02-28 21:06:07,0.08182600,0.02900000
2018-02-28 21:06:08,0.08175400,0.06600000
2018-02-28 21:06:08,0.08175400,0.16200000
2018-02-28 21:06:08,0.08175400,0.04000000
2018-02-28 21:06:08,0.08175400,0.12000000
2018-02-28 21:06:10,0.08175500,0.01400000
2018-02-28 21:06:11,0.08175500,1.05000000
2018-02-28 21:06:12,0.08175600,0.14600000
2018-02-28 21:06:14,0.08175200,0.07000000
2018-02-28 21:06:14,0.08175300,0.06600000
2018-02-28 21:06:14,0.08175300,0.05400000
2018-02-28 21:06:14,0.08175200,0.01900000
2018-02-28 21:06:15,0.08178200,2.00000000
2018-02-28 21:06:16,0.08178200,0.03900000
2018-02-28 21:06:16,0.08178200,0.11300000
2018-02-28 21:06:16,0.08178200,0.63000000
2018-02-28 21:06:17,0.08182600,0.00100000
2018-02-28 21:06:17,0.08183800,0.02800000
2018-02-28 21:06:17,0.08183800,0.33200000
2018-02-28 21:06:19,0.08185600,0.10000000
2018-02-28 21:06:19,0.08185600,0.21500000
2018-02-28 21:06:22,0.08185400,0.33200000
2018-02-28 21:06:23,0.08175800,1.93300000
2018-02-28 21:06:23,0.08185300,0.03800000
2018-02-28 21:06:23,0.08176000,0.05000000
2018-02-28 21:06:24,0.08185200,0.02000000
2018-02-28 21:06:24,0.08185300,0.04100000
2018-02-28 21:06:25,0.08176200,0.02000000
2018-02-28 21:06:25,0.08176100,0.06500000
2018-02-28 21:06:26,0.08176300,0.04000000
2018-02-28 21:06:27,0.08176300,0.00100000
2018-02-28 21:06:27,0.08176200,0.09900000
2018-02-28 21:06:27,0.08184900,1.47000000
2018-02-28 21:06:28,0.08176300,0.51000000
2018-02-28 21:06:28,0.08176300,0.04200000
2018-02-28 21:06:30,0.08184900,0.00300000
2018-02-28 21:06:30,0.08185000,0.05000000
2018-02-28 21:06:30,0.08185200,0.02500000
2018-02-28 21:06:30,0.08185300,0.48100000
2018-02-28 21:06:30,0.08185300,0.01800000
2018-02-28 21:06:31,0.08185500,0.01700000
2018-02-28 21:06:32,0.08176600,0.01900000
2018-02-28 21:06:32,0.08184600,0.18100000
2018-02-28 21:06:32,0.08184600,0.02000000
2018-02-28 21:06:32,0.08184600,0.02100000
2018-02-28 21:06:33,0.08184600,0.02200000
2018-02-28 21:06:33,0.08184600,0.19600000
2018-02-28 21:06:33,0.08184500,0.07600000
2018-02-28 21:06:33,0.08176700,1.39800000
2018-02-28 21:06:36,0.08176700,0.06300000
2018-02-28 21:06:36,0.08184500,0.03800000
2018-02-28 21:06:36,0.08184600,0.02400000
2018-02-28 21:06:36,0.08184600,0.06200000
2018-02-28 21:06:36,0.08184600,0.06200000
2018-02-28 21:06:38,0.08184400,0.28600000
2018-02-28 21:06:38,0.08184400,0.21400000
2018-02-28 21:06:38,0.08175800,0.02900000
2018-02-28 21:06:38,0.08184400,0.19200000
2018-02-28 21:06:39,0.08176500,0.03900000
2018-02-28 21:06:39,0.08176500,1.20900000
2018-02-28 21:06:39,0.08176500,0.54300000
2018-02-28 21:06:40,0.08184300,0.02800000
2018-02-28 21:06:40,0.08176500,0.14700000
2018-02-28 21:06:40,0.08176500,0.00100000
2018-02-28 21:06:40,0.08176300,0.02800000
2018-02-28 21:06:40,0.08176300,0.02100000
2018-02-28 21:06:40,0.08176300,0.09800000
2018-02-28 21:06:40,0.08184300,0.00100000
2018-02-28 21:06:40,0.08184400,0.04700000
2018-02-28 21:06:40,0.08184400,0.10800000
2018-02-28 21:06:40,0.08176500,0.03500000
2018-02-28 21:06:41,0.08184400,0.36700000
2018-02-28 21:06:41,0.08176700,0.01300000
2018-02-28 21:06:41,0.08176700,0.01600000
2018-02-28 21:06:42,0.08176700,0.02000000
2018-02-28 21:06:42,0.08176600,0.81200000
2018-02-28 21:06:42,0.08176600,0.05000000
2018-02-28 21:06:42,0.08184400,0.18500000
2018-02-28 21:06:42,0.08184600,0.18300000
2018-02-28 21:06:42,0.08185400,0.02000000
2018-02-28 21:06:42,0.08185900,0.01100000
2018-02-28 21:06:43,0.08176700,0.01900000
2018-02-28 21:06:44,0.08176800,0.13500000
2018-02-28 21:06:44,0.08176800,0.38400000
2018-02-28 21:06:45,0.08176800,0.64500000
2018-02-28 21:06:46,0.08176800,0.02400000
2018-02-28 21:06:48,0.08176800,0.13700000
2018-02-28 21:06:49,0.08176800,0.15200000
2018-02-28 21:06:49,0.08176700,0.11000000
2018-02-28 21:06:49,0.08176600,0.29500000
2018-02-28 21:06:50,0.08176600,0.14200000
2018-02-28 21:06:50,0.08185200,0.13600000
2018-02-28 21:06:51,0.08185100,0.02000000
2018-02-28 21:06:53,0.08176600,0.86000000
2018-02-28 21:06:53,0.08176700,0.02600000
2018-02-28 21:06:54,0.08176700,0.12900000
2018-02-28 21:06:54,0.08184900,0.08800000
2018-02-28 21:06:54,0.08184900,0.55700000
2018-02-28 21:06:54,0.08184400,0.04900000
2018-02-28 21:06:54,0.08184400,0.00100000
2018-02-28 21:06:54,0.08176700,0.00100000
2018-02-28 21:06:54,0.08176600,0.04700000
2018-02-28 21:06:54,0.08176600,0.04900000
2018-02-28 21:06:55,0.08176600,0.01400000
2018-02-28 21:06:56,0.08184900,0.02500000
2018-02-28 21:06:58,0.08184900,0.07500000
2018-02-28 21:06:58,0.08176600,0.04900000
2018-02-28 21:06:59,0.08184900,0.07900000
2018-02-28 21:07:00,0.08182400,0.01500000
2018-02-28 21:07:00,0.08182400,0.07800000
2018-02-28 21:07:00,0.08177200,0.02000000
2018-02-28 21:07:00,0.08177100,0.52600000
2018-02-28 21:07:00,0.08176700,0.93300000
2018-02-28 21:07:00,0.08176500,0.00100000
2018-02-28 21:07:00,0.08175500,0.68600000
2018-02-28 21:07:01,0.08175500,0.09300000
2018-02-28 21:07:02,0.08176000,0.02800000
2018-02-28 21:07:02,0.08176000,0.06400000
2018-02-28 21:07:02,0.08176000,0.24800000
2018-02-28 21:07:02,0.08175700,0.41100000
2018-02-28 21:07:04,0.08184800,0.09800000
2018-02-28 21:07:04,0.08184800,0.09700000
2018-02-28 21:07:04,0.08175700,0.28400000
2018-02-28 21:07:04,0.08184800,0.09800000
2018-02-28 21:07:04,0.08175700,0.05100000
2018-02-28 21:07:04,0.08175700,0.19900000
2018-02-28 21:07:04,0.08175500,1.33800000
2018-02-28 21:07:05,0.08175800,0.01500000
2018-02-28 21:07:06,0.08175800,0.27600000
2018-02-28 21:07:07,0.08184600,0.13300000
2018-02-28 21:07:07,0.08175800,0.00200000
2018-02-28 21:07:07,0.08175500,0.48600000
2018-02-28 21:07:08,0.08175500,0.36600000
2018-02-28 21:07:08,0.08184600,0.05800000
2018-02-28 21:07:08,0.08175500,0.01900000
2018-02-28 21:07:08,0.08175500,0.18900000
2018-02-28 21:07:08,0.08175500,0.01800000
2018-02-28 21:07:09,0.08176600,0.02800000
2018-02-28 21:07:09,0.08176600,0.07500000
2018-02-28 21:07:09,0.08176600,0.02600000
2018-02-28 21:07:09,0.08176600,0.10500000
2018-02-28 21:07:09,0.08175600,0.01500000
2018-02-28 21:07:09,0.08175600,0.08700000
2018-02-28 21:07:09,0.08176600,0.18400000
2018-02-28 21:07:09,0.08176600,0.00300000
2018-02-28 21:07:09,0.08184600,0.11400000
2018-02-28 21:07:09,0.08176600,0.02500000
2018-02-28 21:07:09,0.08175700,0.02000000
2018-02-28 21:07:09,0.08175600,0.13400000
2018-02-28 21:07:09,0.08175600,0.01800000
2018-02-28 21:07:09,0.08175600,0.03000000
2018-02-28 21:07:10,0.08175700,0.10200000
2018-02-28 21:07:10,0.08175500,0.01100000
2018-02-28 21:07:10,0.08184400,0.04500000
2018-02-28 21:07:11,0.08184400,0.04500000
2018-02-28 21:07:11,0.08175500,0.05000000
2018-02-28 21:07:11,0.08175500,0.11300000
2018-02-28 21:07:11,0.08175500,0.22600000
2018-02-28 21:07:12,0.08184000,0.07500000
2018-02-28 21:07:12,0.08175500,0.01500000
2018-02-28 21:07:13,0.08175500,0.16600000
2018-02-28 21:07:13,0.08183900,0.41300000
2018-02-28 21:07:13,0.08183900,0.02000000
2018-02-28 21:07:13,0.08175600,0.01300000
2018-02-28 21:07:13,0.08183900,0.00100000
2018-02-28 21:07:13,0.08184000,0.00600000
2018-02-28 21:07:14,0.08183900,0.01900000
2018-02-28 21:07:14,0.08175700,0.00100000
2018-02-28 21:07:15,0.08183800,0.04000000
2018-02-28 21:07:15,0.08175800,0.15700000
2018-02-28 21:07:16,0.08175800,0.08500000
2018-02-28 21:07:16,0.08175800,0.12100000
2018-02-28 21:07:16,0.08175900,0.02000000
2018-02-28 21:07:16,0.08175800,0.15000000
2018-02-28 21:07:16,0.08175900,0.01900000
2018-02-28 21:07:18,0.08183800,0.00100000
2018-02-28 21:07:18,0.08183900,0.03000000
2018-02-28 21:07:19,0.08183900,0.04500000
2018-02-28 21:07:20,0.08183900,0.40800000
2018-02-28 21:07:20,0.08175900,0.10000000
2018-02-28 21:07:20,0.08175900,0.02100000
2018-02-28 21:07:20,0.08175800,0.06900000
2018-02-28 21:07:21,0.08175800,2.89400000
2018-02-28 21:07:21,0.08175800,0.03000000
2018-02-28 21:07:22,0.08175800,0.02900000
2018-02-28 21:07:22,0.08175800,0.19600000
2018-02-28 21:07:22,0.08175800,0.23900000
2018-02-28 21:07:22,0.08175700,0.00500000
2018-02-28 21:07:22,0.08175700,0.39400000
2018-02-28 21:07:23,0.08175700,0.23100000
2018-02-28 21:07:24,0.08183900,0.01500000
2018-02-28 21:07:24,0.08175400,0.86700000
2018-02-28 21:07:25,0.08175400,0.22200000
2018-02-28 21:07:25,0.08175400,0.00100000
2018-02-28 21:07:25,0.08174700,0.13000000
2018-02-28 21:07:26,0.08175500,0.91100000
2018-02-28 21:07:27,0.08175000,0.04900000
2018-02-28 21:07:27,0.08174600,0.05000000
2018-02-28 21:07:28,0.08183700,0.21300000
2018-02-28 21:07:28,0.08174700,0.24400000
2018-02-28 21:07:29,0.08174700,0.33900000
2018-02-28 21:07:29,0.08174700,0.42900000
2018-02-28 21:07:30,0.08174800,0.01600000
2018-02-28 21:07:31,0.08174800,0.08200000
2018-02-28 21:07:31,0.08174900,0.21500000
2018-02-28 21:07:31,0.08174900,0.21900000
2018-02-28 21:07:31,0.08174900,0.08000000
2018-02-28 21:07:31,0.08174900,0.21400000
2018-02-28 21:07:32,0.08180000,0.16600000
2018-02-28 21:07:32,0.08180000,0.13100000
2018-02-28 21:07:32,0.08183000,0.08500000
2018-02-28 21:07:32,0.08179900,0.04000000
2018-02-28 21:07:32,0.08179900,0.03500000
2018-02-28 21:07:33,0.08179900,0.03800000
2018-02-28 21:07:33,0.08183000,0.19500000
2018-02-28 21:07:33,0.08183300,0.08200000
2018-02-28 21:07:33,0.08183500,0.32500000
2018-02-28 21:07:35,0.08179900,0.40000000
2018-02-28 21:07:35,0.08175100,0.24400000
2018-02-28 21:07:35,0.08179900,0.99200000
2018-02-28 21:07:35,0.08175100,0.27900000
2018-02-28 21:07:35,0.08179900,0.01800000
2018-02-28 21:07:35,0.08175100,0.00100000
2018-02-28 21:07:35,0.08175000,0.04300000
2018-02-28 21:07:35,0.08175000,0.88500000
2018-02-28 21:07:35,0.08175000,0.06100000
2018-02-28 21:07:36,0.08175100,1.32800000
2018-02-28 21:07:36,0.08175100,0.82200000
2018-02-28 21:07:37,0.08180000,0.04900000
2018-02-28 21:07:37,0.08180000,0.00100000
2018-02-28 21:07:37,0.08183400,0.09100000
2018-02-28 21:07:37,0.08183400,0.04900000
2018-02-28 21:07:37,0.08175100,0.11200000
2018-02-28 21:07:38,0.08175100,1.13200000
2018-02-28 21:07:38,0.08175100,0.01500000
2018-02-28 21:07:38,0.08175100,0.56100000
2018-02-28 21:07:38,0.08175000,0.01400000
2018-02-28 21:07:38,0.08175000,0.23900000
2018-02-28 21:07:39,0.08183400,0.23400000
2018-02-28 21:07:40,0.08183400,0.44500000
2018-02-28 21:07:40,0.08183400,0.00100000
2018-02-28 21:07:40,0.08183400,0.02000000
2018-02-28 21:07:40,0.08183400,0.02000000
2018-02-28 21:07:40,0.08183400,0.02000000
2018-02-28 21:07:40,0.08183400,0.02000000
2018-02-28 21:07:40,0.08183400,0.01600000
2018-02-28 21:07:40,0.08175000,0.02000000
2018-02-28 21:07:42,0.08183400,0.00400000
2018-02-28 21:07:42,0.08183500,0.15600000
2018-02-28 21:07:42,0.08183700,0.23900000
2018-02-28 21:07:42,0.08183400,0.01900000
2018-02-28 21:07:42,0.08183400,0.00100000
2018-02-28 21:07:42,0.08183700,0.29800000
2018-02-28 21:07:42,0.08183400,0.01900000
2018-02-28 21:07:46,0.08175000,0.00100000
2018-02-28 21:07:46,0.08175000,0.02000000
2018-02-28 21:07:46,0.08175000,0.00300000
2018-02-28 21:07:46,0.08175000,0.01600000
2018-02-28 21:07:47,0.08175000,0.00100000
2018-02-28 21:07:47,0.08174700,1.10600000
2018-02-28 21:07:47,0.08174600,0.00300000
2018-02-28 21:07:47,0.08174300,0.84300000
2018-02-28 21:07:47,0.08175000,0.01900000
2018-02-28 21:07:48,0.08180000,0.43900000
2018-02-28 21:07:48,0.08180000,2.45600000
2018-02-28 21:07:48,0.08180000,0.12200000
2018-02-28 21:07:48,0.08180000,0.01900000
2018-02-28 21:07:48,0.08174700,0.08000000
2018-02-28 21:07:49,0.08183200,0.36800000
2018-02-28 21:07:50,0.08183200,0.14800000
2018-02-28 21:07:50,0.08174800,0.02000000
2018-02-28 21:07:51,0.08174800,0.25200000
2018-02-28 21:07:51,0.08174800,0.22000000
2018-02-28 21:07:51,0.08180000,0.04700000
2018-02-28 21:07:51,0.08174800,0.25900000
2018-02-28 21:07:52,0.08180000,0.05700000
2018-02-28 21:07:53,0.08180000,0.10200000
2018-02-28 21:07:54,0.08174800,0.17300000
2018-02-28 21:07:55,0.08183100,0.54000000
2018-02-28 21:07:55,0.08183100,0.00400000
2018-02-28 21:07:55,0.08183600,0.03100000
2018-02-28 21:07:56,0.08174900,0.01900000
2018-02-28 21:07:57,0.08175900,0.02000000
2018-02-28 21:07:57,0.08175900,0.10200000
2018-02-28 21:07:57,0.08175000,0.01900000
2018-02-28 21:07:57,0.08182000,0.08700000
2018-02-28 21:07:58,0.08182000,0.14900000
2018-02-28 21:07:58,0.08182000,0.06000000
2018-02-28 21:07:58,0.08182000,2.18300000
2018-02-28 21:08:00,0.08175000,0.06600000
2018-02-28 21:08:00,0.08175000,0.02400000
2018-02-28 21:08:01,0.08175000,0.05500000
2018-02-28 21:08:01,0.08183200,0.01700000
2018-02-28 21:08:01,0.08183200,0.00300000
2018-02-28 21:08:01,0.08183300,0.01700000
2018-02-28 21:08:02,0.08175000,0.01500000
2018-02-28 21:08:02,0.08183100,0.03500000
2018-02-28 21:08:02,0.08175000,0.54800000
2018-02-28 21:08:02,0.08183000,0.02000000
2018-02-28 21:08:02,0.08183100,0.04700000
2018-02-28 21:08:02,0.08183000,0.01900000
2018-02-28 21:08:02,0.08175000,0.11500000
2018-02-28 21:08:03,0.08183000,0.00100000
2018-02-28 21:08:03,0.08183100,0.34200000
2018-02-28 21:08:03,0.08175100,0.02000000
2018-02-28 21:08:03,0.08175000,0.03000000
2018-02-28 21:08:03,0.08174700,0.00100000
2018-02-28 21:08:03,0.08174600,0.02000000
2018-02-28 21:08:03,0.08174300,0.61200000
2018-02-28 21:08:03,0.08183000,0.01900000
2018-02-28 21:08:04,0.08182900,0.36200000
2018-02-28 21:08:06,0.08182900,0.36500000
2018-02-28 21:08:06,0.08182900,0.04300000
2018-02-28 21:08:07,0.08182900,0.00100000
2018-02-28 21:08:07,0.08183000,0.99900000
2018-02-28 21:08:07,0.08182900,0.02000000
2018-02-28 21:08:07,0.08183000,0.30300000
2018-02-28 21:08:08,0.08182900,0.01900000
2018-02-28 21:08:08,0.08174700,0.13500000
2018-02-28 21:08:08,0.08182900,0.00100000
2018-02-28 21:08:08,0.08183000,0.01600000
2018-02-28 21:08:08,0.08182900,0.02000000
2018-02-28 21:08:08,0.08183000,2.30400000
2018-02-28 21:08:09,0.08182900,0.01700000
2018-02-28 21:08:09,0.08174700,0.18200000
2018-02-28 21:08:10,0.08174800,0.02000000
2018-02-28 21:08:10,0.08174700,0.03400000
2018-02-28 21:08:13,0.08182900,0.00300000
2018-02-28 21:08:14,0.08182900,0.04900000
2018-02-28 21:08:14,0.08182900,0.00200000
2018-02-28 21:08:14,0.08174700,0.00300000
2018-02-28 21:08:14,0.08174400,0.02000000
2018-02-28 21:08:14,0.08174300,0.02500000
2018-02-28 21:08:14,0.08174300,0.05000000
2018-02-28 21:08:14,0.08183000,0.47300000
2018-02-28 21:08:14,0.08182900,0.01700000
2018-02-28 21:08:15,0.08174500,0.01900000
2018-02-28 21:08:15,0.08174500,0.05700000
2018-02-28 21:08:16,0.08174600,0.03900000
2018-02-28 21:08:17,0.08175900,0.01400000
2018-02-28 21:08:17,0.08182800,0.02000000
2018-02-28 21:08:18,0.08182900,0.42000000
2018-02-28 21:08:18,0.08182900,0.43600000
2018-02-28 21:08:19,0.08182900,0.30000000
2018-02-28 21:08:20,0.08175900,0.00100000
2018-02-28 21:08:20,0.08174600,0.05100000
2018-02-28 21:08:22,0.08182900,0.08300000
2018-02-28 21:08:22,0.08182900,0.27300000
2018-02-28 21:08:23,0.08182900,2.59200000
2018-02-28 21:08:23,0.08182900,0.29600000
2018-02-28 21:08:23,0.08183000,0.61700000
2018-02-28 21:08:23,0.08183000,0.71300000
2018-02-28 21:08:23,0.08183300,0.38000000
2018-02-28 21:08:23,0.08183600,0.19400000
2018-02-28 21:08:23,0.08183600,0.71000000
2018-02-28 21:08:26,0.08174900,0.01800000
2018-02-28 21:08:26,0.08183500,0.07500000
2018-02-28 21:08:26,0.08183500,0.00100000
2018-02-28 21:08:26,0.08183600,0.07900000
2018-02-28 21:08:26,0.08183700,0.56800000
2018-02-28 21:08:26,0.08184000,1.56600000
2018-02-28 21:08:26,0.08175000,0.05100000
2018-02-28 21:08:27,0.08183600,0.04900000
2018-02-28 21:08:27,0.08184000,1.73900000
2018-02-28 21:08:27,0.08175000,0.36900000
2018-02-28 21:08:27,0.08175000,0.34100000
2018-02-28 21:08:27,0.08175000,0.05000000
2018-02-28 21:08:27,0.08175000,0.02500000
2018-02-28 21:08:28,0.08183500,0.45100000
2018-02-28 21:08:28,0.08183500,0.02100000
2018-02-28 21:08:28,0.08183500,0.03500000
2018-02-28 21:08:28,0.08183500,0.01500000
2018-02-28 21:08:28,0.08183500,0.16700000
2018-02-28 21:08:28,0.08183500,0.02500000
2018-02-28 21:08:28,0.08183500,0.14900000
2018-02-28 21:08:28,0.08183500,0.06900000
2018-02-28 21:08:28,0.08183500,0.07200000
2018-02-28 21:08:28,0.08183500,1.00000000
2018-02-28 21:08:28,0.08183500,0.02400000
2018-02-28 21:08:28,0.08183500,0.17900000
2018-02-28 21:08:28,0.08175200,0.02300000
2018-02-28 21:08:28,0.08175200,0.17800000
2018-02-28 21:08:28,0.08175200,0.04900000
2018-02-28 21:08:29,0.08175100,0.02000000
2018-02-28 21:08:29,0.08175000,0.34000000
2018-02-28 21:08:29,0.08183300,0.26100000
2018-02-28 21:08:30,0.08175300,0.02000000
2018-02-28 21:08:30,0.08175200,0.02900000
2018-02-28 21:08:30,0.08183300,0.00100000
2018-02-28 21:08:30,0.08183500,0.04900000
2018-02-28 21:08:30,0.08183900,0.02000000
2018-02-28 21:08:30,0.08184000,0.07200000
2018-02-28 21:08:31,0.08183900,0.02000000
2018-02-28 21:08:32,0.08175300,0.02000000
2018-02-28 21:08:32,0.08175000,1.83100000
2018-02-28 21:08:32,0.08183300,0.04800000
2018-02-28 21:08:33,0.08182900,0.06100000
2018-02-28 21:08:33,0.08175300,0.01500000
2018-02-28 21:08:33,0.08175300,0.00500000
2018-02-28 21:08:33,0.08175000,0.01500000
2018-02-28 21:08:34,0.08175300,0.01900000
2018-02-28 21:08:35,0.08183300,0.00100000
2018-02-28 21:08:35,0.08183900,0.02000000
2018-02-28 21:08:35,0.08184000,0.24100000
2018-02-28 21:08:35,0.08183900,0.01900000
2018-02-28 21:08:36,0.08183500,0.01500000
2018-02-28 21:08:36,0.08183500,0.07100000
2018-02-28 21:08:36,0.08183900,0.00100000
2018-02-28 21:08:36,0.08184000,0.01300000
2018-02-28 21:08:36,0.08183500,0.02700000
2018-02-28 21:08:37,0.08175400,1.17300000
2018-02-28 21:08:37,0.08183400,0.02000000
2018-02-28 21:08:38,0.08175400,0.36600000
2018-02-28 21:08:38,0.08183500,0.37500000
2018-02-28 21:08:39,0.08175100,0.62800000
2018-02-28 21:08:39,0.08175100,0.09200000
2018-02-28 21:08:39,0.08183400,0.03400000
2018-02-28 21:08:39,0.08175100,0.04600000
2018-02-28 21:08:39,0.08183400,0.03500000
2018-02-28 21:08:39,0.08183400,0.09900000
2018-02-28 21:08:40,0.08174600,0.01900000
2018-02-28 21:08:40,0.08183300,0.02000000
2018-02-28 21:08:40,0.08183400,0.03900000
2018-02-28 21:08:41,0.08174700,0.20700000
2018-02-28 21:08:42,0.08182800,0.08900000
2018-02-28 21:08:43,0.08183400,0.02200000
2018-02-28 21:08:43,0.08183400,0.03500000
2018-02-28 21:08:43,0.08183400,1.00000000
2018-02-28 21:08:44,0.08183300,0.01900000
2018-02-28 21:08:44,0.08183300,0.21700000
2018-02-28 21:08:44,0.08183400,0.02300000
2018-02-28 21:08:44,0.08183400,1.91200000
2018-02-28 21:08:45,0.08183300,0.11600000
2018-02-28 21:08:45,0.08183300,0.31800000
2018-02-28 21:08:45,0.08174700,0.02000000
2018-02-28 21:08:45,0.08174300,0.09400000
2018-02-28 21:08:45,0.08174300,0.12700000
2018-02-28 21:08:45,0.08174300,0.15400000
2018-02-28 21:08:45,0.08174300,0.08700000
2018-02-28 21:08:45,0.08183300,0.01900000
2018-02-28 21:08:46,0.08183300,0.04900000
2018-02-28 21:08:46,0.08183300,0.00100000
2018-02-28 21:08:46,0.08183400,0.04800000
2018-02-28 21:08:46,0.08183400,0.54000000
2018-02-28 21:08:46,0.08183400,0.07600000
2018-02-28 21:08:46,0.08183400,0.87900000
2018-02-28 21:08:48,0.08183400,0.01700000
2018-02-28 21:08:49,0.08183400,0.80300000
2018-02-28 21:08:49,0.08174700,0.19200000
2018-02-28 21:08:49,0.08183400,0.19100000
2018-02-28 21:08:49,0.08174800,0.04200000
2018-02-28 21:08:50,0.08183300,0.04800000
2018-02-28 21:08:50,0.08183300,0.14300000
2018-02-28 21:08:50,0.08174800,0.01600000
2018-02-28 21:08:50,0.08174700,0.39300000
2018-02-28 21:08:50,0.08174700,0.91900000
2018-02-28 21:08:50,0.08174700,0.02000000
2018-02-28 21:08:50,0.08174700,0.05300000
2018-02-28 21:08:50,0.08183300,0.00100000
2018-02-28 21:08:50,0.08183400,0.01900000
2018-02-28 21:08:50,0.08183300,0.01500000
2018-02-28 21:08:50,0.08183300,0.00500000
2018-02-28 21:08:50,0.08183400,0.01400000
2018-02-28 21:08:50,0.08174900,0.07700000
2018-02-28 21:08:51,0.08183300,0.01900000
2018-02-28 21:08:51,0.08183200,0.39200000
2018-02-28 21:08:51,0.08183200,0.00100000
2018-02-28 21:08:51,0.08183300,0.05000000
2018-02-28 21:08:51,0.08183400,0.14000000
2018-02-28 21:08:51,0.08183400,0.16000000
2018-02-28 21:08:51,0.08175000,0.02200000
2018-02-28 21:08:51,0.08174900,0.11400000
2018-02-28 21:08:51,0.08174700,0.02000000
2018-02-28 21:08:51,0.08183400,0.05000000
2018-02-28 21:08:51,0.08183300,0.02000000
2018-02-28 21:08:51,0.08183400,1.62500000
2018-02-28 21:08:51,0.08183500,7.88100000
2018-02-28 21:08:51,0.08184000,1.29400000
2018-02-28 21:08:51,0.08184500,0.22600000
2018-02-28 21:08:51,0.08184900,0.25000000
2018-02-28 21:08:51,0.08185000,0.48700000
2018-02-28 21:08:52,0.08183400,0.04800000
2018-02-28 21:08:52,0.08174600,0.02000000
2018-02-28 21:08:52,0.08174300,0.11300000
2018-02-28 21:08:52,0.08183300,0.01700000
2018-02-28 21:08:52,0.08183300,0.00300000
2018-02-28 21:08:52,0.08183400,0.00100000
2018-02-28 21:08:52,0.08183400,0.11800000
2018-02-28 21:08:52,0.08183200,0.30300000
2018-02-28 21:08:53,0.08183200,0.66800000
2018-02-28 21:08:54,0.08183200,0.00100000
2018-02-28 21:08:54,0.08183400,0.24300000
2018-02-28 21:08:54,0.08184900,0.76000000
2018-02-28 21:08:55,0.08184900,0.31200000
2018-02-28 21:08:57,0.08183100,0.13200000
2018-02-28 21:08:57,0.08183100,1.65000000
2018-02-28 21:08:58,0.08183100,0.14000000
2018-02-28 21:08:58,0.08183100,0.20200000
2018-02-28 21:08:58,0.08183100,2.43600000
2018-02-28 21:08:59,0.08183000,0.51200000
2018-02-28 21:08:59,0.08183000,0.02800000
2018-02-28 21:09:00,0.08183100,0.54000000
2018-02-28 21:09:00,0.08183000,0.01900000
2018-02-28 21:09:00,0.08183100,0.28400000
2018-02-28 21:09:00,0.08183000,0.01200000
2018-02-28 21:09:00,0.08175200,0.00700000
2018-02-28 21:09:00,0.08175200,0.85700000
2018-02-28 21:09:00,0.08175000,0.42400000
2018-02-28 21:09:00,0.08174800,0.57000000
2018-02-28 21:09:00,0.08174800,0.02300000
2018-02-28 21:09:01,0.08183100,2.43600000
2018-02-28 21:09:01,0.08183000,0.01500000
2018-02-28 21:09:01,0.08183000,0.04900000
2018-02-28 21:09:01,0.08183100,4.40100000
2018-02-28 21:09:02,0.08183000,0.03800000
2018-02-28 21:09:02,0.08183000,0.20500000
2018-02-28 21:09:02,0.08183100,0.20800000
2018-02-28 21:09:02,0.08183100,0.04300000
2018-02-28 21:09:02,0.08183000,0.47800000
2018-02-28 21:09:02,0.08183000,0.02000000
2018-02-28 21:09:02,0.08183000,0.04200000
2018-02-28 21:09:02,0.08183000,0.02300000
2018-02-28 21:09:02,0.08184800,0.17700000
2018-02-28 21:09:03,0.08184800,0.16300000
2018-02-28 21:09:03,0.08184900,0.14800000
2018-02-28 21:09:03,0.08183000,0.00200000
2018-02-28 21:09:03,0.08174800,0.08000000
2018-02-28 21:09:03,0.08183200,0.03300000
2018-02-28 21:09:04,0.08183000,0.04400000
2018-02-28 21:09:04,0.08174800,0.02200000
2018-02-28 21:09:04,0.08174800,0.45000000
2018-02-28 21:09:04,0.08174700,0.60000000
2018-02-28 21:09:04,0.08183000,0.00100000
2018-02-28 21:09:04,0.08183200,0.00100000
2018-02-28 21:09:04,0.08183900,0.03700000
2018-02-28 21:09:05,0.08184800,0.11100000
2018-02-28 21:09:05,0.08183900,0.00100000
2018-02-28 21:09:05,0.08174900,0.00700000
2018-02-28 21:09:05,0.08174900,0.03600000
2018-02-28 21:09:05,0.08174800,0.01300000
2018-02-28 21:09:05,0.08182500,0.27000000
2018-02-28 21:09:06,0.08182500,0.13000000
2018-02-28 21:09:06,0.08175000,0.01500000
2018-02-28 21:09:06,0.08175000,0.12800000
2018-02-28 21:09:06,0.08184700,0.26300000
2018-02-28 21:09:06,0.08183400,0.09500000
2018-02-28 21:09:06,0.08183400,0.18000000
2018-02-28 21:09:06,0.08183000,0.04900000
2018-02-28 21:09:07,0.08183200,0.18000000
2018-02-28 21:09:08,0.08183000,0.00100000
2018-02-28 21:09:08,0.08183000,0.02300000
2018-02-28 21:09:08,0.08183200,0.00100000
2018-02-28 21:09:08,0.08184600,0.18900000
2018-02-28 21:09:09,0.08183000,0.15000000
2018-02-28 21:09:09,0.08184600,0.46900000
2018-02-28 21:09:10,0.08184600,0.03700000
2018-02-28 21:09:10,0.08175000,0.22200000
2018-02-28 21:09:11,0.08183500,0.11100000
2018-02-28 21:09:11,0.08183500,0.11100000
2018-02-28 21:09:11,0.08175100,0.09200000
2018-02-28 21:09:11,0.08183500,0.46000000
2018-02-28 21:09:11,0.08183500,0.00100000
2018-02-28 21:09:11,0.08184400,0.01900000
2018-02-28 21:09:12,0.08184300,0.01800000
2018-02-28 21:09:12,0.08184300,0.00100000
2018-02-28 21:09:12,0.08175300,0.01700000
2018-02-28 21:09:12,0.08175300,0.00500000
2018-02-28 21:09:12,0.08175200,0.01300000
2018-02-28 21:09:12,0.08175200,0.00700000
2018-02-28 21:09:12,0.08175100,0.01100000
2018-02-28 21:09:12,0.08175100,0.01800000
2018-02-28 21:09:12,0.08175000,0.01800000
2018-02-28 21:09:12,0.08184400,0.00200000
2018-02-28 21:09:12,0.08184400,0.00100000
2018-02-28 21:09:12,0.08184400,0.02200000
2018-02-28 21:09:13,0.08175200,0.01400000
2018-02-28 21:09:13,0.08183600,0.04600000
2018-02-28 21:09:13,0.08183600,0.00100000
2018-02-28 21:09:13,0.08184500,0.01900000
2018-02-28 21:09:13,0.08184400,0.02900000
2018-02-28 21:09:13,0.08184400,0.01700000
2018-02-28 21:09:13,0.08184400,0.00200000
2018-02-28 21:09:14,0.08175200,0.13000000
2018-02-28 21:09:15,0.08175300,0.04400000
2018-02-28 21:09:15,0.08175300,0.06600000
2018-02-28 21:09:15,0.08184400,0.06200000
2018-02-28 21:09:15,0.08175300,0.10800000
2018-02-28 21:09:15,0.08184300,0.07200000
2018-02-28 21:09:15,0.08184400,0.00100000
2018-02-28 21:09:15,0.08184600,1.26900000
2018-02-28 21:09:15,0.08184600,1.05300000
2018-02-28 21:09:15,0.08184300,0.03000000
2018-02-28 21:09:15,0.08184600,0.03100000
2018-02-28 21:09:16,0.08184300,0.04100000
2018-02-28 21:09:16,0.08184300,0.00100000
2018-02-28 21:09:16,0.08175400,0.02000000
2018-02-28 21:09:16,0.08175300,0.02000000
2018-02-28 21:09:16,0.08175300,0.04100000
2018-02-28 21:09:16,0.08175300,0.04100000
2018-02-28 21:09:16,0.08184600,0.80100000
2018-02-28 21:09:16,0.08184500,0.02000000
2018-02-28 21:09:16,0.08184600,0.44600000
2018-02-28 21:09:16,0.08184600,0.02400000
2018-02-28 21:09:16,0.08184300,0.21700000
2018-02-28 21:09:17,0.08184300,0.00100000
2018-02-28 21:09:17,0.08184600,0.45400000
2018-02-28 21:09:17,0.08184600,0.48100000
2018-02-28 21:09:17,0.08175400,0.01900000
2018-02-28 21:09:17,0.08184500,0.24500000
2018-02-28 21:09:17,0.08175500,0.07000000
2018-02-28 21:09:17,0.08184300,0.10100000
2018-02-28 21:09:18,0.08184300,0.00100000
2018-02-28 21:09:18,0.08184500,0.01900000
2018-02-28 21:09:18,0.08184400,0.02000000
2018-02-28 21:09:18,0.08184500,0.01500000
2018-02-28 21:09:18,0.08184500,0.03500000
2018-02-28 21:09:19,0.08184400,0.06700000
2018-02-28 21:09:19,0.08184400,1.99400000
2018-02-28 21:09:19,0.08175600,0.01900000
2018-02-28 21:09:20,0.08184400,0.29000000
2018-02-28 21:09:20,0.08184400,1.22200000
2018-02-28 21:09:20,0.08184400,1.57700000
2018-02-28 21:09:20,0.08185000,0.24600000
2018-02-28 21:09:20,0.08185200,0.18000000
2018-02-28 21:09:20,0.08185900,0.48900000
2018-02-28 21:09:20,0.08186800,0.30100000
2018-02-28 21:09:20,0.08185200,0.06000000
2018-02-28 21:09:20,0.08186800,0.08200000
2018-02-28 21:09:20,0.08184400,0.09900000
2018-02-28 21:09:20,0.08175700,0.02200000
2018-02-28 21:09:20,0.08175600,0.00100000
2018-02-28 21:09:20,0.08175200,0.07500000
2018-02-28 21:09:20,0.08175200,0.07000000
2018-02-28 21:09:20,0.08175000,0.02800000
2018-02-28 21:09:20,0.08175000,0.09800000
2018-02-28 21:09:20,0.08184600,0.09400000
2018-02-28 21:09:20,0.08186200,0.01900000
2018-02-28 21:09:20,0.08184600,0.02000000
2018-02-28 21:09:20,0.08186200,0.08800000
2018-02-28 21:09:20,0.08184600,0.08600000
2018-02-28 21:09:20,0.08184600,0.06400000
2018-02-28 21:09:20,0.08175700,0.04700000
2018-02-28 21:09:20,0.08186200,0.07200000
2018-02-28 21:09:21,0.08186200,0.10000000
2018-02-28 21:09:21,0.08176000,0.12600000
2018-02-28 21:09:21,0.08186200,0.02000000
2018-02-28 21:09:21,0.08186200,0.10000000
2018-02-28 21:09:21,0.08186100,1.93900000
2018-02-28 21:09:21,0.08186000,0.11900000
2018-02-28 21:09:22,0.08186000,0.00100000
2018-02-28 21:09:22,0.08186100,0.05500000
2018-02-28 21:09:22,0.08184900,0.38400000
2018-02-28 21:09:22,0.08184900,0.33000000
2018-02-28 21:09:23,0.08184900,0.34800000
2018-02-28 21:09:23,0.08184900,0.07900000
2018-02-28 21:09:24,0.08176300,0.54200000
2018-02-28 21:09:24,0.08184800,0.05000000
2018-02-28 21:09:24,0.08176400,0.01900000
2018-02-28 21:09:25,0.08184800,0.03700000
2018-02-28 21:09:25,0.08184800,0.10600000
2018-02-28 21:09:25,0.08184900,0.03600000
2018-02-28 21:09:25,0.08184800,0.10500000
2018-02-28 21:09:25,0.08184800,0.11000000
2018-02-28 21:09:25,0.08176300,0.22600000
2018-02-28 21:09:26,0.08175700,0.01900000
2018-02-28 21:09:26,0.08176200,0.85600000
2018-02-28 21:09:26,0.08176200,0.71500000
2018-02-28 21:09:26,0.08176300,0.01900000
2018-02-28 21:09:27,0.08184700,0.54100000
2018-02-28 21:09:27,0.08183000,0.18900000
2018-02-28 21:09:27,0.08183000,0.37400000
2018-02-28 21:09:28,0.08176300,0.03000000
2018-02-28 21:09:28,0.08183000,1.04100000
2018-02-28 21:09:28,0.08176300,0.05000000
2018-02-28 21:09:28,0.08176300,0.06000000
2018-02-28 21:09:28,0.08176200,0.02000000
2018-02-28 21:09:28,0.08175400,0.06000000
2018-02-28 21:09:28,0.08175000,0.06000000
2018-02-28 21:09:28,0.08176200,0.01900000
2018-02-28 21:09:29,0.08176200,0.00100000
2018-02-28 21:09:29,0.08175400,0.06000000
2018-02-28 21:09:29,0.08174900,0.23900000
2018-02-28 21:09:29,0.08174700,0.09300000
2018-02-28 21:09:29,0.08174600,0.01700000
2018-02-28 21:09:29,0.08174300,0.61400000
2018-02-28 21:09:29,0.08175200,0.02000000
2018-02-28 21:09:29,0.08174400,0.01500000
2018-02-28 21:09:29,0.08175200,0.01900000
2018-02-28 21:09:30,0.08176300,0.12300000
2018-02-28 21:09:31,0.08183000,0.00100000
2018-02-28 21:09:31,0.08183000,0.03300000
2018-02-28 21:09:31,0.08183000,0.00200000
2018-02-28 21:09:31,0.08176300,0.03200000
2018-02-28 21:09:31,0.08184300,2.64100000
2018-02-28 21:09:31,0.08176300,0.01500000
2018-02-28 21:09:32,0.08183500,0.06000000
2018-02-28 21:09:32,0.08183500,0.06700000
2018-02-28 21:09:32,0.08183500,0.03000000
2018-02-28 21:09:32,0.08183500,0.26200000
2018-02-28 21:09:32,0.08183500,0.58400000
2018-02-28 21:09:32,0.08183500,0.19200000
2018-02-28 21:09:32,0.08184600,4.91400000
2018-02-28 21:09:32,0.08183500,0.20500000
2018-02-28 21:09:32,0.08183500,0.20100000
2018-02-28 21:09:33,0.08183500,0.84700000
2018-02-28 21:09:33,0.08183500,0.01900000
2018-02-28 21:09:33,0.08183500,0.02500000
2018-02-28 21:09:33,0.08184600,0.05100000
2018-02-28 21:09:34,0.08184600,0.03900000
2018-02-28 21:09:34,0.08184600,0.03000000
2018-02-28 21:09:34,0.08184600,0.03000000
2018-02-28 21:09:34,0.08184600,0.04900000
2018-02-28 21:09:34,0.08184600,0.02100000
2018-02-28 21:09:34,0.08184700,0.01400000
2018-02-28 21:09:34,0.08184600,0.02000000
2018-02-28 21:09:34,0.08184700,0.00100000
2018-02-28 21:09:34,0.08183500,0.10700000
2018-02-28 21:09:34,0.08184600,0.01500000
2018-02-28 21:09:35,0.08184700,0.03000000
2018-02-28 21:09:36,0.08183500,0.02100000
2018-02-28 21:09:36,0.08183500,0.02000000
2018-02-28 21:09:36,0.08176900,1.11100000
2018-02-28 21:09:37,0.08183500,0.02600000
2018-02-28 21:09:37,0.08176900,0.03500000
2018-02-28 21:09:38,0.08183500,0.00300000
2018-02-28 21:09:38,0.08184700,0.00100000
2018-02-28 21:09:38,0.08184900,0.04500000
2018-02-28 21:09:38,0.08185900,0.02000000
2018-02-28 21:09:38,0.08186000,0.03000000
2018-02-28 21:09:39,0.08177300,0.02100000
2018-02-28 21:09:39,0.08183900,0.02000000
2018-02-28 21:09:39,0.08183300,0.01600000
2018-02-28 21:09:40,0.08183300,0.06300000
2018-02-28 21:09:41,0.08183300,0.00100000
2018-02-28 21:09:41,0.08185900,4.85000000
2018-02-28 21:09:41,0.08186000,1.10900000
2018-02-28 21:09:41,0.08186800,0.38300000
2018-02-28 21:09:41,0.08177500,0.02000000
2018-02-28 21:09:42,0.08177600,0.04300000
2018-02-28 21:09:42,0.08177500,0.02000000
2018-02-28 21:09:42,0.08177400,0.04200000
2018-02-28 21:09:42,0.08177200,0.14100000
2018-02-28 21:09:43,0.08178000,0.33900000
2018-02-28 21:09:44,0.08177800,0.02500000
2018-02-28 21:09:45,0.08178100,0.10400000
2018-02-28 21:09:46,0.08178300,0.19900000
2018-02-28 21:09:47,0.08178300,0.17700000
2018-02-28 21:09:47,0.08186900,0.00600000
2018-02-28 21:09:48,0.08178400,0.08300000
2018-02-28 21:09:48,0.08186900,0.20000000
2018-02-28 21:09:48,0.08178400,0.51500000
2018-02-28 21:09:48,0.08186900,0.00100000
2018-02-28 21:09:48,0.08187000,0.38500000
2018-02-28 21:09:48,0.08187400,0.22100000
2018-02-28 21:09:48,0.08187600,0.06000000
2018-02-28 21:09:48,0.08188000,0.12000000
2018-02-28 21:09:48,0.08188200,0.15000000
2018-02-28 21:09:48,0.08188500,0.10200000
2018-02-28 21:09:48,0.08186800,0.49500000
2018-02-28 21:09:49,0.08186800,0.10300000
2018-02-28 21:09:49,0.08187200,0.02000000
2018-02-28 21:09:49,0.08188200,0.00300000
2018-02-28 21:09:49,0.08187200,0.02000000
2018-02-28 21:09:49,0.08188200,0.14700000
2018-02-28 21:09:49,0.08189000,0.29400000
2018-02-28 21:09:49,0.08187200,0.01900000
2018-02-28 21:09:49,0.08186800,0.03800000
2018-02-28 21:09:49,0.08186800,0.10200000
2018-02-28 21:09:49,0.08187200,0.00100000
2018-02-28 21:09:49,0.08187400,0.01900000
2018-02-28 21:09:49,0.08186800,0.06600000
2018-02-28 21:09:49,0.08178400,0.01700000
2018-02-28 21:09:49,0.08178400,0.10200000
2018-02-28 21:09:49,0.08178400,0.01700000
2018-02-28 21:09:49,0.08178400,0.09900000
2018-02-28 21:09:49,0.08178400,0.20500000
2018-02-28 21:09:49,0.08186800,0.11600000
2018-02-28 21:09:49,0.08186800,0.02700000
2018-02-28 21:09:49,0.08186800,0.00400000
2018-02-28 21:09:49,0.08178400,0.02600000
2018-02-28 21:09:50,0.08178400,0.24000000
2018-02-28 21:09:50,0.08178400,0.20200000
2018-02-28 21:09:50,0.08178300,0.03800000
2018-02-28 21:09:50,0.08187200,0.01900000
2018-02-28 21:09:50,0.08187200,0.00100000
2018-02-28 21:09:50,0.08188200,0.01800000
2018-02-28 21:09:50,0.08187200,0.02000000
2018-02-28 21:09:50,0.08188200,0.11100000
2018-02-28 21:09:50,0.08186800,0.03600000
2018-02-28 21:09:50,0.08186800,0.00100000
2018-02-28 21:09:50,0.08186900,0.16900000
2018-02-28 21:09:50,0.08186900,0.13000000
2018-02-28 21:09:50,0.08186900,0.13100000
2018-02-28 21:09:50,0.08186900,0.10300000
2018-02-28 21:09:50,0.08178400,0.02000000
2018-02-28 21:09:50,0.08178300,0.03500000
2018-02-28 21:09:50,0.08178000,0.13200000
2018-02-28 21:09:50,0.08178400,0.02000000
2018-02-28 21:09:50,0.08178000,0.04900000
2018-02-28 21:09:50,0.08188000,0.02000000
2018-02-28 21:09:51,0.08188000,0.01900000
2018-02-28 21:09:51,0.08188000,0.00100000
2018-02-28 21:09:51,0.08188800,0.01800000
2018-02-28 21:09:51,0.08186800,0.09600000
2018-02-28 21:09:51,0.08186800,0.10100000
2018-02-28 21:09:51,0.08186800,0.82600000
2018-02-28 21:09:52,0.08186800,0.29000000
2018-02-28 21:09:52,0.08186800,0.00300000
2018-02-28 21:09:52,0.08188000,0.18000000
2018-02-28 21:09:52,0.08188400,0.02000000
2018-02-28 21:09:52,0.08189000,0.08900000
2018-02-28 21:09:53,0.08179100,0.85300000
2018-02-28 21:09:53,0.08188900,0.88700000
2018-02-28 21:09:54,0.08179300,0.02500000
2018-02-28 21:09:55,0.08188800,0.85300000
2018-02-28 21:09:55,0.08188900,0.00100000
2018-02-28 21:09:55,0.08189000,0.32100000
2018-02-28 21:09:55,0.08189100,0.06000000
2018-02-28 21:09:55,0.08189500,0.06000000
2018-02-28 21:09:55,0.08189700,0.03300000
2018-02-28 21:09:55,0.08189900,0.15000000
2018-02-28 21:09:55,0.08190000,0.30800000
2018-02-28 21:09:55,0.08190600,0.16800000
2018-02-28 21:09:55,0.08190900,1.59700000
2018-02-28 21:09:55,0.08189900,0.30300000
2018-02-28 21:09:55,0.08180100,0.10000000
2018-02-28 21:09:56,0.08189800,0.02500000
2018-02-28 21:09:56,0.08190200,0.15000000
2018-02-28 21:09:56,0.08190900,1.58700000
2018-02-28 21:09:56,0.08190200,0.12000000
2018-02-28 21:09:56,0.08180500,0.42700000
2018-02-28 21:09:56,0.08180400,3.85300000
2018-02-28 21:09:56,0.08180100,0.59600000
2018-02-28 21:09:56,0.08190800,0.14900000
2018-02-28 21:09:58,0.08190700,0.02900000
2018-02-28 21:09:58,0.08181100,0.68200000
2018-02-28 21:09:59,0.08182700,0.81600000
2018-02-28 21:09:59,0.08181100,2.76700000
2018-02-28 21:09:59,0.08181100,0.36700000
2018-02-28 21:09:59,0.08181000,0.36000000
2018-02-28 21:09:59,0.08180600,0.08800000
2018-02-28 21:10:00,0.08190600,0.25300000
2018-02-28 21:10:00,0.08190700,0.14700000
2018-02-28 21:10:00,0.08190400,0.20000000
2018-02-28 21:10:00,0.08190500,0.35400000
2018-02-28 21:10:01,0.08182800,0.02800000
2018-02-28 21:10:02,0.08190500,0.10900000
2018-02-28 21:10:02,0.08182800,0.00100000
2018-02-28 21:10:02,0.08181000,0.29400000
2018-02-28 21:10:02,0.08180500,0.02000000
2018-02-28 21:10:02,0.08179700,0.18000000
2018-02-28 21:10:02,0.08179000,0.61100000
2018-02-28 21:10:02,0.08178500,0.32000000
2018-02-28 21:10:02,0.08177900,0.42300000
2018-02-28 21:10:02,0.08182800,0.03200000
2018-02-28 21:10:03,0.08182800,0.00300000
2018-02-28 21:10:03,0.08189000,0.05600000
2018-02-28 21:10:03,0.08190000,0.45200000
2018-02-28 21:10:03,0.08183300,0.09000000
2018-02-28 21:10:03,0.08182900,0.01800000
2018-02-28 21:10:03,0.08180600,1.14200000
2018-02-28 21:10:03,0.08180200,0.02000000
2018-02-28 21:10:03,0.08179300,0.18000000
2018-02-28 21:10:03,0.08177900,1.10700000
2018-02-28 21:10:03,0.08177800,1.18800000
2018-02-28 21:10:03,0.08177600,1.15500000
2018-02-28 21:10:03,0.08177200,0.10000000
2018-02-28 21:10:03,0.08177200,0.08000000
2018-02-28 21:10:03,0.08177100,0.00900000
2018-02-28 21:10:05,0.08189800,0.05900000
2018-02-28 21:10:05,0.08189800,0.21000000
2018-02-28 21:10:05,0.08180300,0.01800000
2018-02-28 21:10:05,0.08180300,0.06300000
2018-02-28 21:10:06,0.08180300,0.36500000
2018-02-28 21:10:06,0.08180300,0.36400000
2018-02-28 21:10:07,0.08180300,0.17800000
2018-02-28 21:10:07,0.08180000,0.06600000
2018-02-28 21:10:07,0.08180300,0.01000000
2018-02-28 21:10:07,0.08188400,3.91000000
2018-02-28 21:10:07,0.08188500,0.06400000
2018-02-28 21:10:07,0.08189300,0.48800000
2018-02-28 21:10:08,0.08178800,0.02000000
2018-02-28 21:10:08,0.08178800,0.02000000
2018-02-28 21:10:08,0.08178800,0.02000000
2018-02-28 21:10:08,0.08178800,0.02000000
2018-02-28 21:10:08,0.08178800,0.02000000
2018-02-28 21:10:08,0.08178800,0.01100000
2018-02-28 21:10:08,0.08188000,0.07000000
2018-02-28 21:10:08,0.08189000,0.19300000
2018-02-28 21:10:09,0.08179000,0.27900000
2018-02-28 21:10:10,0.08178000,0.01900000
2018-02-28 21:10:10,0.08178000,0.00100000
2018-02-28 21:10:10,0.08177500,0.18000000
2018-02-28 21:10:10,0.08177200,0.01600000
2018-02-28 21:10:10,0.08178000,0.04400000
2018-02-28 21:10:11,0.08184800,0.02000000
2018-02-28 21:10:11,0.08184800,0.00100000
2018-02-28 21:10:11,0.08184900,0.01900000
2018-02-28 21:10:11,0.08178000,0.06500000
2018-02-28 21:10:11,0.08184900,0.06000000
2018-02-28 21:10:11,0.08176900,0.17900000
2018-02-28 21:10:12,0.08176900,0.13300000
2018-02-28 21:10:12,0.08184800,0.07000000
2018-02-28 21:10:12,0.08184800,0.00100000
2018-02-28 21:10:12,0.08184900,0.00100000
2018-02-28 21:10:12,0.08185000,0.06800000
2018-02-28 21:10:12,0.08185000,0.00200000
2018-02-28 21:10:12,0.08187200,0.02600000
2018-02-28 21:10:13,0.08185000,0.27900000
2018-02-28 21:10:13,0.08185000,0.00100000
2018-02-28 21:10:13,0.08187100,0.20000000
2018-02-28 21:10:13,0.08187200,0.07800000
2018-02-28 21:10:14,0.08184900,0.00100000
2018-02-28 21:10:14,0.08184900,0.14900000
2018-02-28 21:10:14,0.08185000,0.06000000
2018-02-28 21:10:14,0.08187100,0.08900000
2018-02-28 21:10:14,0.08185000,0.02000000
2018-02-28 21:10:14,0.08187100,0.00900000
2018-02-28 21:10:15,0.08185000,0.01900000
2018-02-28 21:10:15,0.08185000,0.00100000
2018-02-28 21:10:15,0.08187000,0.01800000
2018-02-28 21:10:16,0.08185800,0.01900000
2018-02-28 21:10:16,0.08185800,0.00100000
2018-02-28 21:10:16,0.08187000,0.01800000
2018-02-28 21:10:16,0.08185800,0.01900000
2018-02-28 21:10:16,0.08185800,0.00100000
2018-02-28 21:10:16,0.08187000,0.11800000
2018-02-28 21:10:17,0.08177000,0.07100000
2018-02-28 21:10:17,0.08186000,0.01900000
2018-02-28 21:10:17,0.08186000,0.00100000
2018-02-28 21:10:17,0.08187000,0.01800000
2018-02-28 21:10:17,0.08177000,0.24400000
2018-02-28 21:10:18,0.08185900,1.22100000
2018-02-28 21:10:18,0.08185900,0.03800000
2018-02-28 21:10:18,0.08185900,0.19600000
2018-02-28 21:10:18,0.08185900,0.03300000
2018-02-28 21:10:18,0.08186000,0.02000000
2018-02-28 21:10:18,0.08187000,0.21300000
2018-02-28 21:10:18,0.08177000,0.05400000
2018-02-28 21:10:19,0.08177000,0.03300000
2018-02-28 21:10:19,0.08186000,0.65200000
2018-02-28 21:10:19,0.08186000,0.14000000
2018-02-28 21:10:19,0.08177100,0.06200000
2018-02-28 21:10:20,0.08185800,0.01900000
2018-02-28 21:10:20,0.08185700,0.08200000
2018-02-28 21:10:20,0.08185900,0.85000000
2018-02-28 21:10:21,0.08185700,0.01900000
2018-02-28 21:10:21,0.08185700,0.00100000
2018-02-28 21:10:21,0.08185800,0.01800000
2018-02-28 21:10:21,0.08185700,0.01500000
2018-02-28 21:10:21,0.08185700,0.00500000
2018-02-28 21:10:21,0.08185800,3.63600000
2018-02-28 21:10:22,0.08185600,0.12800000
2018-02-28 21:10:22,0.08185600,0.36900000
2018-02-28 21:10:24,0.08185000,0.05900000
2018-02-28 21:10:24,0.08177000,0.01900000
2018-02-28 21:10:24,0.08185000,0.00100000
2018-02-28 21:10:24,0.08185600,0.05800000
2018-02-28 21:10:24,0.08180600,0.07100000
2018-02-28 21:10:24,0.08180600,0.12100000
2018-02-28 21:10:24,0.08180600,0.10600000
2018-02-28 21:10:25,0.08180600,0.15500000
2018-02-28 21:10:25,0.08180600,0.06500000
2018-02-28 21:10:25,0.08180600,0.00400000
2018-02-28 21:10:25,0.08185600,0.11600000
2018-02-28 21:10:25,0.08185600,0.22300000
2018-02-28 21:10:25,0.08181300,0.52000000
2018-02-28 21:10:26,0.08185600,0.01800000
2018-02-28 21:10:26,0.08185600,0.60700000
2018-02-28 21:10:27,0.08177200,0.09900000
2018-02-28 21:10:27,0.08177200,0.13100000
2018-02-28 21:10:27,0.08177100,0.06800000
2018-02-28 21:10:27,0.08177200,0.05000000
2018-02-28 21:10:27,0.08177100,0.14900000
2018-02-28 21:10:27,0.08177200,0.01900000
2018-02-28 21:10:27,0.08177200,0.03100000
2018-02-28 21:10:27,0.08177100,1.24000000
2018-02-28 21:10:28,0.08177200,0.01900000
2018-02-28 21:10:28,0.08177200,0.00100000
2018-02-28 21:10:28,0.08176900,0.01800000
2018-02-28 21:10:28,0.08185700,0.00500000
2018-02-28 21:10:28,0.08177200,0.02000000
2018-02-28 21:10:28,0.08176900,0.11100000
2018-02-28 21:10:28,0.08185600,0.04300000
2018-02-28 21:10:29,0.08176900,0.01900000
2018-02-28 21:10:29,0.08176900,0.00100000
2018-02-28 21:10:29,0.08176300,0.01800000
2018-02-28 21:10:29,0.08176900,0.02000000
2018-02-28 21:10:29,0.08176300,0.13600000
2018-02-28 21:10:30,0.08185200,0.36300000
2018-02-28 21:10:30,0.08185200,0.36300000
2018-02-28 21:10:30,0.08177000,0.03700000
2018-02-28 21:10:30,0.08176500,0.02000000
2018-02-28 21:10:30,0.08176300,0.02400000
2018-02-28 21:10:31,0.08176500,0.01900000
2018-02-28 21:10:31,0.08176500,0.00100000
2018-02-28 21:10:31,0.08176300,0.01800000
2018-02-28 21:10:31,0.08176500,0.02000000
2018-02-28 21:10:31,0.08176300,0.00600000
2018-02-28 21:10:32,0.08176300,0.18300000
2018-02-28 21:10:32,0.08176300,0.11900000
2018-02-28 21:10:32,0.08176300,0.05500000
2018-02-28 21:10:32,0.08184600,0.11500000
2018-02-28 21:10:33,0.08184600,0.18300000
2018-02-28 21:10:33,0.08184600,3.34100000
2018-02-28 21:10:33,0.08184700,0.02300000
2018-02-28 21:10:35,0.08184600,0.02000000
2018-02-28 21:10:35,0.08184700,0.00100000
2018-02-28 21:10:35,0.08184600,0.02000000
2018-02-28 21:10:35,0.08184700,0.01500000
2018-02-28 21:10:35,0.08176400,0.06800000
2018-02-28 21:10:35,0.08176300,0.86200000
2018-02-28 21:10:35,0.08175700,0.98000000
2018-02-28 21:10:35,0.08175300,1.09000000
2018-02-28 21:10:36,0.08184600,0.01900000
2018-02-28 21:10:36,0.08176500,0.01700000
2018-02-28 21:10:36,0.08175300,0.10500000
2018-02-28 21:10:37,0.08175400,0.12200000
2018-02-28 21:10:37,0.08176300,0.03500000
2018-02-28 21:10:38,0.08176300,0.42700000
2018-02-28 21:10:38,0.08176300,0.21300000
2018-02-28 21:10:38,0.08176300,0.01000000
2018-02-28 21:10:38,0.08184400,0.01900000
2018-02-28 21:10:39,0.08184400,0.00100000
2018-02-28 21:10:39,0.08184500,0.04400000
2018-02-28 21:10:39,0.08184400,0.01900000
2018-02-28 21:10:39,0.08184400,0.00100000
2018-02-28 21:10:39,0.08184500,0.01800000
2018-02-28 21:10:40,0.08184400,0.01900000
2018-02-28 21:10:40,0.08184400,0.00100000
2018-02-28 21:10:40,0.08184500,0.04700000
2018-02-28 21:10:40,0.08177400,0.12800000
2018-02-28 21:10:40,0.08184400,0.02000000
2018-02-28 21:10:40,0.08184500,0.01600000
2018-02-28 21:10:41,0.08177400,0.04900000
2018-02-28 21:10:41,0.08184400,0.01900000
2018-02-28 21:10:41,0.08177400,0.04700000
2018-02-28 21:10:41,0.08184500,0.32700000
2018-02-28 21:10:41,0.08184500,0.21700000
2018-02-28 21:10:42,0.08184500,0.52200000
2018-02-28 21:10:42,0.08184500,0.68800000
2018-02-28 21:10:42,0.08184500,0.03500000
2018-02-28 21:10:42,0.08184500,0.17100000
2018-02-28 21:10:42,0.08184600,0.04500000
2018-02-28 21:10:42,0.08184700,1.22100000
2018-02-28 21:10:42,0.08184800,1.85400000
2018-02-28 21:10:43,0.08184800,0.20100000
2018-02-28 21:10:43,0.08184800,0.23600000
2018-02-28 21:10:43,0.08184800,0.08100000
2018-02-28 21:10:43,0.08184800,0.02100000
2018-02-28 21:10:45,0.08177700,0.54500000
2018-02-28 21:10:47,0.08178000,0.28200000
2018-02-28 21:10:47,0.08178000,0.08500000
2018-02-28 21:10:47,0.08184500,0.04200000
2018-02-28 21:10:47,0.08178100,0.02100000
2018-02-28 21:10:47,0.08178000,0.59100000
2018-02-28 21:10:48,0.08184500,0.00100000
2018-02-28 21:10:48,0.08184800,0.98700000
2018-02-28 21:10:48,0.08184800,0.12200000
2018-02-28 21:10:48,0.08177400,0.21600000
2018-02-28 21:10:48,0.08177400,0.64100000
2018-02-28 21:10:48,0.08177400,0.08300000
2018-02-28 21:10:49,0.08178100,0.42100000
2018-02-28 21:10:49,0.08178100,0.05500000
2018-02-28 21:10:50,0.08177400,0.61200000
2018-02-28 21:10:51,0.08176400,0.61200000
2018-02-28 21:10:51,0.08176500,0.02000000
2018-02-28 21:10:51,0.08176400,0.61500000
2018-02-28 21:10:52,0.08184800,0.02000000
2018-02-28 21:10:52,0.08176500,0.04200000
2018-02-28 21:10:52,0.08184800,0.06000000
2018-02-28 21:10:52,0.08184800,0.11800000
2018-02-28 21:10:52,0.08184800,0.11900000
2018-02-28 21:10:53,0.08184500,0.02800000
2018-02-28 21:10:53,0.08184500,1.10300000
2018-02-28 21:10:53,0.08184500,0.07900000
2018-02-28 21:10:53,0.08184500,0.08500000
2018-02-28 21:10:53,0.08184800,0.35600000
2018-02-28 21:10:53,0.08184500,0.08200000
2018-02-28 21:10:53,0.08184500,0.03300000
2018-02-28 21:10:53,0.08184500,0.29100000
2018-02-28 21:10:53,0.08184500,0.01300000
2018-02-28 21:10:53,0.08184500,0.12800000
2018-02-28 21:10:53,0.08184500,0.44400000
2018-02-28 21:10:53,0.08184500,0.03300000
2018-02-28 21:10:53,0.08176500,0.02000000
2018-02-28 21:10:53,0.08176300,0.42300000
2018-02-28 21:10:53,0.08176500,0.02000000
2018-02-28 21:10:53,0.08176300,0.07500000
2018-02-28 21:10:53,0.08184500,1.59300000
2018-02-28 21:10:53,0.08184500,0.16600000
2018-02-28 21:10:53,0.08184500,0.98200000
2018-02-28 21:10:53,0.08184500,0.40000000
2018-02-28 21:10:53,0.08184500,0.03300000
2018-02-28 21:10:57,0.08184700,0.01900000
2018-02-28 21:10:58,0.08184100,0.11400000
2018-02-28 21:10:58,0.08184700,0.00100000
2018-02-28 21:10:58,0.08184800,0.10500000
2018-02-28 21:10:58,0.08176300,0.17300000
2018-02-28 21:10:58,0.08184700,0.02000000
2018-02-28 21:10:58,0.08184800,0.12500000
2018-02-28 21:11:00,0.08184700,0.01900000
2018-02-28 21:11:00,0.08184800,0.01500000
2018-02-28 21:11:00,0.08176500,0.02600000
2018-02-28 21:11:01,0.08176500,0.16600000
2018-02-28 21:11:02,0.08176500,3.86100000
2018-02-28 21:11:02,0.08184800,0.27000000
2018-02-28 21:11:02,0.08184800,0.01800000
2018-02-28 21:11:02,0.08184800,0.04300000
2018-02-28 21:11:02,0.08184800,0.04400000
2018-02-28 21:11:02,0.08176600,0.01500000
2018-02-28 21:11:04,0.08176700,0.18200000
2018-02-28 21:11:04,0.08176700,0.00100000
2018-02-28 21:11:04,0.08176600,1.48000000
2018-02-28 21:11:06,0.08176700,0.02000000
2018-02-28 21:11:06,0.08176800,0.01900000
2018-02-28 21:11:07,0.08178000,0.02900000
2018-02-28 21:11:08,0.08178000,0.04600000
2018-02-28 21:11:08,0.08178000,0.02200000
2018-02-28 21:11:08,0.08178000,0.03200000
2018-02-28 21:11:08,0.08184700,0.12600000
2018-02-28 21:11:09,0.08178000,0.29300000
