DATE,PRICE,VOLUME
2018-02-23 11:00:01,0.08537600,0.25800000
2018-02-23 11:00:01,0.08535800,0.19100000
2018-02-23 11:00:01,0.08533900,1.58300000
2018-02-23 11:00:01,0.08537600,0.25800000
2018-02-23 11:00:01,0.08537600,0.97600000
2018-02-23 11:00:01,0.08534000,0.01800000
2018-02-23 11:00:02,0.08537500,0.02000000
2018-02-23 11:00:02,0.08537600,0.78400000
2018-02-23 11:00:02,0.08537500,0.02000000
2018-02-23 11:00:02,0.08537500,0.32000000
2018-02-23 11:00:02,0.08534100,0.01000000
2018-02-23 11:00:04,0.08537500,0.15600000
2018-02-23 11:00:04,0.08537600,0.24400000
2018-02-23 11:00:10,0.08534300,0.02500000
2018-02-23 11:00:11,0.08537500,0.23600000
2018-02-23 11:00:13,0.08537400,0.01600000
2018-02-23 11:00:13,0.08534300,0.03600000
2018-02-23 11:00:14,0.08537300,0.03600000
2018-02-23 11:00:15,0.08537400,0.01900000
2018-02-23 11:00:15,0.08537500,0.38100000
2018-02-23 11:00:16,0.08534400,0.05200000
2018-02-23 11:00:16,0.08533600,0.40800000
2018-02-23 11:00:18,0.08533800,0.44200000
2018-02-23 11:00:18,0.08533800,0.35200000
2018-02-23 11:00:18,0.08533800,0.49900000
2018-02-23 11:00:19,0.08533900,0.02000000
2018-02-23 11:00:19,0.08533600,1.11800000
2018-02-23 11:00:19,0.08537400,0.07200000
2018-02-23 11:00:20,0.08537500,0.06400000
2018-02-23 11:00:20,0.08537500,0.06300000
2018-02-23 11:00:20,0.08537400,1.49500000
2018-02-23 11:00:21,0.08536300,0.00600000
2018-02-23 11:00:22,0.08537400,0.29700000
2018-02-23 11:00:22,0.08537500,0.10300000
2018-02-23 11:00:22,0.08536300,0.02600000
2018-02-23 11:00:22,0.08536300,0.01400000
2018-02-23 11:00:25,0.08536000,0.02600000
2018-02-23 11:00:25,0.08537300,0.01300000
2018-02-23 11:00:25,0.08537300,0.37200000
2018-02-23 11:00:25,0.08537300,0.07400000
2018-02-23 11:00:26,0.08536400,0.01700000
2018-02-23 11:00:26,0.08537200,1.02200000
2018-02-23 11:00:26,0.08537200,1.25800000
2018-02-23 11:00:26,0.08536000,0.03000000
2018-02-23 11:00:26,0.08534300,0.09900000
2018-02-23 11:00:26,0.08537200,0.06000000
2018-02-23 11:00:26,0.08537200,0.19200000
2018-02-23 11:00:26,0.08534200,3.07100000
2018-02-23 11:00:26,0.08534200,0.93400000
2018-02-23 11:00:27,0.08534200,1.76100000
2018-02-23 11:00:27,0.08534200,0.51800000
2018-02-23 11:00:27,0.08537400,0.16800000
2018-02-23 11:00:28,0.08536300,0.04600000
2018-02-23 11:00:28,0.08536300,0.04000000
2018-02-23 11:00:29,0.08534200,0.80400000
2018-02-23 11:00:31,0.08537400,0.01300000
2018-02-23 11:00:31,0.08537400,0.11500000
2018-02-23 11:00:32,0.08536500,0.01700000
2018-02-23 11:00:32,0.08537400,0.10700000
2018-02-23 11:00:33,0.08537400,0.40000000
2018-02-23 11:00:33,0.08537400,0.23300000
2018-02-23 11:00:33,0.08537400,0.23600000
2018-02-23 11:00:33,0.08534500,0.09800000
2018-02-23 11:00:34,0.08534500,0.26600000
2018-02-23 11:00:34,0.08534500,0.07200000
2018-02-23 11:00:34,0.08537400,2.33600000
2018-02-23 11:00:34,0.08534500,1.02200000
2018-02-23 11:00:34,0.08534500,1.02000000
2018-02-23 11:00:35,0.08534500,0.18500000
2018-02-23 11:00:36,0.08537300,0.01500000
2018-02-23 11:00:36,0.08537300,0.04200000
2018-02-23 11:00:37,0.08534500,1.54900000
2018-02-23 11:00:39,0.08537300,0.03000000
2018-02-23 11:00:39,0.08537300,0.01100000
2018-02-23 11:00:39,0.08537400,0.38900000
2018-02-23 11:00:40,0.08537300,0.16800000
2018-02-23 11:00:41,0.08537300,0.03500000
2018-02-23 11:00:43,0.08537300,0.08600000
2018-02-23 11:00:43,0.08534700,0.14300000
2018-02-23 11:00:44,0.08537400,0.01100000
2018-02-23 11:00:45,0.08537400,0.89200000
2018-02-23 11:00:45,0.08534600,0.05200000
2018-02-23 11:00:47,0.08534600,0.04500000
2018-02-23 11:00:47,0.08534600,2.15000000
2018-02-23 11:00:48,0.08534600,0.02900000
2018-02-23 11:00:49,0.08537400,0.08200000
2018-02-23 11:00:49,0.08534600,1.17600000
2018-02-23 11:00:49,0.08534600,0.02300000
2018-02-23 11:00:49,0.08537300,0.02000000
2018-02-23 11:00:49,0.08537400,0.38000000
2018-02-23 11:00:50,0.08533900,0.02000000
2018-02-23 11:00:50,0.08533800,0.00800000
2018-02-23 11:00:50,0.08533900,0.02000000
2018-02-23 11:00:50,0.08533800,0.03400000
2018-02-23 11:00:51,0.08533900,0.11800000
2018-02-23 11:00:51,0.08533800,0.17600000
2018-02-23 11:00:51,0.08533800,0.02600000
2018-02-23 11:00:51,0.08534200,0.15000000
2018-02-23 11:00:52,0.08534500,0.03500000
2018-02-23 11:00:52,0.08534500,0.01500000
2018-02-23 11:00:52,0.08534500,0.01900000
2018-02-23 11:00:54,0.08534500,0.00300000
2018-02-23 11:00:54,0.08537100,0.05400000
2018-02-23 11:00:56,0.08537100,0.23600000
2018-02-23 11:00:57,0.08537100,0.40000000
2018-02-23 11:00:58,0.08536300,0.04700000
2018-02-23 11:00:58,0.08536300,0.75100000
2018-02-23 11:00:59,0.08536300,1.32200000
2018-02-23 11:00:59,0.08534500,0.02600000
2018-02-23 11:00:59,0.08537100,0.02200000
2018-02-23 11:01:00,0.08534500,0.02100000
2018-02-23 11:01:00,0.08534500,0.02700000
2018-02-23 11:01:01,0.08534500,0.00400000
2018-02-23 11:01:01,0.08534200,0.04800000
2018-02-23 11:01:02,0.08536200,0.01800000
2018-02-23 11:01:02,0.08536300,0.11700000
2018-02-23 11:01:03,0.08536300,0.00200000
2018-02-23 11:01:03,0.08537100,0.01400000
2018-02-23 11:01:03,0.08534600,0.07900000
2018-02-23 11:01:05,0.08537100,0.40000000
2018-02-23 11:01:06,0.08537100,0.14900000
2018-02-23 11:01:06,0.08534600,0.15900000
2018-02-23 11:01:06,0.08534600,0.15900000
2018-02-23 11:01:06,0.08537100,0.08700000
2018-02-23 11:01:09,0.08534700,0.99900000
2018-02-23 11:01:10,0.08534700,0.11400000
2018-02-23 11:01:10,0.08534700,0.18100000
2018-02-23 11:01:10,0.08534700,0.15000000
2018-02-23 11:01:10,0.08536900,0.19700000
2018-02-23 11:01:10,0.08534700,0.11400000
2018-02-23 11:01:13,0.08536500,0.40000000
2018-02-23 11:01:13,0.08536500,1.00000000
2018-02-23 11:01:13,0.08536500,0.11700000
2018-02-23 11:01:14,0.08536500,0.50000000
2018-02-23 11:01:14,0.08536500,0.15700000
2018-02-23 11:01:14,0.08534300,0.11900000
2018-02-23 11:01:14,0.08534300,0.11900000
2018-02-23 11:01:14,0.08536500,0.40000000
2018-02-23 11:01:14,0.08534300,0.06000000
2018-02-23 11:01:15,0.08534300,0.12000000
2018-02-23 11:01:15,0.08536500,2.59400000
2018-02-23 11:01:15,0.08534500,0.11400000
2018-02-23 11:01:15,0.08534500,0.11400000
2018-02-23 11:01:15,0.08536500,1.00000000
2018-02-23 11:01:15,0.08536500,0.50000000
2018-02-23 11:01:17,0.08536500,1.00000000
2018-02-23 11:01:17,0.08536500,1.32100000
2018-02-23 11:01:18,0.08534600,0.03600000
2018-02-23 11:01:18,0.08534500,0.28200000
2018-02-23 11:01:18,0.08536500,1.00000000
2018-02-23 11:01:18,0.08536500,0.15000000
2018-02-23 11:01:18,0.08536500,0.50000000
2018-02-23 11:01:19,0.08536500,0.01800000
2018-02-23 11:01:20,0.08536500,0.50000000
2018-02-23 11:01:22,0.08536400,0.02000000
2018-02-23 11:01:22,0.08534500,0.79600000
2018-02-23 11:01:22,0.08534500,0.02100000
2018-02-23 11:01:23,0.08536400,1.00000000
2018-02-23 11:01:23,0.08534500,0.28300000
2018-02-23 11:01:23,0.08534500,0.16200000
2018-02-23 11:01:23,0.08536800,0.05000000
2018-02-23 11:01:24,0.08536800,0.07900000
2018-02-23 11:01:24,0.08536800,1.00000000
2018-02-23 11:01:24,0.08534500,0.33400000
2018-02-23 11:01:24,0.08534500,0.10900000
2018-02-23 11:01:24,0.08534500,0.10800000
2018-02-23 11:01:24,0.08534500,0.05900000
2018-02-23 11:01:24,0.08536800,0.23600000
2018-02-23 11:01:25,0.08536800,0.40000000
2018-02-23 11:01:25,0.08534500,1.62400000
2018-02-23 11:01:25,0.08534500,1.09200000
2018-02-23 11:01:25,0.08534400,0.53200000
2018-02-23 11:01:26,0.08536800,2.57600000
2018-02-23 11:01:26,0.08534400,1.10400000
2018-02-23 11:01:26,0.08536800,1.00000000
2018-02-23 11:01:26,0.08534400,0.20000000
2018-02-23 11:01:28,0.08534400,0.05300000
2018-02-23 11:01:30,0.08534700,0.03500000
2018-02-23 11:01:30,0.08534700,0.00200000
2018-02-23 11:01:31,0.08536800,0.01900000
2018-02-23 11:01:31,0.08536900,0.02500000
2018-02-23 11:01:32,0.08536900,0.04600000
2018-02-23 11:01:32,0.08536300,0.04600000
2018-02-23 11:01:32,0.08536300,0.13400000
2018-02-23 11:01:33,0.08537100,0.11800000
2018-02-23 11:01:34,0.08537100,0.07600000
2018-02-23 11:01:35,0.08537100,0.02000000
2018-02-23 11:01:35,0.08537100,0.40000000
2018-02-23 11:01:35,0.08537100,0.40000000
2018-02-23 11:01:37,0.08537100,0.40000000
2018-02-23 11:01:39,0.08537100,0.40000000
2018-02-23 11:01:39,0.08537100,0.03200000
2018-02-23 11:01:40,0.08537100,1.17100000
2018-02-23 11:01:40,0.08537100,0.03400000
2018-02-23 11:01:41,0.08537100,0.04600000
2018-02-23 11:01:41,0.08537100,1.04000000
2018-02-23 11:01:41,0.08536900,0.01800000
2018-02-23 11:01:41,0.08536600,1.00000000
2018-02-23 11:01:41,0.08534600,0.98000000
2018-02-23 11:01:42,0.08537100,0.03100000
2018-02-23 11:01:42,0.08537100,0.03600000
2018-02-23 11:01:42,0.08537200,0.40000000
2018-02-23 11:01:42,0.08537100,0.01600000
2018-02-23 11:01:43,0.08537100,1.22200000
2018-02-23 11:01:45,0.08537100,0.10300000
2018-02-23 11:01:45,0.08537100,0.82700000
2018-02-23 11:01:45,0.08537200,1.65100000
2018-02-23 11:01:45,0.08537100,0.41700000
2018-02-23 11:01:46,0.08537100,0.10200000
2018-02-23 11:01:46,0.08537100,0.27000000
2018-02-23 11:01:46,0.08537100,0.12300000
2018-02-23 11:01:47,0.08537100,0.00300000
2018-02-23 11:01:47,0.08537100,0.00100000
2018-02-23 11:01:47,0.08537200,0.03400000
2018-02-23 11:01:47,0.08537100,0.35000000
2018-02-23 11:01:48,0.08537100,0.00400000
2018-02-23 11:01:48,0.08537000,0.00100000
2018-02-23 11:01:48,0.08537100,0.08900000
2018-02-23 11:01:49,0.08537000,0.46800000
2018-02-23 11:01:49,0.08537100,1.42000000
2018-02-23 11:01:49,0.08537100,0.61200000
2018-02-23 11:01:50,0.08537200,0.14100000
2018-02-23 11:01:50,0.08537400,0.25900000
2018-02-23 11:01:50,0.08537000,0.36900000
2018-02-23 11:01:50,0.08537000,1.26000000
2018-02-23 11:01:51,0.08537400,0.09900000
2018-02-23 11:01:52,0.08537900,1.05400000
2018-02-23 11:01:52,0.08537900,0.92200000
2018-02-23 11:01:52,0.08537100,0.14600000
2018-02-23 11:01:52,0.08537100,0.09200000
2018-02-23 11:01:53,0.08537100,0.00100000
2018-02-23 11:01:54,0.08537100,0.02400000
2018-02-23 11:01:54,0.08537200,0.46800000
2018-02-23 11:01:55,0.08537200,1.67000000
2018-02-23 11:01:55,0.08537200,0.22600000
2018-02-23 11:01:56,0.08537900,0.30800000
2018-02-23 11:01:56,0.08537200,0.22300000
2018-02-23 11:01:56,0.08535600,0.22300000
2018-02-23 11:01:56,0.08535600,0.11700000
2018-02-23 11:01:57,0.08535600,1.17300000
2018-02-23 11:01:57,0.08537200,0.03100000
2018-02-23 11:01:58,0.08535600,0.29400000
2018-02-23 11:01:59,0.08537200,0.08500000
2018-02-23 11:01:59,0.08537200,0.00100000
2018-02-23 11:01:59,0.08537900,0.10200000
2018-02-23 11:02:00,0.08537900,3.31300000
2018-02-23 11:02:00,0.08537900,0.10600000
2018-02-23 11:02:00,0.08535600,0.12900000
2018-02-23 11:02:00,0.08537900,0.02300000
2018-02-23 11:02:01,0.08537900,0.01900000
2018-02-23 11:02:01,0.08535600,0.93700000
2018-02-23 11:02:02,0.08535600,0.36900000
2018-02-23 11:02:02,0.08537900,0.40000000
2018-02-23 11:02:02,0.08535600,0.24400000
2018-02-23 11:02:06,0.08535600,0.09200000
2018-02-23 11:02:06,0.08535600,0.04600000
2018-02-23 11:02:07,0.08535600,0.39700000
2018-02-23 11:02:07,0.08535600,0.09900000
2018-02-23 11:02:08,0.08537400,0.27500000
2018-02-23 11:02:08,0.08535600,0.39300000
2018-02-23 11:02:08,0.08535600,0.07800000
2018-02-23 11:02:08,0.08535600,0.18300000
2018-02-23 11:02:08,0.08537900,0.23700000
2018-02-23 11:02:09,0.08537900,0.40000000
2018-02-23 11:02:09,0.08535600,0.04700000
2018-02-23 11:02:10,0.08537900,5.85600000
2018-02-23 11:02:10,0.08537900,1.98200000
2018-02-23 11:02:10,0.08538900,1.63900000
2018-02-23 11:02:10,0.08535600,0.58600000
2018-02-23 11:02:10,0.08539000,0.08800000
2018-02-23 11:02:10,0.08537900,0.03700000
2018-02-23 11:02:10,0.08535700,0.02000000
2018-02-23 11:02:10,0.08535600,0.06000000
2018-02-23 11:02:12,0.08535800,0.02000000
2018-02-23 11:02:12,0.08535700,0.10400000
2018-02-23 11:02:12,0.08535800,0.01500000
2018-02-23 11:02:12,0.08535800,0.00500000
2018-02-23 11:02:13,0.08535600,0.01600000
2018-02-23 11:02:13,0.08535600,0.18500000
2018-02-23 11:02:13,0.08535600,0.18500000
2018-02-23 11:02:13,0.08535600,0.01500000
2018-02-23 11:02:14,0.08535800,0.17400000
2018-02-23 11:02:14,0.08537900,0.07400000
2018-02-23 11:02:14,0.08539000,1.12100000
2018-02-23 11:02:14,0.08535600,0.10100000
2018-02-23 11:02:15,0.08535600,0.70400000
2018-02-23 11:02:15,0.08539000,0.09900000
2018-02-23 11:02:15,0.08539100,0.12500000
2018-02-23 11:02:17,0.08535700,0.26400000
2018-02-23 11:02:17,0.08535700,2.04600000
2018-02-23 11:02:17,0.08535600,0.00100000
2018-02-23 11:02:18,0.08538700,2.04600000
2018-02-23 11:02:18,0.08538800,0.10400000
2018-02-23 11:02:18,0.08539000,0.26400000
2018-02-23 11:02:18,0.08539200,0.06600000
2018-02-23 11:02:18,0.08540400,4.86000000
2018-02-23 11:02:18,0.08540900,0.55000000
2018-02-23 11:02:18,0.08541000,0.05900000
2018-02-23 11:02:18,0.08541100,0.34800000
2018-02-23 11:02:18,0.08542000,1.32700000
2018-02-23 11:02:19,0.08535700,0.02600000
2018-02-23 11:02:20,0.08541900,2.34200000
2018-02-23 11:02:22,0.08538700,0.32400000
2018-02-23 11:02:22,0.08538800,2.26900000
2018-02-23 11:02:22,0.08538800,0.02000000
2018-02-23 11:02:23,0.08538800,0.04800000
2018-02-23 11:02:23,0.08538800,0.05000000
2018-02-23 11:02:23,0.08538800,0.14400000
2018-02-23 11:02:23,0.08538800,0.19200000
2018-02-23 11:02:24,0.08538800,1.63800000
2018-02-23 11:02:24,0.08538800,1.63900000
2018-02-23 11:02:24,0.08541900,0.02000000
2018-02-23 11:02:24,0.08542000,0.09700000
2018-02-23 11:02:25,0.08538800,0.12400000
2018-02-23 11:02:27,0.08538700,1.00000000
2018-02-23 11:02:27,0.08538700,0.07900000
2018-02-23 11:02:29,0.08540900,0.13100000
2018-02-23 11:02:29,0.08540900,0.89700000
2018-02-23 11:02:29,0.08541900,1.22200000
2018-02-23 11:02:29,0.08538800,2.54500000
2018-02-23 11:02:30,0.08542000,0.11700000
2018-02-23 11:02:34,0.08541900,0.03500000
2018-02-23 11:02:34,0.08542000,0.18800000
2018-02-23 11:02:34,0.08542000,0.32400000
2018-02-23 11:02:35,0.08542000,0.47900000
2018-02-23 11:02:36,0.08541300,0.02000000
2018-02-23 11:02:37,0.08542000,0.48000000
2018-02-23 11:02:37,0.08542900,1.96100000
2018-02-23 11:02:42,0.08542900,0.06200000
2018-02-23 11:02:42,0.08542900,0.11700000
2018-02-23 11:02:42,0.08542900,0.06200000
2018-02-23 11:02:42,0.08542900,0.06200000
2018-02-23 11:02:43,0.08542900,0.01800000
2018-02-23 11:02:44,0.08542900,0.93600000
2018-02-23 11:02:44,0.08543000,0.22200000
2018-02-23 11:02:45,0.08542900,0.20000000
2018-02-23 11:02:45,0.08542900,0.12700000
2018-02-23 11:02:45,0.08543000,0.03900000
2018-02-23 11:02:45,0.08543000,0.04300000
2018-02-23 11:02:45,0.08543000,0.04600000
2018-02-23 11:02:45,0.08542900,0.04800000
2018-02-23 11:02:45,0.08542900,0.04800000
2018-02-23 11:02:46,0.08542900,0.12400000
2018-02-23 11:02:46,0.08542900,0.14400000
2018-02-23 11:02:47,0.08543000,2.80700000
2018-02-23 11:02:47,0.08542900,0.03900000
2018-02-23 11:02:47,0.08543000,0.10100000
2018-02-23 11:02:47,0.08542900,0.32300000
2018-02-23 11:02:50,0.08542900,0.02600000
2018-02-23 11:02:50,0.08542900,0.02600000
2018-02-23 11:02:50,0.08542900,0.49200000
2018-02-23 11:02:50,0.08543000,0.02300000
2018-02-23 11:02:50,0.08543000,0.05600000
2018-02-23 11:02:50,0.08543000,0.07000000
2018-02-23 11:02:51,0.08543000,0.02300000
2018-02-23 11:02:51,0.08543000,0.70000000
2018-02-23 11:02:51,0.08543000,0.08500000
2018-02-23 11:02:52,0.08542900,0.12400000
2018-02-23 11:02:52,0.08543000,0.80000000
2018-02-23 11:02:53,0.08542900,1.10100000
2018-02-23 11:02:53,0.08543000,0.27600000
2018-02-23 11:02:54,0.08542900,0.26200000
2018-02-23 11:02:54,0.08542900,0.02200000
2018-02-23 11:02:54,0.08543000,0.05300000
2018-02-23 11:02:54,0.08543000,0.49400000
2018-02-23 11:02:54,0.08543500,0.33500000
2018-02-23 11:02:54,0.08543500,0.54300000
2018-02-23 11:02:54,0.08543500,0.54500000
2018-02-23 11:02:55,0.08543500,0.54900000
2018-02-23 11:02:55,0.08542900,0.01500000
2018-02-23 11:02:56,0.08543500,0.22600000
2018-02-23 11:02:56,0.08543800,0.17400000
2018-02-23 11:02:56,0.08542900,0.04000000
2018-02-23 11:02:57,0.08542900,0.68900000
2018-02-23 11:02:57,0.08543800,3.82200000
2018-02-23 11:02:57,0.08544800,0.35600000
2018-02-23 11:02:57,0.08545000,16.02600000
2018-02-23 11:02:59,0.08542900,0.02200000
2018-02-23 11:03:06,0.08545000,0.06600000
2018-02-23 11:03:07,0.08545000,0.03900000
2018-02-23 11:03:07,0.08543900,3.22900000
2018-02-23 11:03:08,0.08543900,0.55800000
2018-02-23 11:03:09,0.08543900,0.04200000
2018-02-23 11:03:09,0.08543900,0.03100000
2018-02-23 11:03:09,0.08543900,0.06800000
2018-02-23 11:03:10,0.08544200,0.01900000
2018-02-23 11:03:10,0.08543900,1.15300000
2018-02-23 11:03:10,0.08544600,0.01300000
2018-02-23 11:03:10,0.08544600,1.02800000
2018-02-23 11:03:10,0.08544900,4.82300000
2018-02-23 11:03:10,0.08543900,0.19000000
2018-02-23 11:03:14,0.08544800,0.01900000
2018-02-23 11:03:14,0.08543900,0.29700000
2018-02-23 11:03:14,0.08543900,0.29700000
2018-02-23 11:03:15,0.08544500,0.01900000
2018-02-23 11:03:15,0.08544800,0.02900000
2018-02-23 11:03:18,0.08544800,0.23400000
2018-02-23 11:03:18,0.08544900,0.02100000
2018-02-23 11:03:19,0.08544900,0.15100000
2018-02-23 11:03:19,0.08544900,0.34600000
2018-02-23 11:03:19,0.08544900,0.05300000
2018-02-23 11:03:20,0.08544800,0.22800000
2018-02-23 11:03:20,0.08544900,0.35000000
2018-02-23 11:03:21,0.08544800,0.12700000
2018-02-23 11:03:21,0.08544900,0.02200000
2018-02-23 11:03:24,0.08544800,0.87300000
2018-02-23 11:03:28,0.08544900,0.11000000
2018-02-23 11:03:28,0.08545000,0.11700000
2018-02-23 11:03:29,0.08545000,5.51900000
2018-02-23 11:03:29,0.08545000,0.00100000
2018-02-23 11:03:29,0.08545000,4.94500000
2018-02-23 11:03:30,0.08544900,0.01900000
2018-02-23 11:03:30,0.08545000,0.99400000
2018-02-23 11:03:33,0.08544900,0.47500000
2018-02-23 11:03:34,0.08544900,0.20000000
2018-02-23 11:03:34,0.08544900,0.01900000
2018-02-23 11:03:35,0.08544900,0.00100000
2018-02-23 11:03:35,0.08545000,4.00600000
2018-02-23 11:03:35,0.08545000,0.37000000
2018-02-23 11:03:35,0.08545000,0.22900000
2018-02-23 11:03:36,0.08545000,1.73500000
2018-02-23 11:03:36,0.08545000,0.79600000
2018-02-23 11:03:37,0.08544900,0.01900000
2018-02-23 11:03:37,0.08544900,3.66500000
2018-02-23 11:03:38,0.08545000,0.87900000
2018-02-23 11:03:39,0.08546000,1.16000000
2018-02-23 11:03:41,0.08545000,0.13500000
2018-02-23 11:03:41,0.08545000,0.12600000
2018-02-23 11:03:41,0.08545000,0.84000000
2018-02-23 11:03:42,0.08545000,0.10400000
2018-02-23 11:03:42,0.08545000,1.17400000
2018-02-23 11:03:42,0.08546100,0.54900000
2018-02-23 11:03:43,0.08545000,1.00300000
2018-02-23 11:03:43,0.08545000,1.00300000
2018-02-23 11:03:43,0.08545000,0.29900000
2018-02-23 11:03:43,0.08546100,1.42900000
2018-02-23 11:03:46,0.08545300,0.04600000
2018-02-23 11:03:46,0.08546100,0.95300000
2018-02-23 11:03:50,0.08545300,0.04200000
2018-02-23 11:03:51,0.08545300,0.00400000
2018-02-23 11:03:51,0.08546100,0.01400000
2018-02-23 11:03:52,0.08546100,0.46800000
2018-02-23 11:03:52,0.08546100,0.21300000
2018-02-23 11:03:52,0.08546100,0.37000000
2018-02-23 11:03:52,0.08546900,0.02900000
2018-02-23 11:03:53,0.08546900,0.03600000
2018-02-23 11:03:53,0.08547200,0.16000000
2018-02-23 11:03:53,0.08547800,0.32900000
2018-02-23 11:03:56,0.08545600,0.09900000
2018-02-23 11:03:56,0.08546900,0.01900000
2018-02-23 11:03:56,0.08546900,0.04900000
2018-02-23 11:03:56,0.08545600,0.12000000
2018-02-23 11:03:56,0.08545500,0.05900000
2018-02-23 11:03:56,0.08545500,0.08000000
2018-02-23 11:03:57,0.08545500,0.34500000
2018-02-23 11:03:58,0.08547800,0.23300000
2018-02-23 11:03:58,0.08545500,0.09000000
2018-02-23 11:03:58,0.08545300,0.91000000
2018-02-23 11:04:00,0.08546300,0.13000000
2018-02-23 11:04:00,0.08546200,0.35500000
2018-02-23 11:04:00,0.08546300,0.08300000
2018-02-23 11:04:01,0.08546300,0.04100000
2018-02-23 11:04:01,0.08546300,0.00600000
2018-02-23 11:04:01,0.08546200,0.03500000
2018-02-23 11:04:02,0.08546300,0.01800000
2018-02-23 11:04:03,0.08547800,0.16000000
2018-02-23 11:04:03,0.08546300,0.04600000
2018-02-23 11:04:03,0.08546300,0.03500000
2018-02-23 11:04:04,0.08548200,0.04600000
2018-02-23 11:04:04,0.08552300,0.53300000
2018-02-23 11:04:04,0.08547000,0.10200000
2018-02-23 11:04:04,0.08547200,0.03000000
2018-02-23 11:04:04,0.08547100,0.01800000
2018-02-23 11:04:04,0.08547200,0.05600000
2018-02-23 11:04:05,0.08548800,0.00100000
2018-02-23 11:04:05,0.08548800,0.04500000
2018-02-23 11:04:05,0.08552200,0.00100000
2018-02-23 11:04:07,0.08547300,0.10000000
2018-02-23 11:04:07,0.08547200,0.36700000
2018-02-23 11:04:07,0.08548800,0.04600000
2018-02-23 11:04:07,0.08552200,0.04500000
2018-02-23 11:04:07,0.08548800,0.11000000
2018-02-23 11:04:07,0.08552200,0.40300000
2018-02-23 11:04:07,0.08552300,0.59600000
2018-02-23 11:04:07,0.08552300,0.00100000
2018-02-23 11:04:08,0.08552300,0.36800000
2018-02-23 11:04:08,0.08552300,0.03200000
2018-02-23 11:04:08,0.08552300,0.19600000
2018-02-23 11:04:08,0.08548800,0.15600000
2018-02-23 11:04:08,0.08547400,1.24900000
2018-02-23 11:04:09,0.08547600,0.11400000
2018-02-23 11:04:09,0.08547600,0.24300000
2018-02-23 11:04:09,0.08547600,0.27000000
2018-02-23 11:04:10,0.08552000,0.32400000
2018-02-23 11:04:10,0.08552100,0.40500000
2018-02-23 11:04:10,0.08552300,0.39700000
2018-02-23 11:04:10,0.08552400,0.83900000
2018-02-23 11:04:10,0.08553500,0.78800000
2018-02-23 11:04:10,0.08554200,0.05900000
2018-02-23 11:04:10,0.08555000,1.55500000
2018-02-23 11:04:10,0.08555000,0.20000000
2018-02-23 11:04:10,0.08555000,0.02400000
2018-02-23 11:04:10,0.08555000,0.02000000
2018-02-23 11:04:10,0.08555000,0.35400000
2018-02-23 11:04:10,0.08555000,0.02000000
2018-02-23 11:04:10,0.08555000,0.02000000
2018-02-23 11:04:10,0.08555000,0.03300000
2018-02-23 11:04:10,0.08555000,0.02000000
2018-02-23 11:04:10,0.08555000,0.03500000
2018-02-23 11:04:10,0.08555000,0.02000000
2018-02-23 11:04:10,0.08555000,0.61100000
2018-02-23 11:04:10,0.08555000,0.02000000
2018-02-23 11:04:10,0.08555000,0.03600000
2018-02-23 11:04:10,0.08555000,0.02000000
2018-02-23 11:04:10,0.08555000,0.04500000
2018-02-23 11:04:10,0.08547800,0.05000000
2018-02-23 11:04:10,0.08547700,0.70200000
2018-02-23 11:04:11,0.08547800,0.02400000
2018-02-23 11:04:11,0.08548000,0.40000000
2018-02-23 11:04:12,0.08548100,0.04000000
2018-02-23 11:04:12,0.08548100,0.11600000
2018-02-23 11:04:12,0.08550100,0.04600000
2018-02-23 11:04:12,0.08548700,0.02700000
2018-02-23 11:04:12,0.08548700,0.49500000
2018-02-23 11:04:12,0.08548100,0.38800000
2018-02-23 11:04:13,0.08551400,0.04600000
2018-02-23 11:04:13,0.08550200,0.78900000
2018-02-23 11:04:14,0.08550200,0.12700000
2018-02-23 11:04:14,0.08550300,0.11700000
2018-02-23 11:04:14,0.08550300,0.08800000
2018-02-23 11:04:14,0.08550300,0.08800000
2018-02-23 11:04:14,0.08550300,0.11700000
2018-02-23 11:04:14,0.08550300,0.24900000
2018-02-23 11:04:14,0.08550300,0.05800000
2018-02-23 11:04:16,0.08551400,0.04600000
2018-02-23 11:04:16,0.08553600,0.32400000
2018-02-23 11:04:16,0.08553700,0.03000000
2018-02-23 11:04:18,0.08550600,0.34400000
2018-02-23 11:04:18,0.08550500,1.22100000
2018-02-23 11:04:20,0.08550400,0.06700000
2018-02-23 11:04:21,0.08552900,0.13300000
2018-02-23 11:04:23,0.08550400,0.19300000
2018-02-23 11:04:23,0.08550100,1.36700000
2018-02-23 11:04:23,0.08548400,0.31000000
2018-02-23 11:04:24,0.08550100,0.00100000
2018-02-23 11:04:24,0.08550500,0.40000000
2018-02-23 11:04:26,0.08550500,0.10000000
2018-02-23 11:04:26,0.08550500,2.54600000
2018-02-23 11:04:26,0.08550500,0.01500000
2018-02-23 11:04:27,0.08550500,0.06000000
2018-02-23 11:04:27,0.08550500,0.38000000
2018-02-23 11:04:28,0.08552700,0.19100000
2018-02-23 11:04:28,0.08552800,0.10000000
2018-02-23 11:04:28,0.08548600,0.02300000
2018-02-23 11:04:28,0.08548600,0.21000000
2018-02-23 11:04:29,0.08552500,0.11600000
2018-02-23 11:04:29,0.08550600,0.11700000
2018-02-23 11:04:29,0.08550600,0.37000000
2018-02-23 11:04:30,0.08550600,0.28000000
2018-02-23 11:04:30,0.08552500,0.03200000
2018-02-23 11:04:31,0.08552600,0.09900000
2018-02-23 11:04:31,0.08550600,0.64000000
2018-02-23 11:04:32,0.08552600,0.01800000
2018-02-23 11:04:32,0.08550600,0.18000000
2018-02-23 11:04:33,0.08552500,0.21100000
2018-02-23 11:04:33,0.08552500,0.09400000
2018-02-23 11:04:33,0.08550600,0.76200000
2018-02-23 11:04:33,0.08550600,0.03300000
2018-02-23 11:04:34,0.08552400,0.79400000
2018-02-23 11:04:34,0.08552400,0.11600000
2018-02-23 11:04:35,0.08550700,0.27600000
2018-02-23 11:04:35,0.08550700,0.05400000
2018-02-23 11:04:35,0.08550700,0.04100000
2018-02-23 11:04:35,0.08550700,0.36200000
2018-02-23 11:04:38,0.08550700,0.18000000
2018-02-23 11:04:39,0.08552300,0.03500000
2018-02-23 11:04:39,0.08552400,2.12600000
2018-02-23 11:04:40,0.08550700,0.17500000
2018-02-23 11:04:40,0.08550700,0.08600000
2018-02-23 11:04:40,0.08550700,0.00100000
2018-02-23 11:04:40,0.08550700,0.28000000
2018-02-23 11:04:41,0.08552200,0.02300000
2018-02-23 11:04:41,0.08550700,4.10000000
2018-02-23 11:04:44,0.08550700,0.18000000
2018-02-23 11:04:44,0.08550700,0.01600000
2018-02-23 11:04:45,0.08552200,0.35000000
2018-02-23 11:04:45,0.08552200,0.35000000
2018-02-23 11:04:45,0.08552200,0.73400000
2018-02-23 11:04:45,0.08552600,0.24300000
2018-02-23 11:04:45,0.08552600,1.04700000
2018-02-23 11:04:45,0.08552200,0.19900000
2018-02-23 11:04:46,0.08552200,0.06300000
2018-02-23 11:04:46,0.08552600,0.01900000
2018-02-23 11:04:46,0.08552200,0.43800000
2018-02-23 11:04:46,0.08550800,0.18000000
2018-02-23 11:04:47,0.08552600,0.11600000
2018-02-23 11:04:48,0.08552600,0.09900000
2018-02-23 11:04:48,0.08550900,0.02000000
2018-02-23 11:04:48,0.08550800,0.29000000
2018-02-23 11:04:49,0.08554600,0.32600000
2018-02-23 11:04:50,0.08554600,0.29300000
2018-02-23 11:04:50,0.08551100,0.46700000
2018-02-23 11:04:51,0.08554500,0.03500000
2018-02-23 11:04:51,0.08554600,0.03000000
2018-02-23 11:04:52,0.08554300,0.09500000
2018-02-23 11:04:52,0.08551200,0.04000000
2018-02-23 11:04:53,0.08551200,0.03600000
2018-02-23 11:04:53,0.08554200,0.19700000
2018-02-23 11:04:54,0.08554100,0.17000000
2018-02-23 11:04:54,0.08554200,0.08200000
2018-02-23 11:04:56,0.08554000,0.01300000
2018-02-23 11:04:56,0.08554000,0.10500000
2018-02-23 11:04:56,0.08551400,0.19100000
2018-02-23 11:04:57,0.08551400,0.24000000
2018-02-23 11:04:57,0.08551000,0.19500000
2018-02-23 11:04:57,0.08551000,0.09200000
2018-02-23 11:04:58,0.08551100,0.19000000
2018-02-23 11:04:59,0.08553800,0.13000000
2018-02-23 11:05:00,0.08551200,0.32400000
2018-02-23 11:05:00,0.08551100,0.02000000
2018-02-23 11:05:00,0.08551000,0.25800000
2018-02-23 11:05:00,0.08553800,0.19400000
2018-02-23 11:05:00,0.08553900,0.33500000
2018-02-23 11:05:00,0.08551100,0.02000000
2018-02-23 11:05:00,0.08551000,0.28300000
2018-02-23 11:05:01,0.08555100,1.36900000
2018-02-23 11:05:01,0.08551100,1.77600000
2018-02-23 11:05:01,0.08551200,0.04600000
2018-02-23 11:05:01,0.08551200,0.06100000
2018-02-23 11:05:02,0.08555000,0.11200000
2018-02-23 11:05:02,0.08555100,0.04500000
2018-02-23 11:05:02,0.08555000,0.02000000
2018-02-23 11:05:02,0.08555100,1.11900000
2018-02-23 11:05:03,0.08554900,2.59200000
2018-02-23 11:05:03,0.08551600,0.05800000
2018-02-23 11:05:04,0.08551500,0.08800000
2018-02-23 11:05:04,0.08554800,0.05800000
2018-02-23 11:05:04,0.08554900,0.94200000
2018-02-23 11:05:04,0.08551700,0.03300000
2018-02-23 11:05:04,0.08551700,0.11400000
2018-02-23 11:05:04,0.08551700,0.03000000
2018-02-23 11:05:04,0.08551700,0.40000000
2018-02-23 11:05:05,0.08554800,0.46700000
2018-02-23 11:05:06,0.08554700,0.70700000
2018-02-23 11:05:06,0.08554700,0.28100000
2018-02-23 11:05:06,0.08554800,0.42500000
2018-02-23 11:05:06,0.08551800,0.24100000
2018-02-23 11:05:07,0.08554700,0.11300000
2018-02-23 11:05:07,0.08551900,0.06300000
2018-02-23 11:05:07,0.08551800,1.53100000
2018-02-23 11:05:07,0.08551800,0.06000000
2018-02-23 11:05:08,0.08554500,0.11600000
2018-02-23 11:05:09,0.08552100,0.08600000
2018-02-23 11:05:09,0.08552100,0.86000000
2018-02-23 11:05:09,0.08552100,0.49400000
2018-02-23 11:05:09,0.08552100,0.27100000
2018-02-23 11:05:09,0.08552100,0.17300000
2018-02-23 11:05:09,0.08552100,0.01900000
2018-02-23 11:05:10,0.08552100,0.40000000
2018-02-23 11:05:10,0.08554500,2.91900000
2018-02-23 11:05:10,0.08554600,0.24100000
2018-02-23 11:05:10,0.08554700,0.28700000
2018-02-23 11:05:11,0.08554700,1.20700000
2018-02-23 11:05:12,0.08554700,0.01300000
2018-02-23 11:05:12,0.08554700,0.01600000
2018-02-23 11:05:12,0.08554700,0.08600000
2018-02-23 11:05:12,0.08554700,0.25100000
2018-02-23 11:05:12,0.08554700,1.20500000
2018-02-23 11:05:13,0.08554800,0.07700000
2018-02-23 11:05:13,0.08554800,0.04100000
2018-02-23 11:05:13,0.08554800,0.04100000
2018-02-23 11:05:13,0.08554800,0.04100000
2018-02-23 11:05:13,0.08554800,0.04600000
2018-02-23 11:05:14,0.08554800,0.04200000
2018-02-23 11:05:14,0.08554800,0.01800000
2018-02-23 11:05:14,0.08554800,0.01900000
2018-02-23 11:05:14,0.08554800,1.16900000
2018-02-23 11:05:14,0.08554800,0.01800000
2018-02-23 11:05:14,0.08555100,0.02200000
2018-02-23 11:05:16,0.08555000,0.03100000
2018-02-23 11:05:16,0.08555000,0.01500000
2018-02-23 11:05:16,0.08554800,0.46400000
2018-02-23 11:05:16,0.08554800,0.03200000
2018-02-23 11:05:16,0.08555000,0.02700000
2018-02-23 11:05:16,0.08555000,0.22500000
2018-02-23 11:05:16,0.08555000,0.27100000
2018-02-23 11:05:16,0.08555100,0.35000000
2018-02-23 11:05:16,0.08555100,0.93400000
2018-02-23 11:05:16,0.08555100,0.72200000
2018-02-23 11:05:16,0.08555100,0.08200000
2018-02-23 11:05:16,0.08555000,0.01900000
2018-02-23 11:05:17,0.08555100,0.11600000
2018-02-23 11:05:17,0.08555000,0.46700000
2018-02-23 11:05:17,0.08555000,0.65500000
2018-02-23 11:05:17,0.08555000,0.01600000
2018-02-23 11:05:17,0.08555000,0.01800000
2018-02-23 11:05:17,0.08555100,0.05500000
2018-02-23 11:05:17,0.08555100,0.79100000
2018-02-23 11:05:18,0.08555000,0.08000000
2018-02-23 11:05:18,0.08555000,0.47500000
2018-02-23 11:05:18,0.08555100,0.39900000
2018-02-23 11:05:18,0.08555100,3.07000000
2018-02-23 11:05:19,0.08555000,0.54000000
2018-02-23 11:05:19,0.08555100,1.11100000
2018-02-23 11:05:20,0.08555000,1.65200000
2018-02-23 11:05:20,0.08554800,0.09200000
2018-02-23 11:05:20,0.08555100,1.75700000
2018-02-23 11:05:21,0.08555100,3.34500000
2018-02-23 11:05:21,0.08556700,0.54200000
2018-02-23 11:05:22,0.08556800,0.05000000
2018-02-23 11:05:23,0.08555500,0.09200000
2018-02-23 11:05:24,0.08556800,0.08400000
2018-02-23 11:05:24,0.08560000,6.91600000
2018-02-23 11:05:24,0.08555500,0.11700000
2018-02-23 11:05:24,0.08555500,0.11700000
2018-02-23 11:05:24,0.08555500,0.11700000
2018-02-23 11:05:24,0.08559900,0.40000000
2018-02-23 11:05:25,0.08555800,0.11300000
2018-02-23 11:05:26,0.08559700,0.03200000
2018-02-23 11:05:26,0.08559800,0.11800000
2018-02-23 11:05:26,0.08559700,0.02000000
2018-02-23 11:05:26,0.08559800,0.19000000
2018-02-23 11:05:26,0.08559700,0.02000000
2018-02-23 11:05:26,0.08559800,0.64000000
2018-02-23 11:05:26,0.08559700,0.02000000
2018-02-23 11:05:26,0.08559800,1.73900000
2018-02-23 11:05:26,0.08559800,0.50400000
2018-02-23 11:05:26,0.08555900,1.28600000
2018-02-23 11:05:26,0.08555800,0.11800000
2018-02-23 11:05:26,0.08559700,0.02000000
2018-02-23 11:05:26,0.08559900,0.17700000
2018-02-23 11:05:26,0.08560000,0.82700000
2018-02-23 11:05:26,0.08560200,0.35100000
2018-02-23 11:05:26,0.08560400,0.25300000
2018-02-23 11:05:26,0.08560700,0.07100000
2018-02-23 11:05:26,0.08560700,0.51400000
2018-02-23 11:05:26,0.08560700,0.55100000
2018-02-23 11:05:27,0.08556100,0.09200000
2018-02-23 11:05:27,0.08560700,0.06600000
2018-02-23 11:05:28,0.08556400,0.17500000
2018-02-23 11:05:29,0.08560500,0.34400000
2018-02-23 11:05:29,0.08560600,0.05600000
2018-02-23 11:05:29,0.08556500,0.79900000
2018-02-23 11:05:29,0.08556500,0.40000000
2018-02-23 11:05:30,0.08556600,0.02700000
2018-02-23 11:05:31,0.08556700,0.03200000
2018-02-23 11:05:31,0.08556700,0.12500000
2018-02-23 11:05:31,0.08556900,0.04600000
2018-02-23 11:05:32,0.08556800,0.34100000
2018-02-23 11:05:33,0.08556900,0.01500000
2018-02-23 11:05:33,0.08557000,0.04600000
2018-02-23 11:05:33,0.08557500,0.04600000
2018-02-23 11:05:33,0.08559600,1.16400000
2018-02-23 11:05:33,0.08559600,0.01500000
2018-02-23 11:05:33,0.08559700,0.64500000
2018-02-23 11:05:34,0.08556900,0.05900000
2018-02-23 11:05:34,0.08556900,0.25800000
2018-02-23 11:05:34,0.08559700,0.15000000
2018-02-23 11:05:34,0.08556900,0.40000000
2018-02-23 11:05:34,0.08559700,0.38400000
2018-02-23 11:05:34,0.08556900,0.11300000
2018-02-23 11:05:34,0.08556900,0.12200000
2018-02-23 11:05:34,0.08556900,0.24000000
2018-02-23 11:05:35,0.08556900,0.23900000
2018-02-23 11:05:35,0.08559600,0.02800000
2018-02-23 11:05:35,0.08557300,0.02800000
2018-02-23 11:05:35,0.08557300,0.01800000
2018-02-23 11:05:35,0.08559600,0.56200000
2018-02-23 11:05:35,0.08557000,0.16400000
2018-02-23 11:05:35,0.08559600,0.40000000
2018-02-23 11:05:36,0.08557000,0.07400000
2018-02-23 11:05:36,0.08559600,0.26300000
2018-02-23 11:05:37,0.08559600,0.05800000
2018-02-23 11:05:38,0.08557100,0.03400000
2018-02-23 11:05:38,0.08557100,0.34000000
2018-02-23 11:05:38,0.08557900,0.04600000
2018-02-23 11:05:38,0.08558700,0.00100000
2018-02-23 11:05:39,0.08557600,0.04600000
2018-02-23 11:05:41,0.08557600,0.04600000
2018-02-23 11:05:41,0.08558700,0.01700000
2018-02-23 11:05:41,0.08559600,0.04500000
2018-02-23 11:05:41,0.08559600,0.06300000
2018-02-23 11:05:41,0.08559600,0.20800000
2018-02-23 11:05:41,0.08559600,0.57500000
2018-02-23 11:05:41,0.08559600,0.16100000
2018-02-23 11:05:41,0.08559600,0.20800000
2018-02-23 11:05:42,0.08557300,0.03500000
2018-02-23 11:05:42,0.08558000,0.04200000
2018-02-23 11:05:42,0.08558000,0.00400000
2018-02-23 11:05:42,0.08559500,0.03800000
2018-02-23 11:05:43,0.08557700,0.04600000
2018-02-23 11:05:43,0.08558600,0.01900000
2018-02-23 11:05:43,0.08559500,0.15600000
2018-02-23 11:05:44,0.08558900,0.01000000
2018-02-23 11:05:45,0.08559000,0.04600000
2018-02-23 11:05:45,0.08559400,0.09000000
2018-02-23 11:05:45,0.08559600,0.10100000
2018-02-23 11:05:45,0.08558900,0.00900000
2018-02-23 11:05:45,0.08557300,0.09900000
2018-02-23 11:05:45,0.08559100,0.04600000
2018-02-23 11:05:46,0.08559600,0.04600000
2018-02-23 11:05:46,0.08558000,0.04600000
2018-02-23 11:05:46,0.08559600,0.01000000
2018-02-23 11:05:47,0.08559600,0.00900000
2018-02-23 11:05:47,0.08559500,0.08900000
2018-02-23 11:05:48,0.08559500,0.01500000
2018-02-23 11:05:48,0.08559500,1.33700000
2018-02-23 11:05:49,0.08559600,0.03700000
2018-02-23 11:05:49,0.08559500,0.03900000
2018-02-23 11:05:49,0.08559500,0.04000000
2018-02-23 11:05:49,0.08559500,0.17800000
2018-02-23 11:05:49,0.08559700,1.16800000
2018-02-23 11:05:50,0.08559700,0.02300000
2018-02-23 11:05:50,0.08559700,0.02300000
2018-02-23 11:05:50,0.08559700,0.02700000
2018-02-23 11:05:50,0.08559500,0.04600000
2018-02-23 11:05:50,0.08559500,0.48900000
2018-02-23 11:05:50,0.08559500,0.01900000
2018-02-23 11:05:50,0.08559500,0.01600000
2018-02-23 11:05:51,0.08559700,0.19300000
2018-02-23 11:05:51,0.08559500,0.04600000
2018-02-23 11:05:51,0.08559500,0.06200000
2018-02-23 11:05:52,0.08559700,0.66000000
2018-02-23 11:05:52,0.08559500,0.52000000
2018-02-23 11:05:52,0.08559700,0.28100000
2018-02-23 11:05:52,0.08559700,0.04500000
2018-02-23 11:05:52,0.08559700,0.04500000
2018-02-23 11:05:52,0.08559700,0.28100000
2018-02-23 11:05:53,0.08559700,0.22700000
2018-02-23 11:05:53,0.08559700,0.07200000
2018-02-23 11:05:54,0.08559600,0.06300000
2018-02-23 11:05:54,0.08559700,0.48700000
2018-02-23 11:05:54,0.08559700,0.21300000
2018-02-23 11:05:54,0.08559700,0.40000000
2018-02-23 11:05:54,0.08559700,0.06300000
2018-02-23 11:05:54,0.08559700,0.46400000
2018-02-23 11:05:54,0.08559700,0.55000000
2018-02-23 11:05:55,0.08559600,0.03800000
2018-02-23 11:05:57,0.08559700,0.93000000
2018-02-23 11:05:57,0.08559600,0.04900000
2018-02-23 11:05:57,0.08559700,0.06000000
2018-02-23 11:05:57,0.08559600,0.03400000
2018-02-23 11:05:57,0.08559500,0.06000000
2018-02-23 11:05:57,0.08557300,5.74600000
2018-02-23 11:05:57,0.08557200,1.16000000
2018-02-23 11:05:58,0.08559700,0.09900000
2018-02-23 11:05:58,0.08559700,3.62100000
2018-02-23 11:05:58,0.08559700,0.10000000
2018-02-23 11:05:58,0.08559700,0.41500000
2018-02-23 11:05:58,0.08559700,0.41500000
2018-02-23 11:05:58,0.08559700,0.76900000
2018-02-23 11:05:59,0.08559700,0.15000000
2018-02-23 11:06:01,0.08559500,0.16300000
2018-02-23 11:06:02,0.08559700,0.15000000
2018-02-23 11:06:02,0.08557200,0.02900000
2018-02-23 11:06:02,0.08557000,0.00200000
2018-02-23 11:06:02,0.08559700,0.21900000
2018-02-23 11:06:03,0.08559700,0.31800000
2018-02-23 11:06:03,0.08557000,0.28800000
2018-02-23 11:06:03,0.08559700,0.31800000
2018-02-23 11:06:03,0.08557800,0.01200000
2018-02-23 11:06:03,0.08557800,0.03400000
2018-02-23 11:06:03,0.08559700,0.11600000
2018-02-23 11:06:03,0.08557000,0.55000000
2018-02-23 11:06:03,0.08557000,0.16000000
2018-02-23 11:06:03,0.08556400,4.00000000
2018-02-23 11:06:03,0.08556300,1.81500000
2018-02-23 11:06:03,0.08555800,1.40700000
2018-02-23 11:06:03,0.08555700,1.58500000
2018-02-23 11:06:03,0.08558900,0.16000000
2018-02-23 11:06:03,0.08558900,0.02000000
2018-02-23 11:06:03,0.08559700,0.07900000
2018-02-23 11:06:04,0.08559700,2.34000000
2018-02-23 11:06:04,0.08559600,0.31400000
2018-02-23 11:06:05,0.08558900,0.14200000
2018-02-23 11:06:05,0.08559800,0.04600000
2018-02-23 11:06:06,0.08558900,0.04600000
2018-02-23 11:06:07,0.08558900,0.03200000
2018-02-23 11:06:08,0.08559100,0.03600000
2018-02-23 11:06:08,0.08558900,0.04600000
2018-02-23 11:06:09,0.08558900,0.03500000
2018-02-23 11:06:10,0.08559000,0.03500000
2018-02-23 11:06:10,0.08559100,0.01000000
2018-02-23 11:06:10,0.08560200,0.35500000
2018-02-23 11:06:10,0.08558900,0.23300000
2018-02-23 11:06:10,0.08560200,0.99100000
2018-02-23 11:06:10,0.08560300,0.20900000
2018-02-23 11:06:11,0.08560300,0.10100000
2018-02-23 11:06:11,0.08559700,0.11400000
2018-02-23 11:06:11,0.08560300,0.05400000
2018-02-23 11:06:12,0.08560300,0.36700000
2018-02-23 11:06:14,0.08559800,0.02000000
2018-02-23 11:06:14,0.08559700,0.01500000
2018-02-23 11:06:14,0.08559800,0.01900000
2018-02-23 11:06:15,0.08559800,0.00100000
2018-02-23 11:06:15,0.08559700,0.05100000
2018-02-23 11:06:16,0.08560300,0.07400000
2018-02-23 11:06:16,0.08560000,0.02000000
2018-02-23 11:06:16,0.08559900,0.29000000
2018-02-23 11:06:16,0.08560000,0.02000000
2018-02-23 11:06:16,0.08559900,0.02600000
2018-02-23 11:06:16,0.08560300,0.05700000
2018-02-23 11:06:16,0.08560300,0.17200000
2018-02-23 11:06:16,0.08560300,0.02200000
2018-02-23 11:06:16,0.08560400,0.17500000
2018-02-23 11:06:16,0.08561500,0.49500000
2018-02-23 11:06:16,0.08563600,0.09300000
2018-02-23 11:06:16,0.08565000,0.93000000
2018-02-23 11:06:17,0.08560300,0.28500000
2018-02-23 11:06:17,0.08560300,0.02000000
2018-02-23 11:06:17,0.08560300,0.02000000
2018-02-23 11:06:17,0.08560000,0.02000000
2018-02-23 11:06:17,0.08560000,0.02000000
2018-02-23 11:06:17,0.08560000,0.07000000
2018-02-23 11:06:17,0.08559900,0.09700000
2018-02-23 11:06:18,0.08560300,0.11700000
2018-02-23 11:06:19,0.08560300,0.32400000
2018-02-23 11:06:19,0.08560300,0.28800000
2018-02-23 11:06:19,0.08559900,0.02600000
2018-02-23 11:06:19,0.08560300,0.26700000
2018-02-23 11:06:19,0.08564900,0.28800000
2018-02-23 11:06:20,0.08562800,0.02600000
2018-02-23 11:06:21,0.08562800,0.01400000
2018-02-23 11:06:21,0.08564800,0.02700000
2018-02-23 11:06:21,0.08564900,0.10700000
2018-02-23 11:06:21,0.08564900,0.05000000
2018-02-23 11:06:21,0.08564900,0.05000000
2018-02-23 11:06:21,0.08564900,0.15200000
2018-02-23 11:06:21,0.08564900,0.06200000
2018-02-23 11:06:21,0.08564900,0.02000000
2018-02-23 11:06:21,0.08564900,0.02000000
2018-02-23 11:06:21,0.08565000,0.01300000
2018-02-23 11:06:21,0.08564900,0.02000000
2018-02-23 11:06:21,0.08564900,0.02000000
2018-02-23 11:06:22,0.08564900,0.02000000
2018-02-23 11:06:22,0.08564900,0.02000000
2018-02-23 11:06:22,0.08564900,0.18700000
2018-02-23 11:06:22,0.08564900,0.02000000
2018-02-23 11:06:22,0.08564900,0.06600000
2018-02-23 11:06:22,0.08564900,0.13500000
2018-02-23 11:06:22,0.08564900,0.02000000
2018-02-23 11:06:22,0.08564900,0.10800000
2018-02-23 11:06:22,0.08565000,0.05300000
2018-02-23 11:06:22,0.08565000,0.04700000
2018-02-23 11:06:22,0.08564900,0.04600000
2018-02-23 11:06:22,0.08564900,0.82900000
2018-02-23 11:06:23,0.08564900,0.01900000
2018-02-23 11:06:23,0.08564900,0.09900000
2018-02-23 11:06:23,0.08564900,0.46600000
2018-02-23 11:06:23,0.08564900,0.93000000
2018-02-23 11:06:23,0.08565000,0.08700000
2018-02-23 11:06:23,0.08564900,0.01100000
2018-02-23 11:06:24,0.08565000,0.40000000
2018-02-23 11:06:24,0.08564900,0.08500000
2018-02-23 11:06:24,0.08564900,0.32400000
2018-02-23 11:06:24,0.08564900,0.93000000
2018-02-23 11:06:24,0.08564900,0.04600000
2018-02-23 11:06:24,0.08564900,0.93000000
2018-02-23 11:06:25,0.08564900,0.00400000
2018-02-23 11:06:25,0.08564900,0.07000000
2018-02-23 11:06:25,0.08564900,0.92900000
2018-02-23 11:06:25,0.08564900,0.03600000
2018-02-23 11:06:25,0.08564900,0.04600000
2018-02-23 11:06:25,0.08564900,0.03600000
2018-02-23 11:06:25,0.08564900,0.03600000
2018-02-23 11:06:26,0.08565000,0.90000000
2018-02-23 11:06:27,0.08564900,0.04600000
2018-02-23 11:06:27,0.08565000,0.58400000
2018-02-23 11:06:27,0.08564900,0.25800000
2018-02-23 11:06:28,0.08564900,0.05500000
2018-02-23 11:06:29,0.08564900,0.03600000
2018-02-23 11:06:29,0.08564900,0.89400000
2018-02-23 11:06:29,0.08563200,0.51100000
2018-02-23 11:06:29,0.08561300,3.59500000
2018-02-23 11:06:30,0.08564900,0.06200000
2018-02-23 11:06:33,0.08561400,0.04600000
2018-02-23 11:06:33,0.08561400,0.80800000
2018-02-23 11:06:34,0.08561600,0.01200000
2018-02-23 11:06:34,0.08564600,0.80800000
2018-02-23 11:06:34,0.08564700,0.01700000
2018-02-23 11:06:34,0.08564700,0.04600000
2018-02-23 11:06:35,0.08564700,0.26100000
2018-02-23 11:06:36,0.08561700,0.01300000
2018-02-23 11:06:37,0.08564600,3.53300000
2018-02-23 11:06:37,0.08564800,0.04600000
2018-02-23 11:06:37,0.08565000,0.02300000
2018-02-23 11:06:37,0.08565300,0.06700000
2018-02-23 11:06:37,0.08566000,1.79700000
2018-02-23 11:06:37,0.08566200,0.03000000
2018-02-23 11:06:37,0.08566800,0.06200000
2018-02-23 11:06:37,0.08567000,0.07600000
2018-02-23 11:06:37,0.08567400,0.26600000
2018-02-23 11:06:37,0.08562000,1.16800000
2018-02-23 11:06:38,0.08562200,0.03800000
2018-02-23 11:06:40,0.08567300,0.00100000
2018-02-23 11:06:42,0.08565000,0.17200000
2018-02-23 11:06:42,0.08565000,0.01700000
2018-02-23 11:06:42,0.08565000,0.10200000
2018-02-23 11:06:42,0.08565000,0.21600000
2018-02-23 11:06:42,0.08567400,0.40000000
2018-02-23 11:06:43,0.08565000,1.11300000
2018-02-23 11:06:43,0.08562800,0.19300000
2018-02-23 11:06:46,0.08566000,0.04000000
2018-02-23 11:06:46,0.08567000,0.01200000
2018-02-23 11:06:46,0.08567200,0.19300000
2018-02-23 11:06:46,0.08567400,0.25500000
2018-02-23 11:06:46,0.08564000,0.00100000
2018-02-23 11:06:47,0.08567300,0.43500000
2018-02-23 11:06:47,0.08564000,0.47000000
2018-02-23 11:06:48,0.08563900,0.14300000
2018-02-23 11:06:50,0.08564300,0.01800000
2018-02-23 11:06:50,0.08564100,0.02800000
2018-02-23 11:06:51,0.08564900,0.04400000
2018-02-23 11:06:51,0.08567200,0.06100000
2018-02-23 11:06:53,0.08564300,0.04000000
2018-02-23 11:06:53,0.08564300,0.02100000
2018-02-23 11:06:53,0.08564100,0.02900000
2018-02-23 11:06:54,0.08564100,0.01100000
2018-02-23 11:06:55,0.08564800,0.04800000
2018-02-23 11:06:55,0.08564200,0.31200000
2018-02-23 11:06:55,0.08567000,0.06100000
2018-02-23 11:06:55,0.08567100,0.33900000
2018-02-23 11:06:55,0.08564100,0.00100000
2018-02-23 11:06:56,0.08567100,0.49300000
2018-02-23 11:06:59,0.08564000,0.10000000
2018-02-23 11:07:00,0.08566900,0.09500000
2018-02-23 11:07:00,0.08567000,0.06500000
2018-02-23 11:07:01,0.08566900,1.16700000
2018-02-23 11:07:01,0.08567000,0.24700000
2018-02-23 11:07:01,0.08567100,0.75500000
2018-02-23 11:07:01,0.08567100,0.21800000
2018-02-23 11:07:02,0.08567100,0.40000000
2018-02-23 11:07:02,0.08564300,0.45300000
2018-02-23 11:07:02,0.08564300,0.44300000
2018-02-23 11:07:02,0.08564300,0.00100000
2018-02-23 11:07:02,0.08564200,0.02900000
2018-02-23 11:07:05,0.08567100,0.11200000
2018-02-23 11:07:06,0.08567100,0.51300000
2018-02-23 11:07:07,0.08567100,0.05800000
2018-02-23 11:07:08,0.08564200,3.89500000
2018-02-23 11:07:09,0.08564300,0.01800000
2018-02-23 11:07:11,0.08564400,0.05500000
2018-02-23 11:07:12,0.08567000,0.05400000
2018-02-23 11:07:12,0.08567000,0.01200000
2018-02-23 11:07:12,0.08567000,0.23600000
2018-02-23 11:07:12,0.08567000,0.10900000
2018-02-23 11:07:12,0.08564500,0.14700000
2018-02-23 11:07:12,0.08564500,0.14800000
2018-02-23 11:07:13,0.08564500,0.49100000
2018-02-23 11:07:13,0.08567000,0.80000000
2018-02-23 11:07:13,0.08564500,0.01800000
2018-02-23 11:07:13,0.08564500,0.37300000
2018-02-23 11:07:15,0.08564500,0.18800000
2018-02-23 11:07:15,0.08567000,0.09600000
2018-02-23 11:07:17,0.08567000,0.09900000
2018-02-23 11:07:18,0.08564500,0.10600000
2018-02-23 11:07:19,0.08564800,0.20000000
2018-02-23 11:07:19,0.08567000,0.01000000
2018-02-23 11:07:20,0.08564500,0.17200000
2018-02-23 11:07:22,0.08564500,0.45300000
2018-02-23 11:07:23,0.08564500,0.20000000
2018-02-23 11:07:23,0.08567000,0.40000000
2018-02-23 11:07:24,0.08564500,0.04700000
2018-02-23 11:07:24,0.08564500,0.16600000
2018-02-23 11:07:24,0.08564500,0.23600000
2018-02-23 11:07:25,0.08564500,0.04900000
2018-02-23 11:07:25,0.08564500,0.02600000
2018-02-23 11:07:25,0.08564500,0.02600000
2018-02-23 11:07:25,0.08564500,0.02600000
2018-02-23 11:07:25,0.08567000,0.53800000
2018-02-23 11:07:26,0.08567000,0.58000000
2018-02-23 11:07:27,0.08567000,0.76600000
2018-02-23 11:07:27,0.08567100,0.04000000
2018-02-23 11:07:27,0.08567300,0.56500000
2018-02-23 11:07:27,0.08567500,0.11500000
2018-02-23 11:07:27,0.08568000,0.27900000
2018-02-23 11:07:30,0.08567800,0.11600000
2018-02-23 11:07:30,0.08567800,0.80800000
2018-02-23 11:07:31,0.08566000,0.01800000
2018-02-23 11:07:31,0.08565600,4.98200000
2018-02-23 11:07:32,0.08565600,0.34500000
2018-02-23 11:07:33,0.08567800,0.22400000
2018-02-23 11:07:35,0.08568000,0.29300000
2018-02-23 11:07:35,0.08568100,0.06000000
2018-02-23 11:07:35,0.08568800,0.03700000
2018-02-23 11:07:35,0.08569600,0.02900000
2018-02-23 11:07:35,0.08570000,0.00500000
2018-02-23 11:07:36,0.08569100,0.08000000
2018-02-23 11:07:36,0.08569100,0.01500000
2018-02-23 11:07:36,0.08569200,0.02500000
2018-02-23 11:07:36,0.08565800,0.16000000
2018-02-23 11:07:36,0.08565800,0.29100000
2018-02-23 11:07:36,0.08565800,0.29200000
2018-02-23 11:07:38,0.08564800,0.02900000
2018-02-23 11:07:39,0.08565700,0.29900000
2018-02-23 11:07:39,0.08565700,0.07600000
2018-02-23 11:07:39,0.08565700,0.11600000
2018-02-23 11:07:39,0.08565700,0.12800000
2018-02-23 11:07:39,0.08567600,0.14200000
2018-02-23 11:07:41,0.08567300,0.16600000
2018-02-23 11:07:42,0.08565800,0.02800000
2018-02-23 11:07:45,0.08565800,0.39900000
2018-02-23 11:07:49,0.08566900,0.02900000
2018-02-23 11:07:49,0.08566900,0.11000000
2018-02-23 11:07:49,0.08565800,0.21000000
2018-02-23 11:07:49,0.08565800,0.21000000
2018-02-23 11:07:51,0.08565800,6.08100000
2018-02-23 11:07:51,0.08565800,1.31100000
2018-02-23 11:07:51,0.08565800,0.06700000
2018-02-23 11:07:51,0.08565700,0.65400000
2018-02-23 11:07:51,0.08564600,0.10900000
2018-02-23 11:07:51,0.08564600,1.81500000
2018-02-23 11:07:52,0.08566700,0.01200000
2018-02-23 11:07:53,0.08566600,0.17900000
2018-02-23 11:07:54,0.08564700,0.02400000
2018-02-23 11:07:54,0.08566500,0.15100000
2018-02-23 11:07:54,0.08564800,0.82700000
2018-02-23 11:07:56,0.08566900,0.11300000
2018-02-23 11:07:58,0.08567000,0.06700000
2018-02-23 11:07:59,0.08564800,0.01100000
2018-02-23 11:08:01,0.08566900,0.40000000
2018-02-23 11:08:07,0.08566900,0.05000000
2018-02-23 11:08:11,0.08566900,0.01800000
2018-02-23 11:08:11,0.08566900,0.04900000
2018-02-23 11:08:11,0.08565200,0.19300000
2018-02-23 11:08:12,0.08565200,0.00700000
2018-02-23 11:08:12,0.08564900,0.01000000
2018-02-23 11:08:12,0.08564900,0.11500000
2018-02-23 11:08:13,0.08564900,0.14500000
2018-02-23 11:08:13,0.08564900,0.12700000
2018-02-23 11:08:15,0.08565300,0.02600000
2018-02-23 11:08:15,0.08564900,0.87700000
2018-02-23 11:08:15,0.08564900,0.55500000
2018-02-23 11:08:15,0.08564900,0.41400000
2018-02-23 11:08:15,0.08564800,0.42700000
2018-02-23 11:08:15,0.08564800,0.05100000
2018-02-23 11:08:16,0.08564800,0.71800000
2018-02-23 11:08:16,0.08565000,0.02600000
2018-02-23 11:08:16,0.08565300,0.27900000
2018-02-23 11:08:16,0.08565300,0.00100000
2018-02-23 11:08:16,0.08566800,0.11100000
2018-02-23 11:08:17,0.08566800,0.18800000
2018-02-23 11:08:17,0.08564800,0.64900000
2018-02-23 11:08:19,0.08564800,2.58700000
2018-02-23 11:08:19,0.08564800,0.11700000
2018-02-23 11:08:19,0.08564800,0.01400000
2018-02-23 11:08:19,0.08564800,0.03200000
2018-02-23 11:08:19,0.08564800,0.03300000
2018-02-23 11:08:20,0.08564800,0.01000000
2018-02-23 11:08:20,0.08564800,0.03200000
2018-02-23 11:08:21,0.08564800,0.58400000
2018-02-23 11:08:21,0.08564800,1.29200000
2018-02-23 11:08:21,0.08564800,2.09300000
2018-02-23 11:08:22,0.08564800,0.02200000
2018-02-23 11:08:23,0.08564800,0.12700000
2018-02-23 11:08:24,0.08566800,0.04700000
2018-02-23 11:08:24,0.08566800,0.00100000
2018-02-23 11:08:25,0.08564800,0.01700000
2018-02-23 11:08:25,0.08564800,0.05900000
2018-02-23 11:08:25,0.08564800,0.02200000
2018-02-23 11:08:27,0.08566500,0.04900000
2018-02-23 11:08:27,0.08566500,0.18400000
2018-02-23 11:08:28,0.08566500,0.05900000
2018-02-23 11:08:28,0.08566400,0.40000000
2018-02-23 11:08:29,0.08565200,0.02400000
2018-02-23 11:08:29,0.08565200,0.07600000
2018-02-23 11:08:29,0.08566300,0.01000000
2018-02-23 11:08:30,0.08566300,0.15600000
2018-02-23 11:08:30,0.08564800,0.04000000
2018-02-23 11:08:30,0.08564800,0.07400000
2018-02-23 11:08:30,0.08564800,0.00100000
2018-02-23 11:08:31,0.08564800,1.67500000
2018-02-23 11:08:31,0.08564800,1.74800000
2018-02-23 11:08:31,0.08564800,0.04700000
2018-02-23 11:08:32,0.08566400,0.04100000
2018-02-23 11:08:32,0.08564800,0.12700000
2018-02-23 11:08:33,0.08566400,0.09900000
2018-02-23 11:08:34,0.08566400,0.37400000
2018-02-23 11:08:34,0.08566400,0.28300000
2018-02-23 11:08:34,0.08566400,0.12700000
2018-02-23 11:08:34,0.08565700,0.03100000
2018-02-23 11:08:34,0.08566400,0.11600000
2018-02-23 11:08:34,0.08565700,0.01500000
2018-02-23 11:08:34,0.08564500,0.03500000
2018-02-23 11:08:35,0.08565700,0.04600000
2018-02-23 11:08:35,0.08564500,0.04600000
2018-02-23 11:08:37,0.08566200,0.11200000
2018-02-23 11:08:38,0.08566200,0.01200000
2018-02-23 11:08:40,0.08565700,0.16200000
2018-02-23 11:08:40,0.08566200,0.07500000
2018-02-23 11:08:40,0.08566200,0.07600000
2018-02-23 11:08:40,0.08566200,0.24100000
2018-02-23 11:08:41,0.08564600,0.23200000
2018-02-23 11:08:41,0.08564600,0.49100000
2018-02-23 11:08:41,0.08566200,0.03700000
2018-02-23 11:08:43,0.08564600,0.21300000
2018-02-23 11:08:43,0.08564500,0.36200000
2018-02-23 11:08:43,0.08566200,0.02600000
2018-02-23 11:08:45,0.08564500,0.10000000
2018-02-23 11:08:46,0.08564500,0.09900000
2018-02-23 11:08:46,0.08564500,0.24000000
2018-02-23 11:08:47,0.08564500,0.24600000
2018-02-23 11:08:47,0.08564100,0.32900000
2018-02-23 11:08:47,0.08564100,0.09900000
2018-02-23 11:08:48,0.08564100,0.10000000
2018-02-23 11:08:49,0.08564100,0.15800000
2018-02-23 11:08:50,0.08565900,0.20800000
2018-02-23 11:08:50,0.08564100,0.56600000
2018-02-23 11:08:50,0.08564000,0.34900000
2018-02-23 11:08:50,0.08564100,0.14900000
2018-02-23 11:08:50,0.08564000,0.41400000
2018-02-23 11:08:51,0.08564000,0.94100000
2018-02-23 11:08:51,0.08564100,0.04600000
2018-02-23 11:08:51,0.08563000,0.25100000
2018-02-23 11:08:52,0.08563000,0.35100000
2018-02-23 11:08:53,0.08562800,0.10500000
2018-02-23 11:08:53,0.08562600,0.28600000
2018-02-23 11:08:53,0.08562200,1.92000000
2018-02-23 11:08:54,0.08562400,0.25900000
2018-02-23 11:08:55,0.08562400,0.14000000
2018-02-23 11:08:55,0.08562400,0.01800000
2018-02-23 11:08:55,0.08562400,0.27500000
2018-02-23 11:08:56,0.08562400,0.65100000
2018-02-23 11:08:56,0.08562400,0.65300000
2018-02-23 11:08:56,0.08562300,0.33800000
2018-02-23 11:08:56,0.08562300,1.06100000
2018-02-23 11:08:56,0.08562300,0.10300000
2018-02-23 11:08:56,0.08562000,0.08100000
2018-02-23 11:08:56,0.08561300,0.10000000
2018-02-23 11:08:56,0.08560800,0.29900000
2018-02-23 11:08:57,0.08564100,0.15900000
2018-02-23 11:08:57,0.08561300,0.10000000
2018-02-23 11:08:57,0.08561000,0.10000000
2018-02-23 11:08:57,0.08561400,0.32400000
2018-02-23 11:08:57,0.08561300,0.02000000
2018-02-23 11:08:57,0.08560800,0.93400000
2018-02-23 11:08:58,0.08561300,0.01000000
2018-02-23 11:08:59,0.08562400,0.57500000
2018-02-23 11:09:00,0.08562400,0.07800000
2018-02-23 11:09:00,0.08562400,0.07900000
2018-02-23 11:09:01,0.08563000,1.21300000
2018-02-23 11:09:01,0.08562500,0.51500000
2018-02-23 11:09:01,0.08563000,1.06200000
2018-02-23 11:09:01,0.08563300,0.95300000
2018-02-23 11:09:01,0.08564000,5.45400000
2018-02-23 11:09:01,0.08564100,0.25200000
2018-02-23 11:09:01,0.08565700,2.32600000
2018-02-23 11:09:02,0.08562500,1.92200000
2018-02-23 11:09:02,0.08562500,0.80000000
2018-02-23 11:09:02,0.08562600,0.10400000
2018-02-23 11:09:03,0.08562700,0.02000000
2018-02-23 11:09:03,0.08562600,0.10000000
2018-02-23 11:09:04,0.08562700,0.05500000
2018-02-23 11:09:04,0.08562700,0.21500000
2018-02-23 11:09:04,0.08562700,0.07400000
2018-02-23 11:09:05,0.08562400,0.97100000
2018-02-23 11:09:05,0.08562400,0.01700000
2018-02-23 11:09:05,0.08561100,0.55800000
2018-02-23 11:09:06,0.08561000,0.20700000
2018-02-23 11:09:06,0.08561000,0.20700000
2018-02-23 11:09:06,0.08561200,0.02000000
2018-02-23 11:09:06,0.08561100,0.95200000
2018-02-23 11:09:07,0.08561300,2.32600000
2018-02-23 11:09:07,0.08561200,0.97400000
2018-02-23 11:09:07,0.08561200,0.59600000
2018-02-23 11:09:07,0.08561200,0.36600000
2018-02-23 11:09:07,0.08560900,0.02000000
2018-02-23 11:09:07,0.08560900,0.02000000
2018-02-23 11:09:07,0.08560900,0.02000000
2018-02-23 11:09:07,0.08560900,0.02000000
2018-02-23 11:09:07,0.08560900,0.15000000
2018-02-23 11:09:08,0.08560800,0.01400000
2018-02-23 11:09:08,0.08564000,1.00000000
2018-02-23 11:09:08,0.08560800,0.43300000
2018-02-23 11:09:08,0.08560900,1.43200000
2018-02-23 11:09:08,0.08560900,1.47800000
2018-02-23 11:09:09,0.08560900,0.13700000
2018-02-23 11:09:09,0.08560900,0.57500000
2018-02-23 11:09:10,0.08560800,0.99600000
2018-02-23 11:09:11,0.08560800,1.13400000
2018-02-23 11:09:11,0.08560800,1.00000000
2018-02-23 11:09:11,0.08560800,0.65100000
2018-02-23 11:09:11,0.08560800,0.15700000
2018-02-23 11:09:14,0.08560800,0.57500000
2018-02-23 11:09:14,0.08560800,0.07200000
2018-02-23 11:09:15,0.08560900,0.02600000
2018-02-23 11:09:15,0.08560900,1.55400000
2018-02-23 11:09:16,0.08560900,0.05000000
2018-02-23 11:09:18,0.08560800,0.39300000
2018-02-23 11:09:18,0.08560300,0.18200000
2018-02-23 11:09:18,0.08560300,0.07200000
2018-02-23 11:09:18,0.08560300,0.01300000
2018-02-23 11:09:18,0.08558900,0.04600000
2018-02-23 11:09:18,0.08558000,0.03700000
2018-02-23 11:09:18,0.08557200,0.01500000
2018-02-23 11:09:18,0.08555000,0.10000000
2018-02-23 11:09:18,0.08554900,2.86200000
2018-02-23 11:09:18,0.08554800,0.47200000
2018-02-23 11:09:18,0.08554600,0.10000000
2018-02-23 11:09:18,0.08554500,0.02000000
2018-02-23 11:09:18,0.08551300,0.23300000
2018-02-23 11:09:18,0.08551200,2.69100000
2018-02-23 11:09:18,0.08551100,0.13900000
2018-02-23 11:09:18,0.08550500,0.02600000
2018-02-23 11:09:18,0.08550000,0.15000000
2018-02-23 11:09:18,0.08548300,0.21500000
2018-02-23 11:09:18,0.08547200,0.02900000
2018-02-23 11:09:18,0.08545000,0.85200000
2018-02-23 11:09:19,0.08557800,0.07000000
2018-02-23 11:09:19,0.08557800,0.03100000
2018-02-23 11:09:20,0.08557800,0.17000000
2018-02-23 11:09:21,0.08557600,0.01800000
2018-02-23 11:09:21,0.08557500,0.25300000
2018-02-23 11:09:22,0.08557300,0.25200000
2018-02-23 11:09:23,0.08557100,0.30600000
2018-02-23 11:09:23,0.08557200,1.76800000
2018-02-23 11:09:23,0.08547200,0.00100000
2018-02-23 11:09:23,0.08557200,0.03700000
2018-02-23 11:09:23,0.08557200,0.10200000
2018-02-23 11:09:23,0.08557200,0.35000000
2018-02-23 11:09:23,0.08557200,0.13000000
2018-02-23 11:09:23,0.08557200,0.06200000
2018-02-23 11:09:23,0.08557200,0.10800000
2018-02-23 11:09:24,0.08547300,0.00200000
2018-02-23 11:09:24,0.08557100,0.35000000
2018-02-23 11:09:24,0.08557100,0.35000000
2018-02-23 11:09:24,0.08547400,0.05000000
2018-02-23 11:09:24,0.08547300,0.94900000
2018-02-23 11:09:24,0.08557000,0.80000000
2018-02-23 11:09:24,0.08557000,0.35000000
2018-02-23 11:09:24,0.08556900,0.25400000
2018-02-23 11:09:24,0.08557000,0.09600000
2018-02-23 11:09:24,0.08556900,0.32400000
2018-02-23 11:09:24,0.08556900,0.12000000
2018-02-23 11:09:25,0.08556900,0.15000000
2018-02-23 11:09:25,0.08556800,0.35000000
2018-02-23 11:09:25,0.08556800,0.16600000
2018-02-23 11:09:25,0.08556800,0.17100000
2018-02-23 11:09:25,0.08556800,0.30000000
2018-02-23 11:09:25,0.08556800,0.17000000
2018-02-23 11:09:26,0.08547600,0.10900000
2018-02-23 11:09:26,0.08556800,0.17000000
2018-02-23 11:09:26,0.08556700,0.05400000
2018-02-23 11:09:26,0.08556700,0.01700000
2018-02-23 11:09:27,0.08556500,0.29500000
2018-02-23 11:09:27,0.08548100,0.10700000
2018-02-23 11:09:27,0.08556500,0.90800000
2018-02-23 11:09:29,0.08556400,0.10800000
2018-02-23 11:09:32,0.08556100,0.02000000
2018-02-23 11:09:32,0.08556200,0.06300000
2018-02-23 11:09:32,0.08556100,0.01200000
2018-02-23 11:09:33,0.08554600,0.05200000
2018-02-23 11:09:33,0.08554600,0.73400000
2018-02-23 11:09:33,0.08554600,0.10500000
2018-02-23 11:09:34,0.08554600,0.05700000
2018-02-23 11:09:34,0.08554600,0.04800000
2018-02-23 11:09:34,0.08555800,0.02000000
2018-02-23 11:09:34,0.08555900,0.76500000
2018-02-23 11:09:35,0.08554700,0.09500000
2018-02-23 11:09:35,0.08554700,0.05000000
2018-02-23 11:09:35,0.08554700,0.05100000
2018-02-23 11:09:36,0.08555800,0.04700000
2018-02-23 11:09:36,0.08555800,0.98900000
2018-02-23 11:09:36,0.08555800,0.18300000
2018-02-23 11:09:36,0.08555800,0.18300000
2018-02-23 11:09:36,0.08554700,0.02100000
2018-02-23 11:09:36,0.08554600,0.05100000
2018-02-23 11:09:37,0.08551700,1.74500000
2018-02-23 11:09:37,0.08551700,0.09900000
2018-02-23 11:09:37,0.08551700,0.21400000
2018-02-23 11:09:37,0.08551700,0.58100000
2018-02-23 11:09:37,0.08551700,1.21000000
2018-02-23 11:09:37,0.08551700,0.09400000
2018-02-23 11:09:37,0.08553400,0.01800000
2018-02-23 11:09:37,0.08551700,0.09800000
2018-02-23 11:09:37,0.08551100,0.01700000
2018-02-23 11:09:38,0.08551100,0.00100000
2018-02-23 11:09:38,0.08548600,0.02000000
2018-02-23 11:09:38,0.08548600,0.27000000
2018-02-23 11:09:38,0.08551700,0.01600000
2018-02-23 11:09:38,0.08551700,0.08200000
2018-02-23 11:09:38,0.08553400,0.00300000
2018-02-23 11:09:38,0.08554600,0.01200000
2018-02-23 11:09:39,0.08548800,0.15000000
2018-02-23 11:09:41,0.08548800,0.17400000
2018-02-23 11:09:41,0.08546600,0.05000000
2018-02-23 11:09:41,0.08546400,0.03000000
2018-02-23 11:09:41,0.08546400,0.02000000
2018-02-23 11:09:41,0.08546400,0.03000000
2018-02-23 11:09:41,0.08546400,0.05200000
2018-02-23 11:09:41,0.08546400,0.02000000
2018-02-23 11:09:41,0.08546400,0.24400000
2018-02-23 11:09:41,0.08546300,0.24400000
2018-02-23 11:09:41,0.08546300,0.03800000
2018-02-23 11:09:41,0.08546300,0.02000000
2018-02-23 11:09:41,0.08546300,0.72600000
2018-02-23 11:09:41,0.08546400,1.14500000
2018-02-23 11:09:41,0.08546400,0.02000000
2018-02-23 11:09:41,0.08546400,0.03800000
2018-02-23 11:09:41,0.08546400,0.12300000
2018-02-23 11:09:41,0.08546400,0.02000000
2018-02-23 11:09:41,0.08546400,0.02000000
2018-02-23 11:09:41,0.08546400,0.02000000
2018-02-23 11:09:41,0.08546400,0.02000000
2018-02-23 11:09:41,0.08546400,0.02000000
2018-02-23 11:09:41,0.08546400,0.02000000
2018-02-23 11:09:41,0.08546400,0.03000000
2018-02-23 11:09:41,0.08546400,0.30200000
2018-02-23 11:09:41,0.08546400,0.05400000
2018-02-23 11:09:42,0.08546400,1.29200000
2018-02-23 11:09:42,0.08546400,0.30000000
2018-02-23 11:09:42,0.08546400,0.13400000
2018-02-23 11:09:42,0.08546400,0.13400000
2018-02-23 11:09:43,0.08546400,0.35000000
2018-02-23 11:09:43,0.08546400,0.35000000
2018-02-23 11:09:43,0.08546400,0.35100000
2018-02-23 11:09:43,0.08546400,1.75500000
2018-02-23 11:09:43,0.08546400,0.10900000
2018-02-23 11:09:47,0.08546700,0.02000000
2018-02-23 11:09:47,0.08546600,0.02200000
2018-02-23 11:09:48,0.08550400,0.02100000
2018-02-23 11:09:49,0.08551300,0.65000000
2018-02-23 11:09:49,0.08551300,0.65000000
2018-02-23 11:09:49,0.08550300,0.80300000
2018-02-23 11:09:51,0.08550000,0.00100000
2018-02-23 11:09:51,0.08551000,0.25800000
2018-02-23 11:09:52,0.08551000,0.06600000
2018-02-23 11:09:55,0.08551000,0.10200000
2018-02-23 11:09:56,0.08547700,0.03500000
2018-02-23 11:09:56,0.08550500,0.22200000
2018-02-23 11:09:56,0.08550600,1.14400000
2018-02-23 11:09:57,0.08550600,0.02100000
2018-02-23 11:09:58,0.08551000,0.01500000
2018-02-23 11:09:58,0.08551000,0.02400000
2018-02-23 11:10:00,0.08551000,0.04000000
2018-02-23 11:10:00,0.08551000,0.03000000
2018-02-23 11:10:01,0.08551500,0.35100000
2018-02-23 11:10:01,0.08551500,0.55000000
2018-02-23 11:10:01,0.08551500,0.16300000
2018-02-23 11:10:01,0.08551500,0.54900000
2018-02-23 11:10:01,0.08551500,0.19800000
2018-02-23 11:10:01,0.08551500,0.12900000
2018-02-23 11:10:01,0.08551500,0.40200000
2018-02-23 11:10:02,0.08551500,0.15600000
2018-02-23 11:10:02,0.08551600,1.28900000
2018-02-23 11:10:02,0.08551600,0.14300000
2018-02-23 11:10:04,0.08551500,0.00100000
2018-02-23 11:10:04,0.08551500,0.03700000
2018-02-23 11:10:05,0.08551700,0.11300000
2018-02-23 11:10:05,0.08554600,0.01800000
2018-02-23 11:10:05,0.08555200,0.19400000
2018-02-23 11:10:06,0.08551600,0.34900000
2018-02-23 11:10:06,0.08551600,0.34900000
2018-02-23 11:10:06,0.08551600,0.49800000
2018-02-23 11:10:06,0.08551600,0.58300000
2018-02-23 11:10:07,0.08551600,5.38300000
2018-02-23 11:10:07,0.08551600,0.08500000
2018-02-23 11:10:07,0.08551600,0.49800000
2018-02-23 11:10:07,0.08551600,0.06000000
2018-02-23 11:10:08,0.08551600,0.15000000
2018-02-23 11:10:08,0.08551600,0.10800000
2018-02-23 11:10:08,0.08551600,0.04200000
2018-02-23 11:10:08,0.08551600,0.44200000
2018-02-23 11:10:09,0.08551600,0.17700000
2018-02-23 11:10:09,0.08551600,0.22000000
2018-02-23 11:10:09,0.08551600,0.01700000
2018-02-23 11:10:11,0.08551700,1.08100000
2018-02-23 11:10:11,0.08551700,0.38000000
2018-02-23 11:10:11,0.08551700,0.38000000
2018-02-23 11:10:11,0.08551700,1.75000000
2018-02-23 11:10:11,0.08554000,0.11000000
2018-02-23 11:10:14,0.08554000,0.58400000
2018-02-23 11:10:16,0.08551800,0.56900000
2018-02-23 11:10:16,0.08551800,0.74500000
2018-02-23 11:10:17,0.08551800,0.50600000
2018-02-23 11:10:18,0.08552000,1.17100000
2018-02-23 11:10:20,0.08552000,0.01000000
2018-02-23 11:10:20,0.08552000,1.00100000
2018-02-23 11:10:20,0.08551800,0.02000000
2018-02-23 11:10:20,0.08551500,0.04900000
2018-02-23 11:10:20,0.08554000,0.29800000
2018-02-23 11:10:20,0.08551500,0.31400000
2018-02-23 11:10:21,0.08551500,0.22900000
2018-02-23 11:10:22,0.08552000,0.01800000
2018-02-23 11:10:22,0.08552000,0.05800000
2018-02-23 11:10:23,0.08553900,0.02200000
2018-02-23 11:10:23,0.08554000,0.02200000
2018-02-23 11:10:23,0.08554900,0.22300000
2018-02-23 11:10:23,0.08551600,0.05800000
2018-02-23 11:10:24,0.08551600,0.02300000
2018-02-23 11:10:24,0.08551600,0.01800000
2018-02-23 11:10:24,0.08551600,0.01900000
2018-02-23 11:10:24,0.08551700,0.22300000
2018-02-23 11:10:24,0.08551600,0.91200000
2018-02-23 11:10:24,0.08551600,0.04400000
2018-02-23 11:10:25,0.08551600,1.21100000
2018-02-23 11:10:26,0.08551600,0.00900000
2018-02-23 11:10:26,0.08551600,0.01300000
2018-02-23 11:10:27,0.08551600,0.40000000
2018-02-23 11:10:27,0.08551600,0.39900000
2018-02-23 11:10:27,0.08551600,0.63300000
2018-02-23 11:10:30,0.08551600,0.08000000
2018-02-23 11:10:30,0.08551600,0.48900000
2018-02-23 11:10:32,0.08551600,0.05100000
2018-02-23 11:10:32,0.08551600,0.20800000
2018-02-23 11:10:34,0.08551600,1.02800000
2018-02-23 11:10:34,0.08551600,0.02000000
2018-02-23 11:10:34,0.08551600,0.02000000
2018-02-23 11:10:34,0.08551600,0.02000000
2018-02-23 11:10:35,0.08551600,0.03200000
2018-02-23 11:10:35,0.08551600,0.01800000
2018-02-23 11:10:36,0.08551500,0.55200000
2018-02-23 11:10:36,0.08551500,0.11700000
2018-02-23 11:10:36,0.08551500,1.87700000
2018-02-23 11:10:37,0.08551500,0.14500000
2018-02-23 11:10:37,0.08551500,0.04200000
2018-02-23 11:10:37,0.08551500,1.17100000
2018-02-23 11:10:38,0.08551600,0.08800000
2018-02-23 11:10:39,0.08551500,0.19200000
2018-02-23 11:10:39,0.08551500,0.01600000
2018-02-23 11:10:39,0.08551500,0.19200000
2018-02-23 11:10:42,0.08551600,0.26600000
2018-02-23 11:10:42,0.08551600,0.08700000
2018-02-23 11:10:42,0.08551600,0.26700000
2018-02-23 11:10:43,0.08551600,0.11600000
2018-02-23 11:10:43,0.08551600,0.80200000
2018-02-23 11:10:44,0.08551500,0.02500000
2018-02-23 11:10:45,0.08551500,0.02500000
2018-02-23 11:10:46,0.08551500,0.13500000
2018-02-23 11:10:46,0.08551500,0.13500000
2018-02-23 11:10:46,0.08551500,0.10500000
2018-02-23 11:10:50,0.08551500,0.02300000
2018-02-23 11:10:50,0.08551500,0.02400000
2018-02-23 11:10:50,0.08551500,0.11600000
2018-02-23 11:10:50,0.08551500,0.07800000
2018-02-23 11:10:50,0.08551500,0.23400000
2018-02-23 11:10:50,0.08551500,0.58300000
2018-02-23 11:10:51,0.08551500,0.00100000
2018-02-23 11:10:51,0.08551200,0.83600000
2018-02-23 11:10:51,0.08551200,0.06300000
2018-02-23 11:10:51,0.08551200,0.06300000
2018-02-23 11:10:51,0.08551600,0.12500000
2018-02-23 11:10:52,0.08551600,0.05100000
2018-02-23 11:10:52,0.08551600,0.08100000
2018-02-23 11:10:53,0.08551500,7.84200000
2018-02-23 11:10:56,0.08551200,0.15700000
2018-02-23 11:10:56,0.08551200,0.12900000
2018-02-23 11:10:56,0.08551500,0.26700000
2018-02-23 11:10:56,0.08551500,0.35000000
2018-02-23 11:10:57,0.08551500,0.03500000
2018-02-23 11:10:57,0.08551500,0.35000000
2018-02-23 11:10:57,0.08551200,0.03600000
2018-02-23 11:10:57,0.08551500,0.01000000
2018-02-23 11:10:57,0.08551600,0.28600000
2018-02-23 11:10:57,0.08551600,0.17800000
2018-02-23 11:10:57,0.08551500,0.08900000
2018-02-23 11:10:57,0.08551200,0.28800000
2018-02-23 11:10:58,0.08551200,0.03500000
2018-02-23 11:10:59,0.08551600,0.10100000
2018-02-23 11:10:59,0.08551200,0.30000000
2018-02-23 11:10:59,0.08551200,0.02700000
2018-02-23 11:11:04,0.08551600,0.20500000
2018-02-23 11:11:05,0.08551600,0.03900000
2018-02-23 11:11:06,0.08551300,0.01800000
2018-02-23 11:11:07,0.08551200,0.32500000
2018-02-23 11:11:07,0.08551200,0.04000000
2018-02-23 11:11:07,0.08551200,0.32900000
2018-02-23 11:11:07,0.08551200,0.32900000
2018-02-23 11:11:07,0.08551200,0.04600000
2018-02-23 11:11:08,0.08551200,0.39300000
2018-02-23 11:11:08,0.08551200,7.56700000
2018-02-23 11:11:08,0.08551200,1.74600000
2018-02-23 11:11:08,0.08551200,4.63900000
2018-02-23 11:11:08,0.08551200,2.28000000
2018-02-23 11:11:08,0.08551200,0.06500000
2018-02-23 11:11:08,0.08551200,7.59600000
2018-02-23 11:11:08,0.08551200,1.74600000
2018-02-23 11:11:09,0.08551200,1.67500000
2018-02-23 11:11:09,0.08551300,0.04400000
2018-02-23 11:11:09,0.08551200,0.00700000
2018-02-23 11:11:10,0.08551200,0.14300000
2018-02-23 11:11:13,0.08551200,0.73300000
2018-02-23 11:11:14,0.08551500,0.07200000
2018-02-23 11:11:16,0.08551200,0.09900000
2018-02-23 11:11:17,0.08551500,0.02700000
2018-02-23 11:11:18,0.08551500,0.06400000
2018-02-23 11:11:20,0.08551500,0.03200000
2018-02-23 11:11:20,0.08551200,0.00400000
2018-02-23 11:11:20,0.08551200,0.06600000
2018-02-23 11:11:20,0.08551200,0.00100000
2018-02-23 11:11:21,0.08551600,0.18900000
2018-02-23 11:11:22,0.08551500,0.09800000
2018-02-23 11:11:24,0.08551400,0.28600000
2018-02-23 11:11:24,0.08551300,0.04000000
2018-02-23 11:11:25,0.08551300,0.01900000
2018-02-23 11:11:25,0.08551200,0.21600000
2018-02-23 11:11:25,0.08551200,0.01800000
2018-02-23 11:11:26,0.08551400,0.07700000
2018-02-23 11:11:26,0.08551200,0.09900000
2018-02-23 11:11:27,0.08551200,0.00800000
2018-02-23 11:11:27,0.08551400,1.45500000
2018-02-23 11:11:27,0.08551400,1.42500000
2018-02-23 11:11:28,0.08551200,0.02000000
2018-02-23 11:11:28,0.08551200,0.02000000
2018-02-23 11:11:28,0.08551200,0.02000000
2018-02-23 11:11:28,0.08551200,0.02000000
2018-02-23 11:11:28,0.08551200,0.02000000
2018-02-23 11:11:28,0.08551200,0.02000000
2018-02-23 11:11:29,0.08551200,1.34800000
2018-02-23 11:11:29,0.08551000,0.10300000
2018-02-23 11:11:30,0.08550900,0.21700000
2018-02-23 11:11:30,0.08550900,0.04700000
2018-02-23 11:11:32,0.08548400,1.37100000
2018-02-23 11:11:32,0.08548000,0.20000000
2018-02-23 11:11:32,0.08548000,0.35000000
2018-02-23 11:11:32,0.08548000,1.07900000
2018-02-23 11:11:32,0.08547500,0.08000000
2018-02-23 11:11:32,0.08547000,0.55400000
2018-02-23 11:11:32,0.08546400,0.03000000
2018-02-23 11:11:32,0.08546300,0.08400000
2018-02-23 11:11:32,0.08546200,0.04600000
2018-02-23 11:11:32,0.08545000,0.24000000
2018-02-23 11:11:33,0.08550600,0.22300000
2018-02-23 11:11:33,0.08550700,0.14800000
2018-02-23 11:11:33,0.08550800,0.49200000
2018-02-23 11:11:33,0.08550700,0.14400000
2018-02-23 11:11:35,0.08550600,0.02900000
2018-02-23 11:11:36,0.08550400,0.09400000
2018-02-23 11:11:37,0.08550200,0.09600000
2018-02-23 11:11:41,0.08549800,0.06400000
2018-02-23 11:11:42,0.08546200,0.09300000
2018-02-23 11:11:42,0.08546100,0.39300000
2018-02-23 11:11:42,0.08546100,0.05800000
2018-02-23 11:11:42,0.08546100,0.13600000
2018-02-23 11:11:43,0.08549700,0.28900000
2018-02-23 11:11:43,0.08549800,0.73000000
2018-02-23 11:11:44,0.08546100,0.03300000
2018-02-23 11:11:44,0.08549500,0.00100000
2018-02-23 11:11:47,0.08549400,0.14400000
2018-02-23 11:11:47,0.08549400,0.04300000
2018-02-23 11:11:48,0.08549300,0.11700000
2018-02-23 11:11:48,0.08549300,0.01600000
2018-02-23 11:11:48,0.08549400,0.11700000
2018-02-23 11:11:50,0.08549200,0.09300000
2018-02-23 11:11:50,0.08549300,1.58800000
2018-02-23 11:11:50,0.08546300,0.00100000
2018-02-23 11:11:51,0.08549400,0.58400000
2018-02-23 11:11:51,0.08549400,0.12600000
2018-02-23 11:11:52,0.08546600,0.12600000
2018-02-23 11:11:52,0.08546500,0.09000000
2018-02-23 11:11:52,0.08546600,0.09000000
2018-02-23 11:11:52,0.08549400,0.01000000
2018-02-23 11:11:52,0.08546500,0.11700000
2018-02-23 11:11:52,0.08546900,0.09000000
2018-02-23 11:11:53,0.08546500,0.19700000
2018-02-23 11:11:53,0.08545100,1.23200000
2018-02-23 11:11:54,0.08546600,0.02700000
2018-02-23 11:11:54,0.08546600,0.09000000
2018-02-23 11:11:54,0.08549300,1.91100000
2018-02-23 11:11:55,0.08547200,0.04000000
2018-02-23 11:11:55,0.08549200,1.23200000
2018-02-23 11:11:59,0.08549400,0.25400000
2018-02-23 11:11:59,0.08550000,0.30800000
2018-02-23 11:11:59,0.08550400,0.20000000
2018-02-23 11:12:00,0.08549400,0.00600000
2018-02-23 11:12:00,0.08550300,0.04700000
2018-02-23 11:12:00,0.08549400,0.10100000
2018-02-23 11:12:02,0.08549400,0.07000000
2018-02-23 11:12:02,0.08547200,0.03200000
2018-02-23 11:12:02,0.08550300,0.94400000
2018-02-23 11:12:02,0.08550300,0.24000000
2018-02-23 11:12:02,0.08547200,0.00800000
2018-02-23 11:12:02,0.08546600,0.00200000
2018-02-23 11:12:03,0.08550200,0.02000000
2018-02-23 11:12:03,0.08550200,0.19900000
2018-02-23 11:12:03,0.08550200,0.23100000
2018-02-23 11:12:03,0.08550300,4.13900000
2018-02-23 11:12:03,0.08550700,10.62400000
2018-02-23 11:12:03,0.08550800,0.03000000
2018-02-23 11:12:03,0.08550900,1.00000000
2018-02-23 11:12:03,0.08551200,0.04200000
2018-02-23 11:12:03,0.08551400,4.76300000
2018-02-23 11:12:03,0.08551500,2.32100000
2018-02-23 11:12:04,0.08550600,0.23000000
2018-02-23 11:12:04,0.08550600,0.03000000
2018-02-23 11:12:04,0.08550600,0.27400000
2018-02-23 11:12:05,0.08550600,0.15000000
2018-02-23 11:12:06,0.08550200,0.10600000
2018-02-23 11:12:06,0.08550600,0.04400000
2018-02-23 11:12:06,0.08550500,0.10000000
2018-02-23 11:12:07,0.08550500,0.06800000
2018-02-23 11:12:08,0.08550600,0.03000000
2018-02-23 11:12:09,0.08550600,0.10000000
2018-02-23 11:12:10,0.08550600,0.10000000
2018-02-23 11:12:10,0.08550600,0.95000000
2018-02-23 11:12:10,0.08551500,0.10000000
2018-02-23 11:12:11,0.08551500,0.11300000
2018-02-23 11:12:11,0.08550300,0.11600000
2018-02-23 11:12:11,0.08547500,0.46700000
2018-02-23 11:12:12,0.08551500,0.10000000
2018-02-23 11:12:12,0.08551400,0.11500000
2018-02-23 11:12:12,0.08551400,0.52200000
2018-02-23 11:12:13,0.08551400,0.11500000
2018-02-23 11:12:15,0.08551400,0.03000000
2018-02-23 11:12:15,0.08551400,0.58200000
2018-02-23 11:12:16,0.08550800,1.04100000
2018-02-23 11:12:18,0.08550800,0.22400000
2018-02-23 11:12:18,0.08550800,0.01800000
2018-02-23 11:12:18,0.08550800,0.24900000
2018-02-23 11:12:18,0.08551400,0.04400000
2018-02-23 11:12:19,0.08550800,0.08900000
2018-02-23 11:12:19,0.08550800,0.09000000
2018-02-23 11:12:19,0.08551400,0.01200000
2018-02-23 11:12:20,0.08551400,0.03000000
2018-02-23 11:12:21,0.08550800,0.12800000
2018-02-23 11:12:22,0.08550800,0.25000000
2018-02-23 11:12:23,0.08550700,0.01200000
2018-02-23 11:12:23,0.08550700,0.01200000
2018-02-23 11:12:24,0.08550800,0.05900000
2018-02-23 11:12:24,0.08550800,0.06100000
2018-02-23 11:12:24,0.08551400,0.06100000
2018-02-23 11:12:24,0.08551400,0.03600000
2018-02-23 11:12:24,0.08551400,0.58200000
2018-02-23 11:12:24,0.08551400,0.12100000
2018-02-23 11:12:24,0.08551400,2.35500000
2018-02-23 11:12:24,0.08551400,0.06500000
2018-02-23 11:12:24,0.08551400,1.67900000
2018-02-23 11:12:24,0.08551500,0.33500000
2018-02-23 11:12:24,0.08551700,0.34100000
2018-02-23 11:12:24,0.08551700,0.51600000
2018-02-23 11:12:24,0.08551700,0.03000000
2018-02-23 11:12:24,0.08551700,0.04000000
2018-02-23 11:12:25,0.08550800,0.06100000
2018-02-23 11:12:25,0.08550700,0.01500000
2018-02-23 11:12:25,0.08551700,1.74700000
2018-02-23 11:12:25,0.08550700,0.02100000
2018-02-23 11:12:25,0.08550700,0.04100000
2018-02-23 11:12:26,0.08551600,0.06000000
2018-02-23 11:12:26,0.08551400,0.06900000
2018-02-23 11:12:26,0.08551600,0.10000000
2018-02-23 11:12:27,0.08551600,0.99400000
2018-02-23 11:12:27,0.08550700,0.43500000
2018-02-23 11:12:27,0.08550700,0.37700000
2018-02-23 11:12:29,0.08550700,0.93100000
2018-02-23 11:12:31,0.08551600,1.04700000
2018-02-23 11:12:32,0.08551600,0.00500000
2018-02-23 11:12:32,0.08550700,0.05600000
2018-02-23 11:12:32,0.08550700,0.05400000
2018-02-23 11:12:32,0.08550700,0.03400000
2018-02-23 11:12:32,0.08551600,0.09100000
2018-02-23 11:12:32,0.08551600,1.34400000
2018-02-23 11:12:33,0.08551600,2.13000000
2018-02-23 11:12:34,0.08550300,0.01900000
2018-02-23 11:12:34,0.08551400,0.46500000
2018-02-23 11:12:36,0.08550600,0.13200000
2018-02-23 11:12:36,0.08550600,0.20000000
2018-02-23 11:12:36,0.08550600,0.25000000
2018-02-23 11:12:40,0.08550700,0.11000000
2018-02-23 11:12:40,0.08554000,0.17400000
2018-02-23 11:12:40,0.08554000,0.00100000
2018-02-23 11:12:40,0.08554000,0.17400000
2018-02-23 11:12:41,0.08551400,0.14100000
2018-02-23 11:12:41,0.08550700,0.21300000
2018-02-23 11:12:43,0.08551600,0.00800000
2018-02-23 11:12:43,0.08551600,0.00100000
2018-02-23 11:12:45,0.08551600,0.04000000
2018-02-23 11:12:45,0.08551700,0.12000000
2018-02-23 11:12:45,0.08551600,0.11400000
2018-02-23 11:12:45,0.08551700,0.12000000
2018-02-23 11:12:45,0.08551600,1.02100000
2018-02-23 11:12:46,0.08551700,0.09300000
2018-02-23 11:12:46,0.08551700,0.02700000
2018-02-23 11:12:46,0.08551600,1.05000000
2018-02-23 11:12:46,0.08551500,0.25300000
2018-02-23 11:12:46,0.08551700,0.12000000
2018-02-23 11:12:46,0.08551600,0.02000000
2018-02-23 11:12:46,0.08551600,0.01500000
2018-02-23 11:12:46,0.08551700,0.10500000
2018-02-23 11:12:46,0.08553700,0.02200000
2018-02-23 11:12:47,0.08551700,0.01700000
2018-02-23 11:12:47,0.08551700,0.01700000
2018-02-23 11:12:48,0.08552800,0.01800000
2018-02-23 11:12:48,0.08553700,0.23000000
2018-02-23 11:12:49,0.08553700,0.01600000
2018-02-23 11:12:49,0.08551700,0.08600000
2018-02-23 11:12:49,0.08551700,0.12000000
2018-02-23 11:12:49,0.08553700,0.13600000
2018-02-23 11:12:50,0.08551700,0.10000000
2018-02-23 11:12:50,0.08551500,0.13100000
2018-02-23 11:12:52,0.08551500,0.18800000
2018-02-23 11:12:53,0.08553700,2.25400000
2018-02-23 11:12:53,0.08559300,0.35300000
2018-02-23 11:12:53,0.08559400,0.05000000
2018-02-23 11:12:53,0.08560000,0.59500000
2018-02-23 11:12:53,0.08560100,0.35300000
2018-02-23 11:12:53,0.08560600,4.02400000
2018-02-23 11:12:53,0.08560700,0.40000000
2018-02-23 11:12:53,0.08560800,1.20000000
2018-02-23 11:12:53,0.08562700,0.40000000
2018-02-23 11:12:53,0.08563200,0.62000000
2018-02-23 11:12:53,0.08563300,0.05600000
2018-02-23 11:12:53,0.08563800,0.02100000
2018-02-23 11:12:53,0.08564300,0.04500000
2018-02-23 11:12:53,0.08565700,4.01100000
2018-02-23 11:12:53,0.08565700,0.03000000
2018-02-23 11:12:53,0.08565700,0.02000000
2018-02-23 11:12:53,0.08565700,0.03000000
2018-02-23 11:12:53,0.08565700,0.16900000
2018-02-23 11:12:53,0.08565700,0.15500000
2018-02-23 11:12:53,0.08565700,0.03300000
2018-02-23 11:12:53,0.08565700,0.03300000
2018-02-23 11:12:53,0.08565700,0.09500000
2018-02-23 11:12:53,0.08565700,0.03300000
2018-02-23 11:12:53,0.08565700,1.25200000
2018-02-23 11:12:53,0.08565700,0.11400000
2018-02-23 11:12:53,0.08565700,0.03400000
2018-02-23 11:12:53,0.08565700,1.90200000
2018-02-23 11:12:53,0.08565700,0.03700000
2018-02-23 11:12:53,0.08565700,0.08800000
2018-02-23 11:12:54,0.08565700,0.23300000
2018-02-23 11:12:54,0.08565700,0.82400000
2018-02-23 11:12:54,0.08565700,0.17100000
2018-02-23 11:12:54,0.08565700,0.39200000
2018-02-23 11:12:54,0.08565700,0.02600000
2018-02-23 11:12:54,0.08565700,0.01800000
2018-02-23 11:12:54,0.08565700,0.15000000
2018-02-23 11:12:54,0.08565700,0.03400000
2018-02-23 11:12:54,0.08565800,0.05500000
2018-02-23 11:12:54,0.08565700,0.05800000
2018-02-23 11:12:54,0.08565800,0.05400000
2018-02-23 11:12:54,0.08565700,0.14600000
2018-02-23 11:12:54,0.08565700,0.04500000
2018-02-23 11:12:54,0.08565700,0.36100000
2018-02-23 11:12:54,0.08565700,0.12500000
2018-02-23 11:12:54,0.08565700,0.67300000
2018-02-23 11:12:54,0.08565700,0.23200000
2018-02-23 11:12:54,0.08565800,0.32400000
2018-02-23 11:12:55,0.08565700,0.40000000
2018-02-23 11:12:55,0.08565700,0.34100000
2018-02-23 11:12:55,0.08565700,0.07200000
2018-02-23 11:12:55,0.08565700,0.12100000
2018-02-23 11:12:55,0.08565700,0.12200000
2018-02-23 11:12:55,0.08565700,0.22000000
2018-02-23 11:12:55,0.08565700,0.12200000
2018-02-23 11:12:55,0.08565700,0.40000000
2018-02-23 11:12:57,0.08565700,0.13400000
2018-02-23 11:12:58,0.08565700,0.50000000
2018-02-23 11:12:58,0.08565700,0.52300000
2018-02-23 11:12:59,0.08565800,0.06400000
2018-02-23 11:12:59,0.08566500,0.01700000
2018-02-23 11:12:59,0.08565700,0.58500000
2018-02-23 11:13:00,0.08565700,0.16800000
2018-02-23 11:13:00,0.08565700,0.16900000
2018-02-23 11:13:00,0.08566500,0.12100000
2018-02-23 11:13:00,0.08566500,0.13800000
2018-02-23 11:13:01,0.08566500,0.12100000
2018-02-23 11:13:01,0.08565700,0.75900000
2018-02-23 11:13:01,0.08565700,0.06800000
2018-02-23 11:13:01,0.08565700,0.06900000
2018-02-23 11:13:01,0.08565700,0.06900000
2018-02-23 11:13:02,0.08565700,0.58500000
2018-02-23 11:13:02,0.08565700,0.02900000
2018-02-23 11:13:02,0.08565700,0.02700000
2018-02-23 11:13:03,0.08565700,2.03300000
2018-02-23 11:13:03,0.08565700,3.28000000
2018-02-23 11:13:03,0.08565700,0.22700000
2018-02-23 11:13:03,0.08565700,0.02700000
2018-02-23 11:13:04,0.08565700,0.07400000
2018-02-23 11:13:04,0.08565700,0.07500000
2018-02-23 11:13:04,0.08565700,0.69600000
2018-02-23 11:13:04,0.08554300,4.00000000
2018-02-23 11:13:04,0.08554200,1.68800000
2018-02-23 11:13:04,0.08554200,0.11700000
2018-02-23 11:13:06,0.08555000,0.07200000
2018-02-23 11:13:07,0.08565500,0.01200000
2018-02-23 11:13:07,0.08555100,0.10300000
2018-02-23 11:13:07,0.08565000,0.01400000
2018-02-23 11:13:08,0.08557800,0.11400000
2018-02-23 11:13:08,0.08557800,0.11100000
2018-02-23 11:13:08,0.08557800,0.17500000
2018-02-23 11:13:08,0.08564900,0.64000000
2018-02-23 11:13:08,0.08565000,0.08600000
2018-02-23 11:13:08,0.08565300,0.08100000
2018-02-23 11:13:08,0.08565300,0.11200000
2018-02-23 11:13:08,0.08565300,1.74800000
2018-02-23 11:13:08,0.08565500,0.15000000
2018-02-23 11:13:08,0.08565700,0.02400000
2018-02-23 11:13:08,0.08565700,0.25700000
2018-02-23 11:13:08,0.08566800,0.08900000
2018-02-23 11:13:08,0.08567000,1.00000000
2018-02-23 11:13:08,0.08568000,0.33000000
2018-02-23 11:13:08,0.08568000,0.17400000
2018-02-23 11:13:08,0.08557800,0.11100000
2018-02-23 11:13:08,0.08555400,0.00600000
2018-02-23 11:13:08,0.08564800,0.15000000
2018-02-23 11:13:08,0.08564800,0.24600000
2018-02-23 11:13:08,0.08564800,0.24600000
2018-02-23 11:13:08,0.08564800,0.24600000
2018-02-23 11:13:08,0.08564800,0.24600000
2018-02-23 11:13:08,0.08564800,2.86600000
2018-02-23 11:13:08,0.08568000,0.29700000
2018-02-23 11:13:08,0.08568200,0.09000000
2018-02-23 11:13:08,0.08568800,0.02200000
2018-02-23 11:13:08,0.08569200,0.01600000
2018-02-23 11:13:08,0.08570000,0.78500000
2018-02-23 11:13:08,0.08570000,0.72700000
2018-02-23 11:13:08,0.08570000,2.41900000
2018-02-23 11:13:08,0.08570000,0.15100000
2018-02-23 11:13:08,0.08562100,0.03700000
2018-02-23 11:13:08,0.08562100,0.07000000
2018-02-23 11:13:08,0.08562100,0.16100000
2018-02-23 11:13:08,0.08555400,0.23900000
2018-02-23 11:13:09,0.08564800,0.10500000
2018-02-23 11:13:09,0.08564800,0.11100000
2018-02-23 11:13:09,0.08564800,0.15000000
2018-02-23 11:13:09,0.08555600,0.24000000
2018-02-23 11:13:09,0.08557800,0.11100000
2018-02-23 11:13:09,0.08555600,0.21000000
2018-02-23 11:13:09,0.08555800,0.30900000
2018-02-23 11:13:09,0.08564800,0.17300000
2018-02-23 11:13:09,0.08564800,0.10500000
2018-02-23 11:13:09,0.08564800,0.15900000
2018-02-23 11:13:09,0.08564800,0.02300000
2018-02-23 11:13:10,0.08564700,0.05000000
2018-02-23 11:13:10,0.08564800,0.24900000
2018-02-23 11:13:11,0.08557800,0.17400000
2018-02-23 11:13:11,0.08557800,0.06400000
2018-02-23 11:13:11,0.08557800,0.16200000
2018-02-23 11:13:11,0.08556400,0.09900000
2018-02-23 11:13:11,0.08556300,0.12100000
2018-02-23 11:13:11,0.08556300,0.41000000
2018-02-23 11:13:11,0.08556300,0.40000000
2018-02-23 11:13:12,0.08556300,0.11700000
2018-02-23 11:13:12,0.08556300,0.40000000
2018-02-23 11:13:12,0.08557800,0.13400000
2018-02-23 11:13:13,0.08557800,0.00100000
2018-02-23 11:13:15,0.08557900,0.40000000
2018-02-23 11:13:16,0.08563800,0.12000000
2018-02-23 11:13:16,0.08563900,0.58100000
2018-02-23 11:13:17,0.08558100,0.02900000
2018-02-23 11:13:17,0.08558100,0.05400000
2018-02-23 11:13:17,0.08563700,0.10000000
2018-02-23 11:13:18,0.08558600,0.49100000
2018-02-23 11:13:21,0.08559200,0.11800000
2018-02-23 11:13:21,0.08559200,0.16700000
2018-02-23 11:13:22,0.08559500,0.01800000
2018-02-23 11:13:22,0.08559200,0.03200000
2018-02-23 11:13:23,0.08562900,0.02700000
2018-02-23 11:13:24,0.08559600,0.40000000
2018-02-23 11:13:26,0.08559700,0.04600000
2018-02-23 11:13:26,0.08559800,0.04600000
2018-02-23 11:13:26,0.08559800,1.70100000
2018-02-23 11:13:26,0.08559700,1.61100000
2018-02-23 11:13:27,0.08559700,0.02000000
2018-02-23 11:13:27,0.08559800,0.00300000
2018-02-23 11:13:28,0.08559700,0.58400000
2018-02-23 11:13:28,0.08559700,0.11900000
2018-02-23 11:13:28,0.08559600,0.11400000
2018-02-23 11:13:29,0.08559100,0.03000000
2018-02-23 11:13:29,0.08559800,0.04200000
2018-02-23 11:13:29,0.08562700,0.29700000
2018-02-23 11:13:29,0.08562700,0.40000000
2018-02-23 11:13:30,0.08562700,0.58400000
2018-02-23 11:13:31,0.08562800,0.11600000
2018-02-23 11:13:31,0.08562700,0.15000000
2018-02-23 11:13:31,0.08562700,0.04600000
2018-02-23 11:13:31,0.08562700,0.58400000
2018-02-23 11:13:32,0.08562700,0.04600000
2018-02-23 11:13:32,0.08562700,0.37700000
2018-02-23 11:13:32,0.08562700,1.71900000
2018-02-23 11:13:32,0.08562700,1.71900000
2018-02-23 11:13:33,0.08562700,0.04600000
2018-02-23 11:13:34,0.08562700,0.06200000
2018-02-23 11:13:34,0.08562700,0.04600000
2018-02-23 11:13:35,0.08562700,0.02800000
2018-02-23 11:13:35,0.08562700,0.40000000
2018-02-23 11:13:35,0.08562700,0.01200000
2018-02-23 11:13:36,0.08562700,0.17100000
2018-02-23 11:13:37,0.08562800,0.21400000
2018-02-23 11:13:37,0.08562700,0.12400000
2018-02-23 11:13:38,0.08562700,0.04600000
2018-02-23 11:13:39,0.08562800,0.00500000
2018-02-23 11:13:40,0.08562800,4.23200000
2018-02-23 11:13:40,0.08562700,0.20400000
2018-02-23 11:13:40,0.08562700,1.16400000
2018-02-23 11:13:40,0.08562700,3.17600000
2018-02-23 11:13:42,0.08562700,0.40000000
2018-02-23 11:13:43,0.08562700,0.18000000
2018-02-23 11:13:44,0.08562700,0.11700000
2018-02-23 11:13:44,0.08562700,0.77000000
2018-02-23 11:13:46,0.08562700,0.28000000
2018-02-23 11:13:46,0.08562700,2.26800000
2018-02-23 11:13:46,0.08559800,5.86600000
2018-02-23 11:13:46,0.08559800,5.38000000
2018-02-23 11:13:46,0.08558800,0.37300000
2018-02-23 11:13:46,0.08554800,0.02700000
2018-02-23 11:13:46,0.08559800,0.22500000
2018-02-23 11:13:49,0.08557900,0.21600000
2018-02-23 11:13:50,0.08557900,0.10800000
2018-02-23 11:13:50,0.08558000,0.12800000
2018-02-23 11:13:51,0.08558000,0.12500000
2018-02-23 11:13:51,0.08558000,0.04700000
2018-02-23 11:13:51,0.08558400,0.12300000
2018-02-23 11:13:51,0.08558400,0.05800000
2018-02-23 11:13:51,0.08558400,0.05700000
2018-02-23 11:13:51,0.08558400,1.21300000
2018-02-23 11:13:51,0.08558400,0.05800000
2018-02-23 11:13:51,0.08558400,0.01300000
2018-02-23 11:13:51,0.08558400,0.22500000
2018-02-23 11:13:51,0.08558500,0.28800000
2018-02-23 11:13:51,0.08558400,0.11600000
2018-02-23 11:13:51,0.08558500,0.11700000
2018-02-23 11:13:52,0.08558400,0.10800000
2018-02-23 11:13:52,0.08558000,0.41600000
2018-02-23 11:13:52,0.08557600,0.07400000
2018-02-23 11:13:52,0.08557800,2.68600000
2018-02-23 11:13:52,0.08558500,4.72500000
2018-02-23 11:13:52,0.08559800,0.26100000
2018-02-23 11:13:52,0.08562700,1.04600000
2018-02-23 11:13:52,0.08562800,0.17500000
2018-02-23 11:13:52,0.08562900,0.14400000
2018-02-23 11:13:52,0.08566700,0.33200000
2018-02-23 11:13:52,0.08567300,0.05000000
2018-02-23 11:13:52,0.08569900,1.27200000
2018-02-23 11:13:52,0.08570000,2.42200000
2018-02-23 11:13:52,0.08570100,0.23600000
2018-02-23 11:13:54,0.08556000,0.09200000
2018-02-23 11:13:55,0.08566900,0.17000000
2018-02-23 11:13:55,0.08567000,0.54200000
2018-02-23 11:13:57,0.08562700,0.08200000
2018-02-23 11:13:58,0.08562800,0.32400000
2018-02-23 11:13:58,0.08562700,0.32500000
2018-02-23 11:13:58,0.08562700,0.32400000
2018-02-23 11:13:58,0.08562700,0.32400000
2018-02-23 11:13:58,0.08562700,0.32400000
2018-02-23 11:13:58,0.08562700,0.05400000
2018-02-23 11:13:58,0.08562700,1.89900000
2018-02-23 11:13:59,0.08557100,0.23600000
2018-02-23 11:13:59,0.08557100,0.99700000
2018-02-23 11:14:01,0.08557500,0.04800000
2018-02-23 11:14:01,0.08557500,0.41000000
2018-02-23 11:14:01,0.08557500,1.12100000
2018-02-23 11:14:02,0.08557900,0.58100000
2018-02-23 11:14:02,0.08557900,0.02100000
2018-02-23 11:14:02,0.08557900,0.17300000
2018-02-23 11:14:03,0.08558000,0.02000000
2018-02-23 11:14:03,0.08558100,3.20500000
2018-02-23 11:14:03,0.08558100,0.01800000
2018-02-23 11:14:04,0.08557900,0.13200000
2018-02-23 11:14:04,0.08557900,0.08400000
2018-02-23 11:14:06,0.08558000,0.05200000
2018-02-23 11:14:06,0.08560800,0.25100000
2018-02-23 11:14:07,0.08560700,0.32400000
2018-02-23 11:14:07,0.08560800,0.52400000
2018-02-23 11:14:07,0.08560900,0.31300000
2018-02-23 11:14:07,0.08560900,0.03500000
2018-02-23 11:14:07,0.08558000,0.12800000
2018-02-23 11:14:07,0.08557700,0.93500000
2018-02-23 11:14:08,0.08560800,0.67000000
2018-02-23 11:14:08,0.08560800,2.85200000
2018-02-23 11:14:08,0.08560900,0.02000000
2018-02-23 11:14:10,0.08558300,0.02100000
2018-02-23 11:14:10,0.08558300,0.23500000
2018-02-23 11:14:11,0.08561000,0.10000000
2018-02-23 11:14:11,0.08561800,1.42000000
2018-02-23 11:14:11,0.08562800,0.03600000
2018-02-23 11:14:12,0.08561600,0.06600000
2018-02-23 11:14:14,0.08558400,0.02900000
2018-02-23 11:14:17,0.08558400,0.01200000
2018-02-23 11:14:18,0.08558400,0.06100000
2018-02-23 11:14:20,0.08561400,0.11700000
2018-02-23 11:14:21,0.08561400,0.11800000
2018-02-23 11:14:21,0.08558400,0.42600000
2018-02-23 11:14:22,0.08558400,0.00100000
2018-02-23 11:14:26,0.08558400,0.00100000
2018-02-23 11:14:28,0.08559700,0.46300000
2018-02-23 11:14:29,0.08559700,0.30000000
2018-02-23 11:14:29,0.08559700,0.07200000
2018-02-23 11:14:29,0.08559700,0.10000000
2018-02-23 11:14:29,0.08559900,0.04000000
2018-02-23 11:14:29,0.08560800,0.37100000
2018-02-23 11:14:29,0.08558500,1.03600000
2018-02-23 11:14:31,0.08558500,0.35500000
2018-02-23 11:14:31,0.08560800,0.04800000
2018-02-23 11:14:31,0.08560800,0.11600000
2018-02-23 11:14:32,0.08558500,1.55900000
2018-02-23 11:14:33,0.08558500,0.38200000
2018-02-23 11:14:33,0.08558500,0.05600000
2018-02-23 11:14:34,0.08560500,0.22600000
2018-02-23 11:14:36,0.08558500,0.47000000
2018-02-23 11:14:37,0.08560500,0.00100000
2018-02-23 11:14:37,0.08560800,0.11500000
2018-02-23 11:14:38,0.08560800,1.21700000
2018-02-23 11:14:39,0.08560800,0.09100000
2018-02-23 11:14:39,0.08560800,0.05500000
2018-02-23 11:14:40,0.08560900,0.05300000
2018-02-23 11:14:41,0.08560500,0.02400000
2018-02-23 11:14:42,0.08560500,0.02400000
2018-02-23 11:14:42,0.08560500,0.19700000
2018-02-23 11:14:43,0.08560800,0.01800000
2018-02-23 11:14:44,0.08560800,0.10700000
2018-02-23 11:14:44,0.08560500,0.23600000
2018-02-23 11:14:44,0.08560500,0.50000000
2018-02-23 11:14:45,0.08560500,0.93300000
2018-02-23 11:14:49,0.08560500,0.07000000
2018-02-23 11:14:55,0.08560500,0.30300000
2018-02-23 11:14:56,0.08560800,0.03700000
2018-02-23 11:14:57,0.08560800,0.00100000
2018-02-23 11:14:57,0.08560500,0.08400000
2018-02-23 11:14:58,0.08560500,0.09600000
2018-02-23 11:14:58,0.08560500,0.03000000
2018-02-23 11:15:00,0.08560800,0.68000000
2018-02-23 11:15:01,0.08560500,0.13900000
2018-02-23 11:15:01,0.08560500,0.13900000
2018-02-23 11:15:01,0.08560500,0.14000000
2018-02-23 11:15:01,0.08560800,0.15900000
2018-02-23 11:15:01,0.08560500,0.14000000
2018-02-23 11:15:02,0.08560500,0.00100000
2018-02-23 11:15:03,0.08560900,0.13400000
2018-02-23 11:15:03,0.08560500,0.02100000
2018-02-23 11:15:03,0.08560500,0.31200000
2018-02-23 11:15:04,0.08560500,0.00400000
2018-02-23 11:15:04,0.08560500,0.04600000
2018-02-23 11:15:05,0.08560900,0.25100000
2018-02-23 11:15:06,0.08560500,0.02000000
2018-02-23 11:15:07,0.08560500,0.16400000
2018-02-23 11:15:07,0.08560500,0.12900000
2018-02-23 11:15:07,0.08558900,0.06300000
2018-02-23 11:15:07,0.08558900,0.00100000
2018-02-23 11:15:08,0.08560500,0.24300000
2018-02-23 11:15:08,0.08560900,0.72900000
2018-02-23 11:15:08,0.08560900,3.60400000
2018-02-23 11:15:08,0.08560500,0.04600000
2018-02-23 11:15:08,0.08558900,0.09100000
2018-02-23 11:15:09,0.08560900,0.36100000
2018-02-23 11:15:09,0.08560900,0.05700000
2018-02-23 11:15:09,0.08560900,0.05800000
2018-02-23 11:15:10,0.08560900,0.03300000
2018-02-23 11:15:11,0.08558900,0.03300000
2018-02-23 11:15:11,0.08560900,0.20500000
2018-02-23 11:15:11,0.08560900,0.03700000
2018-02-23 11:15:13,0.08560500,0.01700000
2018-02-23 11:15:13,0.08559000,0.43800000
2018-02-23 11:15:13,0.08558900,0.00800000
2018-02-23 11:15:13,0.08558900,1.15500000
2018-02-23 11:15:15,0.08560500,0.81800000
2018-02-23 11:15:15,0.08560500,0.97500000
2018-02-23 11:15:16,0.08560900,0.34000000
2018-02-23 11:15:16,0.08560900,0.34100000
2018-02-23 11:15:19,0.08560900,0.11900000
2018-02-23 11:15:19,0.08560900,0.11800000
2018-02-23 11:15:19,0.08560900,0.11800000
2018-02-23 11:15:20,0.08560800,0.19600000
2018-02-23 11:15:21,0.08560900,0.01800000
2018-02-23 11:15:22,0.08560800,0.07200000
2018-02-23 11:15:24,0.08560900,0.58200000
2018-02-23 11:15:24,0.08560900,0.02800000
2018-02-23 11:15:25,0.08560900,0.54400000
2018-02-23 11:15:25,0.08560900,0.04000000
2018-02-23 11:15:25,0.08560900,0.03900000
2018-02-23 11:15:26,0.08560900,0.03700000
2018-02-23 11:15:26,0.08560800,0.00300000
2018-02-23 11:15:26,0.08560600,0.10200000
2018-02-23 11:15:27,0.08560900,0.23800000
2018-02-23 11:15:27,0.08560900,0.24000000
2018-02-23 11:15:27,0.08560900,0.03000000
2018-02-23 11:15:27,0.08560600,0.01700000
2018-02-23 11:15:27,0.08560600,0.24600000
2018-02-23 11:15:27,0.08560900,0.53600000
2018-02-23 11:15:27,0.08560900,0.15300000
2018-02-23 11:15:28,0.08560600,0.10200000
2018-02-23 11:15:28,0.08560600,0.99700000
2018-02-23 11:15:28,0.08560600,0.23900000
2018-02-23 11:15:28,0.08560500,0.76000000
2018-02-23 11:15:28,0.08560500,0.23900000
2018-02-23 11:15:28,0.08560500,0.39300000
2018-02-23 11:15:29,0.08560500,0.96300000
2018-02-23 11:15:29,0.08560500,0.74600000
2018-02-23 11:15:29,0.08560500,0.01800000
2018-02-23 11:15:30,0.08560500,0.20600000
2018-02-23 11:15:31,0.08560900,0.01800000
2018-02-23 11:15:32,0.08560500,0.03400000
2018-02-23 11:15:32,0.08560900,0.40400000
2018-02-23 11:15:32,0.08560900,0.39900000
2018-02-23 11:15:35,0.08560500,0.44700000
2018-02-23 11:15:35,0.08560500,0.44800000
2018-02-23 11:15:36,0.08560500,0.50300000
2018-02-23 11:15:37,0.08560500,0.11700000
2018-02-23 11:15:37,0.08560900,0.54600000
2018-02-23 11:15:37,0.08560500,3.38900000
2018-02-23 11:15:37,0.08560500,0.49900000
2018-02-23 11:15:37,0.08560900,0.15000000
2018-02-23 11:15:38,0.08560500,0.02600000
2018-02-23 11:15:38,0.08560500,0.46700000
2018-02-23 11:15:38,0.08560800,0.80100000
2018-02-23 11:15:38,0.08560800,0.37600000
2018-02-23 11:15:38,0.08560900,2.17400000
2018-02-23 11:15:38,0.08560900,1.21200000
2018-02-23 11:15:39,0.08560900,0.11600000
2018-02-23 11:15:39,0.08560500,0.00800000
2018-02-23 11:15:39,0.08560900,0.01600000
2018-02-23 11:15:39,0.08560800,0.01800000
2018-02-23 11:15:39,0.08560500,4.90200000
2018-02-23 11:15:41,0.08560500,4.92000000
2018-02-23 11:15:41,0.08560900,0.03700000
2018-02-23 11:15:43,0.08560900,6.65000000
2018-02-23 11:15:44,0.08560900,0.11600000
2018-02-23 11:15:44,0.08560800,0.80000000
2018-02-23 11:15:44,0.08560500,0.25600000
2018-02-23 11:15:44,0.08560500,0.25700000
2018-02-23 11:15:44,0.08560500,1.68100000
2018-02-23 11:15:45,0.08560800,0.02300000
2018-02-23 11:15:46,0.08560800,0.07700000
2018-02-23 11:15:48,0.08560800,0.12600000
2018-02-23 11:15:50,0.08560800,0.26600000
2018-02-23 11:15:50,0.08560500,0.05700000
2018-02-23 11:15:51,0.08560500,0.69000000
2018-02-23 11:15:52,0.08560800,0.10400000
2018-02-23 11:15:54,0.08560500,2.37500000
2018-02-23 11:15:54,0.08560000,0.07200000
2018-02-23 11:15:54,0.08559900,1.09900000
2018-02-23 11:15:56,0.08559900,0.80200000
2018-02-23 11:15:57,0.08559900,0.09000000
2018-02-23 11:15:58,0.08559900,0.14600000
2018-02-23 11:16:04,0.08560700,0.24700000
2018-02-23 11:16:04,0.08559900,0.14200000
2018-02-23 11:16:04,0.08559900,0.04700000
2018-02-23 11:16:07,0.08559900,0.11000000
2018-02-23 11:16:07,0.08559900,0.02300000
2018-02-23 11:16:08,0.08559900,0.58100000
2018-02-23 11:16:09,0.08559900,0.43100000
2018-02-23 11:16:09,0.08559900,0.43100000
2018-02-23 11:16:09,0.08559900,0.43100000
2018-02-23 11:16:09,0.08559900,0.43100000
2018-02-23 11:16:09,0.08559900,0.34900000
2018-02-23 11:16:09,0.08559900,0.34900000
2018-02-23 11:16:09,0.08559900,0.62500000
2018-02-23 11:16:09,0.08559900,2.18300000
2018-02-23 11:16:09,0.08559800,3.21700000
2018-02-23 11:16:09,0.08559800,0.48400000
2018-02-23 11:16:09,0.08559800,0.51400000
2018-02-23 11:16:09,0.08559800,0.00200000
2018-02-23 11:16:09,0.08559800,0.58500000
2018-02-23 11:16:10,0.08559800,0.19800000
2018-02-23 11:16:10,0.08559000,0.58500000
2018-02-23 11:16:11,0.08559900,0.08200000
2018-02-23 11:16:11,0.08559900,0.02900000
2018-02-23 11:16:11,0.08559900,0.05300000
2018-02-23 11:16:11,0.08560000,1.74500000
2018-02-23 11:16:11,0.08560000,0.68500000
2018-02-23 11:16:12,0.08560000,0.77100000
2018-02-23 11:16:13,0.08559100,0.01800000
2018-02-23 11:16:16,0.08559200,0.00800000
2018-02-23 11:16:16,0.08560500,0.80300000
2018-02-23 11:16:17,0.08560500,0.24500000
2018-02-23 11:16:17,0.08560900,0.30400000
2018-02-23 11:16:17,0.08560900,0.07000000
2018-02-23 11:16:17,0.08560900,0.06900000
2018-02-23 11:16:17,0.08560900,0.14000000
2018-02-23 11:16:17,0.08560900,0.14100000
2018-02-23 11:16:19,0.08560900,0.08000000
2018-02-23 11:16:19,0.08560000,0.01800000
2018-02-23 11:16:19,0.08560000,5.41200000
2018-02-23 11:16:19,0.08559300,0.01400000
2018-02-23 11:16:19,0.08559300,1.06900000
2018-02-23 11:16:19,0.08559200,6.43000000
2018-02-23 11:16:19,0.08559200,1.31100000
2018-02-23 11:16:20,0.08560900,0.04800000
2018-02-23 11:16:20,0.08560900,0.05000000
2018-02-23 11:16:20,0.08560900,0.05800000
2018-02-23 11:16:20,0.08559100,1.75500000
2018-02-23 11:16:20,0.08559100,1.16800000
2018-02-23 11:16:21,0.08560900,0.10100000
2018-02-23 11:16:23,0.08560900,0.04600000
2018-02-23 11:16:23,0.08559100,0.03800000
2018-02-23 11:16:26,0.08559100,0.11700000
2018-02-23 11:16:27,0.08559100,0.18000000
2018-02-23 11:16:27,0.08560900,0.71600000
2018-02-23 11:16:27,0.08560900,0.17100000
2018-02-23 11:16:28,0.08560900,0.06400000
2018-02-23 11:16:28,0.08560900,0.24300000
2018-02-23 11:16:28,0.08560900,0.06500000
2018-02-23 11:16:28,0.08560900,0.19000000
2018-02-23 11:16:29,0.08560900,0.00800000
2018-02-23 11:16:29,0.08559200,0.24200000
2018-02-23 11:16:29,0.08560900,0.02700000
2018-02-23 11:16:29,0.08559200,0.14200000
2018-02-23 11:16:29,0.08559200,0.18000000
2018-02-23 11:16:30,0.08559300,0.00100000
2018-02-23 11:16:30,0.08559300,0.03500000
2018-02-23 11:16:30,0.08559300,0.05200000
2018-02-23 11:16:31,0.08559400,1.24000000
2018-02-23 11:16:32,0.08559400,0.12100000
2018-02-23 11:16:32,0.08559400,0.18000000
2018-02-23 11:16:32,0.08559400,0.05200000
2018-02-23 11:16:34,0.08559400,0.02000000
2018-02-23 11:16:34,0.08559400,0.02000000
2018-02-23 11:16:36,0.08559900,0.02900000
2018-02-23 11:16:36,0.08560900,0.50600000
2018-02-23 11:16:37,0.08560900,0.21700000
2018-02-23 11:16:38,0.08560900,0.30800000
2018-02-23 11:16:38,0.08560900,0.35200000
2018-02-23 11:16:39,0.08560900,0.17800000
2018-02-23 11:16:40,0.08559400,0.05200000
2018-02-23 11:16:42,0.08560900,0.27000000
2018-02-23 11:16:42,0.08559400,0.31500000
2018-02-23 11:16:42,0.08559400,0.31700000
2018-02-23 11:16:43,0.08559400,0.69000000
2018-02-23 11:16:44,0.08559500,3.70700000
2018-02-23 11:16:44,0.08560300,0.01300000
2018-02-23 11:16:44,0.08560300,0.00500000
2018-02-23 11:16:44,0.08559500,0.00800000
2018-02-23 11:16:44,0.08559500,0.01300000
2018-02-23 11:16:45,0.08559500,0.13200000
2018-02-23 11:16:45,0.08559500,0.28000000
2018-02-23 11:16:45,0.08559500,0.13200000
2018-02-23 11:16:45,0.08559500,0.15500000
2018-02-23 11:16:45,0.08559500,0.03100000
2018-02-23 11:16:45,0.08559500,0.03500000
2018-02-23 11:16:46,0.08559500,1.16800000
2018-02-23 11:16:46,0.08560000,0.03100000
2018-02-23 11:16:46,0.08560900,0.32000000
2018-02-23 11:16:47,0.08560000,0.08400000
2018-02-23 11:16:47,0.08560900,0.16300000
2018-02-23 11:16:48,0.08560000,0.55800000
2018-02-23 11:16:48,0.08560000,0.03500000
2018-02-23 11:16:48,0.08560000,0.02300000
2018-02-23 11:16:48,0.08560000,0.01400000
2018-02-23 11:16:49,0.08560000,0.05600000
2018-02-23 11:16:49,0.08560000,0.58500000
2018-02-23 11:16:49,0.08560000,0.13300000
2018-02-23 11:16:49,0.08560900,0.02700000
2018-02-23 11:16:49,0.08560000,0.04900000
2018-02-23 11:16:50,0.08560000,0.06700000
2018-02-23 11:16:50,0.08560000,0.18600000
2018-02-23 11:16:50,0.08560000,0.00800000
2018-02-23 11:16:50,0.08560000,0.01400000
2018-02-23 11:16:50,0.08560000,0.01300000
2018-02-23 11:16:51,0.08560000,0.58500000
2018-02-23 11:16:51,0.08560000,0.23700000
2018-02-23 11:16:51,0.08560000,0.07400000
2018-02-23 11:16:52,0.08560900,0.58100000
2018-02-23 11:16:52,0.08560000,0.01900000
2018-02-23 11:16:52,0.08560000,0.08500000
2018-02-23 11:16:52,0.08560900,1.16200000
2018-02-23 11:16:52,0.08560200,0.18600000
2018-02-23 11:16:53,0.08560900,0.74600000
2018-02-23 11:16:55,0.08560800,0.06200000
2018-02-23 11:16:55,0.08560900,0.51900000
2018-02-23 11:16:55,0.08560200,0.98200000
2018-02-23 11:16:55,0.08560000,0.00200000
2018-02-23 11:16:55,0.08560900,1.16200000
2018-02-23 11:16:55,0.08560000,0.45900000
2018-02-23 11:16:56,0.08560900,0.03900000
2018-02-23 11:16:56,0.08560000,0.08100000
2018-02-23 11:16:56,0.08560000,0.02800000
2018-02-23 11:16:57,0.08560100,0.04700000
2018-02-23 11:16:57,0.08560100,0.04700000
2018-02-23 11:16:57,0.08560100,0.01800000
2018-02-23 11:16:58,0.08560900,0.58100000
2018-02-23 11:16:58,0.08560900,1.16200000
2018-02-23 11:16:58,0.08560900,0.02100000
2018-02-23 11:17:01,0.08560100,0.03500000
2018-02-23 11:17:01,0.08560100,0.74600000
2018-02-23 11:17:01,0.08560900,0.40400000
2018-02-23 11:17:01,0.08561000,0.11700000
2018-02-23 11:17:01,0.08561500,0.06000000
2018-02-23 11:17:02,0.08561000,0.55100000
2018-02-23 11:17:04,0.08561000,0.14700000
2018-02-23 11:17:04,0.08561500,0.43400000
2018-02-23 11:17:04,0.08560100,0.01100000
2018-02-23 11:17:04,0.08561500,0.01800000
2018-02-23 11:17:04,0.08561000,0.00100000
2018-02-23 11:17:05,0.08561000,0.10300000
2018-02-23 11:17:05,0.08560100,0.64300000
2018-02-23 11:17:06,0.08561000,0.05100000
2018-02-23 11:17:07,0.08561000,0.01500000
2018-02-23 11:17:07,0.08561000,0.12300000
2018-02-23 11:17:08,0.08561100,0.08600000
2018-02-23 11:17:08,0.08561000,0.07300000
